4999 6179
1327 1591 1336 1598 ⁰
1381 1645 1770 1716 IoANms
1816 1646 2210 1714 cALvm
2250 1589 2777 1716 0008101011
2817 1597 2937 1713 'mi
2982 1633 3533 1752 cONcLufflo'.

614 1843 774 1938 [pag.-
808 1842 953 1918 112]
984 1836 1318 1920 Quoniam
1361 1838 1521 1904 satis
1566 1838 2050 1903 demonstrasse
2093 1837 2258 1902 mihi
2302 1837 2402 1904 vi-
2509 1842 2734 1901 mento
2798 1834 3281 1921 superstitionis
3296 1887 3314 1916 ,
3370 1857 3508 1920 ,quo
3574 1836 3939 1921 minuatur,
4008 1848 4126 1908 aut
4184 1813 4507 1909 violetur'

305 1959 316 1968 ·
443 1924 600 1990 deor
636 1923 977 1992 christiani
1018 1923 1307 1989 hominis
1328 1924 1616 1989 officium
1637 1944 1774 1988 non
1817 1923 2053 2002 facere,
2098 1923 2212 2007 qui
2255 1922 2406 1988 001-

441 2010 576 2076 lam
636 2008 789 2075 fidei
849 2030 1006 2075 suae
1063 2011 1530 2094 confessionem
1587 2008 1725 2074 edit
1775 2014 1919 2074 tota
1968 2010 2137 2090 vita,
2195 2008 2407 2074 multo

442 2117 600 2162 vero
643 2097 882 2175 minue,
927 2096 1040 2179 qui
1073 2095 1479 2162 idololatriae
1522 2095 1942 2161 simulatione
1976 2117 2046 2160 se
2090 2095 2407 2161 contami-

443 2188 591 2250 nat:
657 2188 864 2247 totam
920 2182 1105 2248 illam
1171 2181 1682 2267 disputationem
1746 2180 1856 2247 hie
1922 2182 2169 2246 omitto.
2260 2180 2408 2247 Hoc

441 2269 647 2352 igitur
707 2269 1064 2334 constituto
1141 2268 1508 2352 quaeritur,
1588 2264 1912 2350 numquid
1990 2266 2241 2332 homini
2297 2268 2407 2350 pio

442 2352 866 2439 migrandum
911 2355 999 2420 sit
1050 2355 1272 2436 potius
1317 2375 1355 2419 e
1399 2357 1640 2438 patria,
1697 2360 1766 2419 et
1817 2352 2246 2436 relinquenda
2290 2374 2410 2418 sua

423 2440 725 2520 Ι11000110,
781 2460 982 2522 quam
1037 2447 1116 2505 ut
1153 2441 1378 2507 missis
1416 2439 1710 2517 intersit,
1768 2447 2177 2505 mortuorum
2219 2459 2409 2504 exse-

443 2526 630 2625 00108
673 2525 1088 2609 papistarum
1120 2546 1304 2598 more
1347 2526 1646 2604 celebret,
1693 2546 1770 2591 ac
1811 2533 2087 2609 usurpet
2129 2526 2409 2591 usitatas

445 2633 518 2680 10
562 2621 803 2696 papatu
857 2613 1331 2693 caeremonias,
1389 2633 1540 2680 cum
1593 2609 1793 2678 verbo
1832 2611 1966 2676 Dei
2018 2619 2428 2695 pugnantes.-

444 2696 870 2781 Respondeo:
915 2697 1068 2763 Non
1112 2697 1303 2763 modo
1348 2697 1759 2781 spiritualem
1802 2696 1931 2762 Dei
1975 2697 2244 2775 cultum,
2292 2697 2407 2763 sed

446 2790 789 2849 externam
834 2804 1092 2867 quoque
1135 2784 1276 2849 eius
1319 2784 1807 2867 professionem,
1848 2789 1984 2867 ’000
2024 2782 2157 2849 Dei
2199 2782 2410 2868 gloria

448 2869 853 2949 continetur,
912 2870 1194 2952 patriae,
1237 2870 1555 2955 cognatis,
1602 2869 1782 2942 vitae
1828 2868 2111 2968 denique
2152 2870 2445 2970 praete-⁶

445 2954 724 3020 rendam
781 2974 942 3021 0880.
1032 2954 1352 3034 Proinde,
1409 2956 1783 3040 quicunque
1840 2956 1913 3019 in
1966 2956 2049 3021 118
2092 2955 2250 3022 10018
2295 2953 2407 3020 (10-

257 3073 268 3084 ·
379 3116 386 3125 ·
447 3048 642 3127 gunt,
693 3039 811 3113 ubi
853 3041 999 3107 Deo
1052 3047 1386 3124 praestare
1443 3048 1779 3126 nequeunt
1834 3061 2000 3124 quae
2043 3042 2408 3109 necessario

448 3124 810 3213 exiguntur
832 3125 913 3193 ab
960 3126 1265 3193 omnibus
1301 3126 1716 3204 Christianis,
1764 3127 1977 3209 sciant
2011 3149 2145 3193 non
2189 3129 2408 3199 minus

450 3214 575 3281 sibi
633 3235 834 3298 quam
887 3213 1273 3279 Abrahamo
1332 3213 1456 3279 hoc
1511 3213 1799 3298 praecipi
1816 3233 1844 3277 :·
1890 3214 2026 3281 Exi
2082 3212 2163 3279 de
2231 3222 2411 3279 terra

451 3306 566 3366 tua
621 3306 714 3366 et.
744 3298 826 3364 de
883 3301 1269 3385 cognatione
1324 3307 1441 3366 tua
1492 3299 1695 3385 (Gen.
1756 3303 1851 3379 12,
1909 3304 2001 3364 }.:
2062 3300 2187 3365 nisi
2243 3301 2409 3367 forte

450 3407 530 3451 ea
593 3385 801 3452 animi
865 3385 1116 3452 virtute
1177 3393 1246 3452 et
1308 3385 1692 3452 fortitudine
1757 3406 1915 3468 prae
1968 3386 2040 3450 ‘ti
2105 3386 2266 3467 sint,
2336 3393 2413 3451 ut

393 3525 405 3531 -
449 3477 733 3538 mortem
773 3470 955 3537 obire
998 3494 1133 3539 non
1171 3470 1490 3553 dubitent,
1536 3472 1788 3555 quoties
1831 3492 1994 3556 opus
2036 3473 2250 3552 fixerit,
2297 3493 2410 3556 po-

451 3559 584 3624 tius
644 3564 791 3638 [pag.
843 3564 991 3639 113]
1037 3579 1234 3643 quam
1272 3565 1350 3623 ut
1390 3558 1463 3623 in
1506 3557 1852 3624 hominum
1895 3558 2180 3641 gratiam
2223 3557 2411 3643 quid-

452 3665 649 3727 quam
692 3663 735 3713 a
775 3665 896 3710 sua
937 3644 1337 3727 professione
1380 3645 1668 3710 alienum
1712 3643 2079 3729 designent.

628 3728 764 3796 Sed
787 3800 796 3809 ‚
820 3728 1152 3811 obiicitur,
1209 3731 1621 3797 vocationem
1670 3730 2034 3815 legitimam
2049 3782 2066 3810 ,
2126 3750 2328 3814 quum
2372 3750 2413 3794 a

451 3816 601 3881 Deo
663 3817 778 3895 sit,
838 3834 971 3880 non
1009 3820 1274 3882 ‘temere
1340 3817 1475 3882 ulla
1540 3814 1621 3881 de
1685 3836 1882 3883 causa
1947 3815 2414 3901 negligendam

451 3921 626 3969 esse:
682 3908 928 3985 sponte.
961 3923 1128 3968 vero·
1166 3901 1378 3968 deseri
1423 3902 1608 3968 nullo
1649 3901 1842 3968 modo
1877 3912 2193 3985 oportere.
2278 3901 2414 3967 Re-

452 3986 762 4072 sponde0,
807 3988 1244 4055 christianum
1277 3987 1613 4055 hominem
1638 4008 1799 4055 suae
1821 3989 2148 4057 vocationi
2179 3987 2413 4073 alliga-

453 4081 598 4139 tum
642 4094 813 4154 esse,
862 4072 1188 4140 duntaxat
1230 4096 1435 4160 usque
1482 4073 1564 4139 ad
1609 4095 1808 4140 aras·
1863 4073 2118 4156 Quare,
2160 4075 2287 4140 nisi
2329 4073 2413 4137 li-

455 4165 599 4228 0001
634 4160 778 4225 Deo
819 4159 1097 4226 reddere
1140 4159 1313 4244 quod
1344 4183 1539 4227 suum
1582 4167 1700 4241 est,
1736 4158 1904 4225 nihil
1945 4164 2051 4226 est
2092 4160 2265 4243 quod
2299 4181 2412 4226 10-

455 4247 668 4312 tinere
710 4266 832 4315 nos
888 4245 1121 4313 debeat
1171 4247 1282 4312 vel
1335 4247 1561 4332 possit.
1653 4247 1794 4311 Aut
1856 4246 2033 4311 enim
2077 4247 2263 4312 Deus
2307 4267 2413 4310 re-

455 4332 732 4484 }picitur
776 4331 849 4396 in
902 4333 1266 4412 vocatione,
1305 4340 1429 4399 aut
1455 4332 1624 4398 alius
1678 4333 2051 4416 propositus
2097 4340 2197 4398 est
2233 4333 2411 4397 finis.

2509 1920 2643 1987 Dei
2685 1921 2931 1989 001108..
3004 1921 3100 1986 Et
3133 1922 3191 1985 si
3231 1921 3448 2004 faciat,
3494 1944 3631 1989 non
3672 1945 3864 2009 posse
3907 1929 4225 1996 excusari.
4466 1973 4479 1984 ·

2686 2013 2834 2087 [pag.
2886 2021 2912 2072 1
2928 2011 3033 2090 14]
3069 2007 3282 2072 Porro
3317 2028 3518 2091 quum
3558 2011 3629 2075 in
3674 2030 3753 2076 00
3796 2032 4039 2096 genere
4074 2015 4473 2082 constituam

2511 2093 2764 2172 missas,
2806 2098 3217 2159 mortuorum
3251 2095 3613 2178 exsequias,
3647 2097 3873 2179 quales
3908 2106 4064 2164 sunt
4099 2101 4171 2164 in
4204 2107 4472 2184 papatu,

2509 2200 2740 2264 preces
2787 2199 3014 2245 omnes
3057 2178 3365 2245 solennes
3379 2231 3395 2259 ,
3452 2180 3567 2247 ubi
3611 2182 3822 2247 sancti
3870 2186 4115 2266 mortui
4157 2186 4473 2264 invocan-

2513 2273 2655 2331 tur:
2700 2267 2814 2348 qui
2854 2285 2962 2330 me
2985 2263 3227 2344 audiet,
3284 2287 3627 2350 nunquam
3650 2266 3774 2333 81111
3817 2271 4156 2352 permittet
4197 2272 4471 2338 missam

2513 2351 2769 2430 audire,
2841 2360 2961 2416 aut
3011 2350 3158 2415 aliis
3213 2351 3537 2418 eiusmodi
3600 2353 4068 2437 pollutionibus
4121 2357 4437 2424 interesse
4454 2378 4491 2421 ε.

2512 2458 2727 2521 00000
2772 2436 2896 2515 81111
2943 2435 3333 2516 blandietur,
3379 2438 3567 2521 quasi
3612 2439 3985 2528 1100110001.
4078 2516 4089 2526 ³
4300 2483 4311 2492 -

2685 2522 2866 2604 Quid
2925 2523 2982 2588 si
3026 2529 3251 2588 autem
3308 2524 3380 2588 in
3426 2545 3771 2591 commune
3828 2526 4074 2592 bonum
4119 2535 4187 2592 et
4228 2527 4472 2593 multo-

2512 2631 2664 2676 rum
2697 2609 3226 2700 'aedificationem
3268 2610 3484 2695 magis
3528 2610 3868 2694 expediat,
3914 2613 4289 2696 quempiam
4330 2634 4472 2678 mo-

2515 2695 2688 2777 dica,
2745 2703 2815 2761 et
2856 2694 3066 2777 quoad
3110 2695 3182 2759 in
3225 2715 3296 2760 80
3340 2696 3468 2760 0111
3509 2697 3728 2762 sobria
3769 2697 4187 2780 simulatione
4230 2699 4474 2768 multas

2514 2781 2831 2847 utilitates
2875 2780 3241 2854 redimere?
3314 2781 3729 2864 RespondeO,
3770 2782 3943 2848 nihil
3986 2785 4265 2864 istorum
4308 2805 4470 2865 esse,

2513 2867 2688 2951 quod
2722 2888 2951 2934 veram
2994 2877 3060 2931 et
3105 2867 3538 2934 necessariam
3580 2868 3795 2935 cultus
3832 2868 3962 2935 Dei
4004 2870 4477 2954 professionem

2514 2962 2581 3021 et
2657 2954 2994 3038 religionis
3068 2953 3523 3022 testimonium
3597 2955 4091 3038 praeponderet.
4191 2956 4471 3036 Deinde,

2514 3060 2647 3106 non
2701 3060 2844 3111 0880
2887 3045 3184 3106 nostrum
3226 3041 3616 3121 aestimare,
3660 3039 3815 3124 quid
3868 3041 4169 3111 futurum
4211 3043 4300 3108 sit
4343 3043 4473 3111 uti-

2513 3127 2669 3192 lius:
2742 3127 2856 3193 sed
2922 3125 3049 3191 ho'c
3113 3132 3373 3191 tantum
3414 3122 3750 3210 relinqui,
3815 3134 3891 3197 ut
3957 3149 4232 3213 agamus
4299 3129 4473 3212 quod

2514 3212 2903 3297 praescribit
2953 3208 3305 3277 Dominus.
3393 3208 3527 3278 Dei
3579 3212 3757 3278 enim
3825 3212 4028 3283 solius
4084 3221 4187 3281 est
4235 3214 4473 3299 guber-

2514 3320 2677 3364 nare
2721 3307 3014 3365 eventus.
3102 3298 3468 3378 Postremo,
3512 3299 3715 3363 nullis
3757 3299 4265 3367 circumstantiis
4308 3300 4475 3366 illud

2515 3386 2759 3451 mutari
2774 3436 2788 3461 ,
2846 3383 3009 3467 quin
3055 3382 3409 3449 debeamus
3468 3406 3589 3451 nos
3632 3384 3868 3468 spiritu
3913 3393 3981 3452 et
4023 3405 4296 3471 corpore
4334 3407 4472 3453 801·-

2514 3492 2673 3538 vare
2718 3468 2863 3536 Deo
2906 3468 3301 3553 impollutos.
3956 3486 3973 3501 ·
4332 3506 4339 3513 ·

2689 3552 2869 3638 Quid
2911 3557 2971 3621 si
3022 3576 3227 3640 grave
3270 3562 3339 3625 et
3385 3556 3656 3621 noxium
3702 3556 4171 3625 offendiculum
4213 3580 4298 3623 ex
4322 3557 4474 3625 ‚dis-
4516 3574 4533 3583 ·

2517 3664 2706 3711 cessu
2749 3642 3043 3708 oriatur?
3089 3650 3485 3725 provocetur
3525 3642 3878 3726 impiorum
3922 3643 4240 3713 saevitia?
4286 3645 4475 3710 infir-

2517 3730 2645 3796 mis
2709 3726 3083 3794 labascendi
3143 3728 3335 3815 detur
3402 3728 3655 3795 occasio
3669 3728 3700 3790 ‘?
3787 3729 4186 3813 Respondeo
4205 3781 4220 3807 ‚
4285 3729 4475 3797 nobis

2517 3815 2642 3881 hoc
2699 3822 2915 3880 totum
2968 3813 3293 3881 incertum
3349 3835 3509 3880 esse.
3598 3814 3770 3880 Nam
3816 3817 4147 3883 Dominus
4201 3816 4299 3880 ita
4336 3838 4479 3883 mo-

2518 3898 2734 3967 derari
2779 3901 3040 3984 poterit,
3086 3908 3162 3965 ut
3203 3898 3443 3968 cedant
3495 3902 3717 3966 omnia
3760 3901 3830 3966 in
3875 3902 4295 3967 contrarium.
4383 3903 4477 3967 Et

2517 3995 2694 4055 certe
2735 4008 2868 4052 non
2925 3994 3064 4051 tam
3108 3986 3263 4052 inde
3316 3984 3675 4071 quidquam
3712 3985 3887 4063 ¹mali
3943 3988 4308 4054 timendum
4353 3994 4471 4067 est,

2515 4095 2715 4159 quam
2767 4072 3048 4138 multum
3110 4078 3257 4152 [pag.
3310 4072 3457 4151 115]
3525 4072 3681 4138 boni
3735 4074 4151 4157 sperandum.
4241 4073 4473 4156 Quan-

2514 4168 2842 4243 tacunque
2884 4160 3062 4225 enim
3105 4159 3398 4227 amentia
3438 4160 3766 4225 excaecati
3800 4160 3934 4226 sint
3975 4160 4179 4243 impii,
4224 4160 4349 4225 hoc
4390 4158 4477 4226 ad

2517 4243 2999 4311 vulnerandam
3053 4264 3282 4310 eorum
3341 4245 3810 4310 conscientiam
3864 4256 4000 4311 1100
4054 4246 4199 4313 leve
4254 4256 4475 4315 caute-

2518 4334 2695 4398 rium
2729 4333 2871 4411 erit,
2918 4330 3143 4407 videre
3174 4331 3288 4413 qui
3318 4330 3619 4414 patriam,
3666 4332 4142 4416 cognationem,
4189 4339 4255 4396 et
4286 4330 4485 4416 quid--

519 4418 605 4483 isi
646 4419 861 4501 prima
892 4416 1179 4484 habetur
1212 4418 1459 4504 gloriae
1492 4419 1625 4486 Dei
1655 4419 1842 4497 ratio,
1887 4419 2138 4484 frustra
2173 4437 2415 4484 nomen
2463 4396 2469 4529 1
2519 4417 2677 4503 quid
2720 4416 3097 4484 hominibus
3142 4415 3332 4482 dulce
3376 4438 3523 4491 0880,
3564 4416 3759 4496 80101,
3802 4418 4174 4501 relinquere
4216 4419 4485 4519 malint,

455 4505 583 4570 hoc
628 4503 713 4569 ad
756 4503 1249 4571 excusationem
1283 4505 1676 4572 obtenditur.
1745 4502 1822 4570 Si
1866 4505 2157 4588 primum
2197 4504 2416 4570 locum

455 4591 728 4670 obtinet,
774 4597 850 4656 ut
891 4611 1013 4673 par
1055 4600 1172 4670 est,
1220 4599 1493 4657 eatenus
1536 4614 1657 4659 008
1701 4590 2028 4657 vocationi
2069 4589 2417 4657 adstrictos

249 4740 262 4747 .
336 4681 340 4685 ’
455 4676 956 4742 meminerimus
971 4728 985 4753 ,
1079 4699 1167 4755 00
1235 4698 1275 4742 0
1345 4697 1536 4744 vero·
1574 4678 1959 4761 sinceroque
2025 4675 2157 4741 Dei
2235 4676 2417 4743 cultu

355 4844 362 4851 ·
456 4783 576 4829 nos
610 4759 947 4846 impediat.
1037 4762 1357 4846 Denique,
1399 4763 1574 4829 sicut
1615 4765 1795 4847 prior
1838 4762 2063 4829 tabula
2099 4762 2266 4847 legis
2312 4783 2416 4827 or-

2467 4750 2473 4867 1
2522 4762 2658 4827 1108
2712 4760 2976 4828 accedet
3026 4760 3541 4827 confirmationis
3583 4762 3893 4841 materia,

2521 4525 2717 4589 quam
2769 4526 2841 4570 se
2895 4502 3263 4569 idololatria
3400 4503 3623 4568 lluere.
3712 4503 3932 4569 Tanta
3974 4505 4175 4587 animi
4218 4524 4478 4590 magm-

2519 4590 2680 4656 tudo
2722 4590 2874 4673 plus
2914 4587 2997 4654 ad
3025 4589 3301 4673 frangen
3350 4611 3457 4654 am
3502 4610 3728 4655 eorum
3774 4584 4256 4655 contumaciam
4303 4590 4481 4657 vale-

2520 4678 2636 4756 bit,
2682 4697 2882 4760 quam
2922 4674 3007 4741 ad
3040 4675 3328 4740 furorem
3373 4675 3937 4743 inflammandum.
4026 4674 4320 4743 Infirmis
4364 4698 4481 4760 po-

3951 4782 4151 4844 quam
4193 4770 4267 4827 ut
4319 4765 4481 4829 titu-

458 4848 614 4914 dine
658 4845 1015 4915 secundam
1059 4848 1409 4931 praecedit,
1455 4849 1553 4914 ita
1596 4850 1818 4914 omnia
1860 4848 2185 4915 secundae
2224 4847 2418 4914 tabu-
2469 4878 2473 4917 s
2524 4847 2682 4914 bare
2737 4854 3088 4939 propterea
3144 4854 3263 4941 aut
3331 4846 3646 4914 vacillare
3717 4846 4013 4912 debeant.
4106 4846 4365 4914 Verum
4399 4856 4478 4915 ut

458 4934 564 5000 lae
607 4934 839 5013 officia,
887 4933 970 4999 ad
1005 4934 1205 5014 illam,
1254 4941 1571 5019 tanquam
1614 4934 1698 5000 ad
1731 4956 2050 5016 normam,
2096 4933 2421 5020 exigenda

462 5027 636 5087 sunt.
710 5018 989 5086 Summa
1016 5026 1260 5101 ,autem
1302 5022 1540 5106 prioris
1582 5020 1844 5087 tabulae
1889 5028 2008 5102 est,
2055 5028 2132 5087 ut
2174 5042 2422 5105 purum

421 5146 432 5165 .
461 5104 594 5257 Pei
609 5105 892 5185 cultum,
937 5128 1172 5190 puram
1207 5107 1654 5174 adorationem
1689 5113 1756 5172 et
1788 5107 2274 5181 invocationem
2317 5129 2421 5173 10-

492 5213 811 5259 10001008.

2525 4942 2704 5001 00110
2749 4934 3167 5001 haecomnia
3209 4933 3505 5017 pericula
3534 4933 3947 5013 immineant,
3984 4934 4277 4999 officium
4301 4955 4473 5000 sem-

2524 5034 2645 5105 per
2689 5014 2991 5087 nostruin
3034 5027 3152 5100 est,
3199 5020 3384 5103 sequi
3425 5019 3668 5103 absque
3696 5018 4146 5087 controversia
4193 5026 4259 5084 et
4304 5019 4478 5084 α’ναν-

2525 5106 2836 5195 τιρῤἦτως,
2879 5128 3003 5191 quo
3032 5107 3360 5172 Dominus
3394 5112 3612 5183 ‚vocat,
3657 5111 3934 5170 eventus
3977 5104 4197 5170 autem
4242 5126 4477 5192 regen-

2524 5193 2641 5260 dos
2684 5192 2783 5261 illi
2824 5192 3301 5259 commendare.
3389 5191 3682 5256 Tantum
3702 5189 3954 5256 'sedulo
3997 5210 4361 5274 precemur,
4407 5202 4515 5273 ut,

637 5277 984 5343 Constitue
1025 5277 1251 5362 igitur,
1295 5278 1463 5343 nihil
1501 5278 1674 5344 tanti
1717 5298 1877 5356 0880,
1926 5282 2001 5343 ut
2043 5280 2183 5345 eius
2227 5298 2425 5345 causa
2471 5246 2476 5351 1
2524 5280 2597 5347 10
2639 5278 2887 5347 1100001
2928 5299 3038 5344 008
3081 5280 3283 5343 finem
3326 5272 3583 5362 dirigat.

455 5362 699 5430 ‚debeat
740 5363 936 5428 homo
991 5363 1388 5432 christianus
1433 5386 1503 5432 se
1545 5365 1894 5473 profanare
1940 5364 2078 5431 ullo
2118 5365 2422 5450 inquina-
2471 5362 2476 5440 Ι

2704 5365 3066 5448 Quaeritur
3098 5365 3179 5430 de
3218 5364 3299 5431 iis
3324 5364 3440 5447 qui
3481 5364 3755 5431 miseros
3798 5346 4036 5461 {fratres
4083 5383 4201 5448 pro
4225 5362 4488 5432 Christi

3968 5466 4087 5521 40⁴¹.
