4999 6179
39 0 482 8 .v——--—r--——---—⁷--
552 0 655 3 ff—effffff
698 0 709 3 ἡ
754 0 803 3 ἡ-
866 0 881 1 Π
958 0 979 1 j.
1042 0 1059 1 η

203 15 212 24 *
389 15 430 28 -n

14 0 26 166 ἶ
413 35 422 42 =

205 57 226 70 ·

837 320 842 330 ι

5 537 8 550 l

488 445 616 508 489
1836 444 2564 514 REFORMANDAE
2607 446 3155 518 ECCLESIAE.

491 632 721 701 sumit.
811 632 1114 699 Immane
1169 639 1492 717 quantum
1547 635 1709 701 haee
1761 636 1939 701 inter
1992 656 2063 702 se
2117 633 2452 702 differunt.

490 716 847 785 Praeterea
886 719 1105 786 calicis
1141 742 1334 787 usum
1361 720 1768 786 reddidimus
1801 721 2064 805 populo,
2101 725 2213 805 qui
2250 744 2452 806 quum

490 802 588 868 illi
632 825 673 869 a
731 805 1019 871 Domino
1073 827 1210 871 non
1264 804 1458 872 modo
1513 809 1904 891 permissus,
1961 807 2075 874 sed
2120 830 2452 874 commen-

489 887 685 956 datus
715 892 906 969 foret,
953 912 1096 962 non
1123 892 1251 957 alio
1288 914 1446 959 sane
1481 900 1708 959 autore
1749 915 1949 977 quam
1985 893 2238 960 Satana
2273 895 2453 961 abla-

375 1004 386 1021 ·
489 981 599 1075 tus
642 977 784 1042 fuit.
856 978 965 1042 Ex
1001 980 1428 1045 caeremoniis
1474 979 1718 1045 multas
1776 979 2251 1046 abdicavimus:
2299 1002 2450 1063 par-

489 1069 612 1127 tlm
653 1066 807 1147 quia
844 1063 1200 1129 multitudo
1244 1072 1506 1147 praeter
1546 1065 1814 1130 modum
1851 1076 2255 1145 excreverat,
2300 1088 2451 1149 par-

489 1148 608 1214 tim
663 1152 816 1233 quia
873 1149 1043 1215 aliae
1108 1149 1504 1218 iudaismum
1562 1153 1762 1217 nimis
1800 1150 2216 1230 redolebant,
2263 1152 2449 1233 aliae,

488 1235 570 1300 ab
613 1235 940 1320 imperitis
982 1236 1363 1302 hominibus
1397 1238 1728 1316 inventae,
1775 1238 1947 1302 tanti
1970 1238 2268 1324 mysterii
2298 1260 2449 1323 gra—

485 1321 684 1386 vitati
718 1343 951 1405 parum
986 1322 1448 1406 congruebant.
1503 1323 1759 1388 Verum
1798 1322 2029 1388 demu's
2065 1323 2234 1389 nihil
2272 1324 2449 1391 aliud

483 1407 687 1474 fuisse
739 1408 895 1473 mali
917 1459 931 1485 ,
990 1410 1121 1474 nisi
1164 1409 1335 1491 quod
1380 1418 1625 1475 temere
1669 1408 2123 1491 obrepserant:
2182 1431 2271 1475 an
2315 1433 2450 1477 non

483 1493 612 1558 fuit
655 1494 818 1559 satis
853 1493 1092 1559 idonea
1128 1516 1327 1560 causa
1359 1517 1480 1561 cur
1514 1495 1920 1574 tollerentur,
1967 1517 2172 1579 quum
2205 1497 2448 1582 vulgus

485 1578 833 1645 hominum
877 1582 951 1645 in
995 1581 1129 1646 illis
1167 1580 1625 1664 obstupescere
1670 1581 2135 1648 cerneremus?

659 1666 766 1731 Ad
803 1667 1556 1733 transsubstantiationis
1587 1676 2050 1746 commentum,
2092 1667 2175 1733 ad
2196 1689 2448 1736 morem

482 1752 644 1817 item
684 1752 1098 1818 custodiendi
1132 1762 1200 1817 et
1232 1754 1535 1836 gestandi
1574 1754 1764 1837 panis
1801 1752 2268 1834 damnandum,
2305 1775 2446 1820 ma-

482 1837 584 1903 ior
626 1859 749 1904 nos
794 1838 1062 1922 impulit
1102 1840 1477 1905 necessitas.
1566 1839 1871 1905 Primum
1922 1851 2256 1924 repugnat
2297 1845 2446 1922 [pag.

485 1929 596 2004 60]
641 1926 888 2007 apertis
924 1924 1178 1991 Christi
1225 1926 1470 1991 verbis:
1518 1924 1754 1990 deinde
1800 1947 1839 1990 a
1873 1936 2194 2008 perpetua
2228 1947 2444 1992 sacra-

481 2017 858 2076 mentorum
896 2009 1209 2076 abhorret
1249 2012 1527 2076 ratione.
1597 2010 1828 2095 Neque
1864 2013 2042 2076 enim
2079 2033 2445 2078 sacramen-

481 2103 624 2161 tum
689 2105 819 2172 est,
878 2097 990 2162 ubi
1056 2117 1190 2161 nou
1257 2097 1659 2180 conspicitur
1728 2097 1987 2164 visibile
2050 2098 2442 2184 symbolum,

481 2182 655 2267 quod
690 2182 1189 2248 similitudinem
1220 2182 1459 2248 habeat
1494 2204 1646 2250 cum
1679 2183 2009 2266 spirituali
2043 2204 2240 2265 quam
2274 2185 2444 2268 figu-

480 2276 588 2333 rat
641 2269 938 2334 veritate.
1041 2269 1134 2333 Et
1186 2267 1267 2334 de
1333 2289 1538 2335 coena
1580 2269 1833 2335 clarum
1878 2278 2009 2348 est,
2068 2269 2238 2353 quod
2286 2271 2445 2336 dicit

480 2354 761 2421 Paulus:
843 2355 982 2420 Nos
1041 2376 1248 2420 unum
1307 2377 1451 2421 esse
1515 2376 1757 2438 panem
1815 2364 1883 2419 et
1936 2377 2146 2420 unum
2202 2377 2441 2441 eorpus

481 2446 739 2519 emhes,
803 2443 916 2524 qui
971 2441 1168 2506 unius
1228 2441 1419 2524 panis
1471 2441 1829 2524 participes
1886 2463 2115 2507 sumus
2177 2447 2238 2524 (l
2286 2444 2437 2509 Cor.

485 2532 584 2606 10,
631 2526 755 2611 17).
856 2526 981 2592 Ubi
1022 2525 1331 2610 analogia
1376 2535 1493 2592 aut
1535 2525 1896 2593 similitudo
1941 2528 2117 2611 signi
2161 2527 2441 2595 visibilis

477 2613 550 2679 in
594 2634 822 2692 coena,
870 2632 1037 2695 quae
1077 2613 1333 2695 corpori
1376 2620 1442 2677 et
1497 2614 1806 2697 sanguini
1852 2614 2123 2678 Domini
2169 2635 2439 2698 respon-

479 2698 647 2777 deat,
694 2700 751 2765 si
793 2699 985 2782 panis
1029 2720 1161 2763 non
1208 2706 1327 2777 est,
1372 2721 1499 2781 quo
1543 2701 1888 2778 vescimur,
1934 2721 2150 2783 neque
2185 2701 2437 2778 vinum,

478 2785 654 2870 quod
697 2785 832 2851 illie
879 2785 1154 2863 bibitur,
1214 2785 1329 2851 sed
1384 2787 1580 2851 inane
1622 2783 1814 2850 modo
1857 2795 2219 2869 spectrum,
2265 2787 2441 2869 quod

359 2881 368 2888 '
476 2872 700 2937 oculos
757 2869 991 2936 ludat?
1083 2870 1315 2950 Adde,
1381 2871 1553 2955 quod
1608 2871 2186 2938 huic-commento
2240 2873 2438 2940 simul

477 2958 786 3023 continuo
832 2957 1149 3023 adhaeret
1194 2957 1481 3024 deterior
1525 2958 1938 3041 superstitiO,
2007 2965 2087 3023 ut
2127 2958 2200 3022 in
2243 2980 2436 3043 pane,

474 3051 796 3128 tanquam
851 3043 922 3108 in
969 3042 1146 3123 Dee,
1211 3042 1532 3109 haereant
1574 3045 1902 3123 homines,
1959 3044 2277 3129 illumque
2318 3067 2437 3129 pro

475 3131 622 3198 Deo
667 3131 963 3209 adorent,
1010 3131 1293 3214 qualiter
1334 3129 1634 3196 videmus
1679 3132 1877 3196 fuisse
1911 3132 2177 3196 factum.
2263 3132 2437 3197 Nam

476 3238 682 3301 quum
728 3217 1128 3283 adminiculo
1165 3216 1433 3282 deberet
1471 3239 1613 3283 esse
1649 3224 2152 3296 sacramentum,
2192 3216 2275 3283 ad
2310 3219 2437 3283 eri-

474 3304 728 3388 gendas
774 3305 843 3367 in
890 3303 1145 3368 coelum
1199 3303 1343 3387 pias
1395 3310 1683 3381 mentes,
1752 3324 2018 3386 prorsus
2061 3305 2133 3368 in
2175 3312 2436 3369 contra-

474 3392 651 3455 rium
694 3393 894 3456 finem
942 3389 1146 3456 sacris
1191 3410 1432 3456 coenae
1468 3389 1786 3475 symbolis
1823 3389 2068 3454 abusus
2105 3398 2209 3455 est
2242 3412 2433 3455 mun-

475 3476 632 3556 dus,
689 3486 765 3542 ut
815 3475 1064 3543 scilieet
1107 3475 1373 3541 illorum
1419 3486 1690 3561 aspectu
1733 3476 2041 3559 cultuque
2085 3484 2436 3543 contentus

474 3570 767 3629 mentem
812 3560 894 3628 ad
939 3562 1284 3628 Christum
1326 3583 1537 3647 usque
1582 3585 1716 3628 nen
1753 3562 2100 3628 attolleret.
2171 3562 2438 3628 Gestari

473 3670 638 3716 vero
692 3670 928 3733 panem
986 3650 1052 3713 in
1100 3669 1370 3731 pompa,
1427 3657 1544 3714 aut
1586 3649 1860 3714 editiore
1904 3648 2042 3713 loco
2084 3650 2316 3731 reponi
2358 3657 2437 3713 ut
2484 3710 2488 3735 ,

2485 3742 2488 3795 3
2539 3734 2820 3814 tolicam,
2866 3742 3010 3798 tum
3052 3733 3136 3799 ad
3180 3735 3421 3801 veteris
3464 3734 3771 3800 ecclesiae
3816 3734 4378 3799 consuetudinem:
4428 3742 4503 3800 ut

477 3737 816 3814 adoretur,
876 3735 1075 3801 nimis
1132 3735 1350 3800 aliena
1403 3743 1504 3800 est
1563 3736 1645 3801 ab
1710 3734 2128 3800 institutione
2183 3734 2434 3800 Christi

475 3822 864 3907 corruptela.
953 3822 1251 3905 Porrigit
1294 3821 1473 3886 enim
1516 3820 1707 3888 nobis
1744 3822 1815 3886 in
1860 3841 2064 3886 coena
2105 3821 2434 3887 Dominus

473 3931 710 3993 corpus
754 3916 823 3974 et
864 3909 1259 3992 sanguinem
1284 3928 1505 3973 suum:
1552 3905 1668 3973 sed
1711 3914 1789 3972 ut
1824 3907 2098 3974 edamus
2142 3914 2211 3972 et
2252 3906 2434 3972 biba-

472 4016 641 4065 mus.
713 3996 950 4079 Itaque
991 3993 1374 4059 mandatum
1407 3994 1623 4077 priore
1663 3994 1806 4060 loco
1840 3994 2044 4076 ponit,
2089 4014 2221 4077 quo
2255 3994 2438 4060 iubet

476 4082 804 4166 accipere,
849 4080 1269 4159 manducare,
1311 4080 1567 4146 bibere:
1614 4080 1770 4145 huic
1813 4078 2049 4144 deinde
2093 4079 2437 4165 subiungit

474 4175 543 4234 et
608 4168 905 4234 annectit
963 4166 1492 4250 promissionem,
1560 4188 1690 4249 qua
1748 4172 2061 4245 testatur,
2127 4166 2199 4231 id
2261 4166 2435 4250 quod

473 4254 749 4333 edimus,
793 4274 936 4320 esse
971 4273 1205 4335 eorpus
1241 4274 1463 4319 suum:
1510 4250 1683 4336 quod
1718 4250 2019 4330 bibimus,
2065 4274 2208 4317 esse
2242 4274 2437 4318 suum

474 4342 884 4425 sanguinem.
976 4338 1109 4420 Qui
1154 4340 1361 4422 igitur
1402 4359 1641 4423 panem
1682 4337 1764 4403 ad
1805 4339 2056 4405 cultum
2098 4338 2207 4404 vel
2246 4360 2434 4421 repo-

473 4428 679 4493 situm
711 4426 981 4505 habent,
1016 4424 1127 4492 vel
1163 4425 1655 4504 circumferunt,
1694 4446 1896 4508 quum
1931 4424 2436 4507 promissionem

475 4509 625 4595 [pag.
664 4519 770 4594 61]
817 4519 1129 4595 separent
1171 4532 1211 4575 a
1251 4511 1596 4591 mandato,
1643 4510 1767 4577 hoc
1809 4517 1939 4588 est,
1983 4511 2211 4595 iugum
2259 4512 2436 4577 inso-

468 4599 676 4665 lubile
747 4598 1178 4681 abrumpant,
1249 4596 1501 4663 Christi
1561 4597 1829 4681 quidem
1895 4617 2131 4679 eorpus
2201 4597 2435 4681 imagi·-

469 4694 721 4769 nantur
761 4705 832 4750 se
875 4684 1139 4763 habere,
1184 4682 1300 4749 sed
1341 4704 1475 4761 non
1511 4683 1639 4748 nisi
1683 4682 1931 4747 idolum
1965 4681 2227 4760 habent,
2265 4682 2438 4766 quod

469 4772 600 4840 sibi
671 4771 695 4835 i
744 4771 802 4837 si
855 4769 1289 4835 somniarunt.
1347 4764 1727 4851 fSiquidem
1771 4789 1906 4833 non
1952 4767 2036 4833 ad
2081 4768 2245 4834 alios
2288 4789 2437 4852 per·

469 4859 644 4923 tinet
741 4877 856 4922 aec
907 4855 1163 4922 Christi
1221 4852 1598 4938 promissio,
1659 4876 1790 4936 qua
1835 4854 2026 4921 nobis
2078 4853 2201 4920 sub
2257 4877 2436 4938 sym-

469 4944 644 5011 bolis
676 4944 871 5028 panis
913 4949 981 5008 et
1020 4940 1163 5009 vini
1197 4961 1433 5023 corpus
1468 4948 1538 5007 et
1571 4940 1960 5024 sanguinem
1996 4962 2192 5006 suum
2226 4941 2437 5020 offert,

467 5051 671 5114 quam
722 5029 806 5094 ad
855 5050 996 5109 eos,
1040 5027 1153 5113 qui
1200 5034 1474 5092 sumunt
1534 5046 1615 5091 ex
1662 5026 1804 5090 eius
1850 5048 2084 5106 manu,
2129 5034 2210 5093 ut
2255 5047 2438 5113 mys-

469 5117 717 5182 terium
780 5114 1115 5182 celebrent
1170 5113 1341 5197 quod
1396 5113 1538 5196 ipse
1579 5112 1931 5196 praecepit.
1961 5112 2011 5195 ¹)
2102 5111 2239 5193 Qui
2280 5133 2439 5180 vero

613 5319 672 5386 1)
720 5319 1029 5389 praecepit,
1073 5318 1202 5387 qu’il
1252 5335 1286 5373 a
1322 5316 1582 5373 ordonne.
1660 5315 1946 5371 Gazmsiua
1980 5318 2239 5385 scripsit.-
2284 5334 2440 5387 prae·

468 5392 607 5460 cipit
640 5404 795 5460 quem
829 5389 1036 5458 reliqui
1069 5388 1287 5458 sequuti
1319 5392 1464 5442 sunt.

4389 459 4519 523 490

2561 657 2680 702 suo
2726 638 2997 704 arbitrio
3053 659 3290 721 panem
3352 639 3436 705 ad
3490 640 3687 706 aliam
3733 643 4059 707 actionem
4098 651 4516 726 convertunt,

2557 723 2721 804 illis,
2788 745 2997 807 quum
3052 726 3482 809 promissione
3538 734 3839 807 careant,
3911 728 4080 793 nihil
4133 730 4263 795 nisi
4321 752 4516 797 suum

2559 808 2886 876 somnium
2925 820 3243 894 superest.
3300 811 3655 877 Postremo
3684 811 4049 879 doctrinam
4085 817 4515 901 mysteriique

2559 898 3077 976 enarrationem,
3125 917 3292 980 quae
3336 920 3377 962 a
3434 898 3673 981 populo
3730 899 4190 979 exaudiretur,
4250 922 4515 969 revoca-

2556 980 2807 1047 vimus:
2863 1004 3066 1066 quum
3122 991 3276 1047 ante
3330 982 3633 1049 sacerdos
3688 1005 3822 1049 non
3874 983 4070 1050 modo
4125 986 4356 1070 lingua
4400 1010 4515 1054 ex-

2555 1074 2788 1132 tranea
2823 1076 3142 1147 uteretur,
3181 1068 3299 1134 sed
3332 1070 3556 1149 verba,
3602 1068 3840 1153 quibus
3877 1092 4109 1154 panem
4146 1079 4214 1136 et
4248 1074 4516 1139 calicem

2555 1154 2833 1236 putabat
2900 1155 3300 1233 consecrari,
3369 1155 3697 1221 submissa
3749 1176 3912 1223 voce
3966 1156 4512 1226 demurmuraret.

2556 1238 2689 1303 Hic
2746 1239 2913 1304 nihil
2960 1240 3205 1306 habent
3263 1240 3775 1324 reprehensores
3833 1244 4042 1308 nostri
4100 1244 4173 1308 in
4216 1265 4345 1327 quo
4392 1266 4514 1312 nos

2555 1333 2849 1407 carpant,
2894 1326 3024 1391 nisi
3061 1324 3235 1409 quod
3268 1326 3522 1393 Christi
3558 1326 3946 1392 mandatum
3985 1328 4373 1412 simpliciter
4413 1353 4515 1397 se-

2555 1412 2745 1492 quuti
2824 1433 3068 1478 sumus.
3157 1412 3307 1477 Non
3388 1414 3562 1478 enim
3644 1414 3843 1479 tacito
3918 1415 4283 1480 exorcismo
4358 1418 4515 1499 pani

2552 1499 2905 1580 praecepit,
2952 1504 3028 1562 ut
3062 1518 3297 1581 corpus
3332 1520 3527 1564 suum
3569 1500 3783 1564 fieret:
3833 1499 3948 1565 scd
3989 1501 4299 1583 apostolis
4333 1501 4513 1568 clara

2553 1603 2713 1648 voce
2757 1584 3221 1666 pronunciavit
3265 1606 3460 1649 suum
3502 1585 3635 1651 illis
3681 1606 3916 1669 corpus
3960 1608 4031 1651 se
4077 1585 4254 1652 dare.

2725 1668 2993 1734 Interea
3054 1669 3225 1735 sicut
3280 1670 3618 1753 baptismi,
3682 1671 3781 1736 ita
3846 1679 3915 1735 et
3981 1691 4205 1738 sacrae
4269 1693 4513 1740 coenae

2552 1755 2782 1833 finem,
2829 1756 3216 1836 efficaciam,
3262 1756 3635 1837 utilitatem,
3681 1778 3875 1822 usum
3919 1757 4232 1837 fideliter,
4276 1767 4343 1825 et
4384 1782 4514 1843 qua

2552 1861 2899 1923 possumus
2941 1842 3193 1925 optima
3238 1841 3611 1926 diligentia,
3656 1842 3897 1926 populo
3943 1843 4282 1911 tradimus.
4372 1846 4512 1910 Ex-

2552 1925 2896 1991 hortamur
2938 1929 3228 2010 primum
3263 1949 3508 2008 omnes,
3554 1937 3630 1994 ut
3663 1928 3860 1994 fidem
3897 1930 4193 2008 afferant,
4239 1951 4369 2013 qua
4411 1933 4511 1997 in-

2550 2017 2659 2077 tus
2703 2012 3085 2095 percipiant,
3131 2013 3311 2096 quod
3354 2013 3490 2080 illic
3533 2022 4065 2097 repraesentatur
4106 2015 4338 2082 oculis:
4388 2017 4513 2084 hoc

2550 2106 2667 2176 est,
2714 2098 3056 2180 spirituale
3093 2099 3498 2178 alimentum,
3547 2121 3676 2182 quo
3720 2099 3857 2166 solo
3899 2102 4157 2166 animae
4190 2103 4261 2166 in
4304 2104 4513 2168 vitam

2549 2192 2884 2249 aeternam
2930 2193 3306 2267 pascuntur.
3398 2186 3747 2250 'testamur
3790 2186 4150 2251 Dominum
4196 2187 4361 2252 nihil
4403 2188 4512 2256 hic

2547 2270 2754 2354 signis
2797 2270 3087 2352 polliceri
3122 2279 3238 2335 aut
3278 2272 3583 2355 figurare,
3632 2270 3802 2355 quod
3849 2293 3983 2336 non
4027 2293 4099 2337 re
4133 2273 4281 2356 ipsa
4323 2275 4513 2340 exhi-

2546 2356 2714 2422 beat.
2806 2359 3061 2439 Corpus
3103 2378 3258 2441 ergo
3303 2366 3370 2421 et
3423 2358 3814 2440 sanguinem
3858 2356 4131 2438 Christi,
4179 2366 4249 2423 et
4290 2361 4513 2424 offerri

2546 2443 2616 2506 in
2674 2463 2878 2508 coena
2923 2444 3111 2509 nobis
3156 2464 3196 2508 a
3240 2441 3560 2522 Domine,
3619 2447 3767 2521 [pag.
3808 2448 3917 2523 62]
3974 2452 4041 2507 et
4084 2464 4124 2507 a
4176 2445 4364 2511 nobis
4408 2467 4510 2510 re-

2547 2529 2675 2611 cipi
2731 2527 3203 2613 praedicamus.
3293 2528 3433 2595 Nec
3482 2528 3577 2593 ita
3631 2549 3871 2611 panem
3927 2537 3994 2592 et
4038 2530 4272 2595 vinum
4329 2553 4508 2616 sym-

2544 2614 2695 2679 bola
2729 2636 2870 2680 esse
2907 2614 3233 2694 docemus,
3273 2615 3433 2698 quin
3468 2616 3777 2680 continuo
3813 2612 4154 2693 addamus,
4196 2616 4505 2683 coniunc-

2544 2706 2682 2765 tam
2727 2700 2922 2765 simul
2969 2721 3112 2766 esse
3155 2701 3537 2779 veritatem,
3594 2720 3791 2783 quam
3836 2700 4230 2784 significant.
4322 2701 4507 2783 Quis,

2545 2793 2613 2851 et
2665 2807 2859 2869 quam
2913 2787 3198 2872 insignis
3252 2787 3408 2852 inde
3463 2791 3719 2852 fructus
3774 2785 3857 2851 ad
3932 2807 4052 2851 nos
4118 2784 4374 2866 redeat,
4443 2797 4509 2853 et

2545 2892 2739 2956 quam
2776 2872 2883 2939 hic
2919 2874 3328 2955 praeclarum
3365 2872 3598 2939 salutis
3633 2881 3700 2937 et
3733 2873 3907 2939 vitae
3943 2874 4184 2955 pignus
4218 2874 4509 2939 habeant

2545 2960 2984 3025 conscientiae
3027 2967 3313 3039 nostrae,
3358 2981 3492 3024 non
3537 2967 3846 3024 tacemus.
3904 2958 4135 3039 Neque
4178 2980 4336 3025 vero
4382 2959 4507 3025 hoc

2544 3045 2711 3110 mihi
2764 3046 3131 3130 negabunt,
3188 3046 3561 3129 quicunque
3617 3043 3862 3127 aliquid
3918 3043 4166 3109 habent
4202 3044 4506 3129 ingenui-

2545 3134 2729 3210 tatis,
2793 3133 3003 3197 multo
3062 3132 3487 3198 illustriorem
3546 3129 3723 3214 apud
3778 3152 3896 3195 nos
3951 3129 4165 3195 audiri
4217 3131 4505 3215 explica-

2543 3219 2793 3283 tionem
2847 3219 3145 3302 mysterii
3196 3219 3424 3297 huius,
3483 3239 3558 3282 ac
3619 3215 4025 3300 plenioribus
4080 3215 4309 3300 elogiis
4364 3217 4504 3283 eius

2544 3301 2985 3454 colmmendari
3053 3302 3477 3388 dignitatem,
3544 3324 3740 3385 quam
3796 3301 3949 3367 alibi
4018 3322 4301 3384 usquam
4359 3304 4506 3370 fieri

2542 3411 2614 3456 so
2641 3396 2761 3455 eat.
3231 3443 3247 3455 ,

2714 3476 2796 3540 In
2854 3474 3166 3541 ccclesiae
3231 3474 3550 3560 regimine
3598 3474 3766 3539 nihil
3827 3474 4148 3543 habemus
4215 3475 4296 3541 ab
4358 3476 4505 3541 aliis

2542 3560 2909 3641 diversum,
2979 3563 3171 3627 cuius
3226 3584 3362 3627 non
3417 3566 3675 3627 constet
3736 3561 3928 3628 nobis
3994 3563 4245 3646 optima
4308 3562 4496 3628 ratic.

2539 3646 2882 3714 Pastorale
2925 3669 3166 3713 munus
3210 3649 3623 3714 restituimus
3665 3653 3811 3712 tum
3848 3647 3929 3712 ad
3973 3649 4271 3732 regulam
4313 3667 4500 3729 apos-

2541 3822 2916 3904 quicunque
2959 3820 3270 3886 ecclesiae
3310 3826 3646 3905 praesunt,
3689 3818 3980 3886 doceant.
4069 3817 4357 3885 Eosdem
4398 3840 4502 3885 re-

2541 3906 2849 3972 tinendos
2904 3908 2973 3972 in
3019 3906 3232 3991 gradu
3276 3930 3410 3973 non
3454 3928 3597 3973 esse
3641 3904 4132 3983 contendimus,
4189 3904 4322 3970 nisi
4358 3907 4500 3970 offi-

2543 3993 2720 4060 cium
2770 3993 2987 4058 facere
3036 4001 3335 4077 pergant.
3423 3992 3509 4057 In
3562 3991 3798 4056 iisdem
3843 3990 3925 4055 eli
3976 3990 4165 4056 endis
4209 3989 4359 4074 plus
4397 4013 4502 4057 re-

2541 4079 2805 4163 ligionis
2850 4086 2917 4142 et
2959 4098 3158 4144 curae
3203 4076 3652 4144 adhibendum
3696 4098 3839 4142 esse
3883 4098 3923 4142 a
3970 4078 4375 4157 monuimus,
4438 4085 4506 4144 et

2542 4165 2671 4248 ipsi
2716 4163 3087 4229 studuimus
3131 4163 3462 4230 adhibere.
3555 4162 3737 4229 Satis
3782 4170 4067 4243 constat,
4113 4163 4305 4246 quale
4350 4186 4502 4230 exa-

2542 4251 2741 4316 minis
2763 4271 2969 4334 genus
2994 4271 3115 4333 per
3156 4271 3310 4316 suos
3336 4250 3807 4333 suffraganeos,
3852 4255 3969 4314 aut
4001 4249 4280 4316 vicarios
4317 4269 4507 4316 exer-

2544 4344 2736 4403 ceant
2780 4335 3087 4419 episcopi.
3176 4337 3269 4401 Et
3311 4358 3394 4401 ex
3439 4336 3579 4420 ipso
3623 4336 3863 4416 fructu,
3907 4335 4023 4418 qui
4060 4334 4215 4401 inde
4257 4344 4505 4415 manat,

2543 4423 2698 4490 licet
2740 4424 3180 4490 coniecturam
3235 4443 3484 4505 capere.
3572 4422 3635 4488 N
3639 4442 3747 4487 am
3802 4442 3998 4504 quam
4042 4422 4287 4487 inertes
4329 4421 4505 4486 nihi-

2542 4509 2720 4594 lique
2776 4509 3078 4574 homines
3133 4509 3381 4592 passim
3438 4508 3521 4574 ad
3575 4507 3921 4575 sacerdotii
3975 4507 4293 4573 honorem
4352 4528 4504 4591 pro-

2542 4601 2880 4674 moveant,
2953 4594 3124 4660 nihil
3188 4595 3428 4661 attinet
3490 4614 4020 4663 commemorare.
4110 4593 4310 4676 Apud
4365 4615 4503 4674 nos,

2544 4683 2748 4747 etiam
2795 4680 2853 4746 si
2897 4682 3008 4764 qui
3064 4681 3354 4747 ministri
3393 4682 3810 4764 reperiantur
3852 4701 3986 4744 non
4030 4699 4311 4762 magnae
4354 4678 4505 4747 doc-

2542 4768 2775 4847 trinae,
2819 4766 3045 4833 nullus
3083 4776 3306 4832 tamen
3343 4766 3736 4847 admittitur,
3777 4766 3889 4849 qui
3926 4786 4057 4830 non
4076 4764 4506 4837 ‚mediocriter

2546 4853 2784 4919 saltem
2827 4863 3022 4936 aptus
3077 4854 3164 4919 sit
3216 4853 3300 4919 ad
3356 4852 3746 4919 docendum.
3837 4848 4032 4931 Quod
4086 4871 4221 4915 non
4278 4872 4504 4918 omnes

2547 4946 2703 5005 sunt
2743 4940 2959 5023 magis
3004 4938 3303 5018 absoluti,
3348 4939 3418 5005 id
3461 4949 3834 5021 temporum
3869 4937 4090 5022 potius
4125 4935 4501 5017 calamitati,

2546 5046 2742 5109 quam
2809 5024 3030 5103 nobis,
3108 5025 3588 5109 imputandum.
3681 5027 3830 5104 [pag.
3889 5028 3999 5103 63]
4065 5023 4217 5089 Ηο0
4282 5030 4505 5088 tamen

2544 5111 2732 5177 nobis
2776 5112 2921 5175 iure
2965 5111 3234 5195 gloriari
3275 5110 3447 5189 licet,
3489 5109 3836 5193 licebitque
3879 5130 4170 5192 semper,
4214 5130 4345 5173 non
4388 5130 4504 5174 ne-

2545 5197 2876 5282 gligenter
2930 5194 3210 5263 delectos
3267 5195 3477 5262 videri
3579 5216 3724 5262 esse
3780 5196 4201 5263 ecelesiarum
4245 5200 4504 5260 nostra-

2545 5305 2697 5348 rum
2752 5283 3120 5363 ministros,
3180 5282 3240 5348 si
3291 5304 3446 5350 cum
3504 5304 3544 5347 a
3569 5282 3650 5347 iis
3706 5288 4186 5366 comparentur.
4279 5279 4506 5361 Quum

2547 5377 2767 5434 autem
2811 5371 2881 5434 in
2935 5369 3239 5435 examine
3282 5374 3349 5434 et
3392 5367 3710 5435 electione
3764 5368 4096 5452 aliquanto
4141 5366 4349 5433 simus
4394 5388 4504 5432 su-
