4999 6179
667 484 796 548 243

668 667 1039 755 praedicas,
1094 667 1210 732 ubi
1251 668 1383 733 Dei
1440 670 1685 735 veritas
1729 667 1946 733 locum
2000 684 2137 729 non
2181 661 2410 741 habet,
2469 680 2638 744 quae

667 756 937 822 tmicum
1003 754 1142 819 eius
1212 754 1548 821 vinculum
1611 775 1752 820 esse
1821 749 2136 817 debebat?
2225 748 2640 814 Pronunciat

673 841 946 926 spiritus
991 847 1290 919 sanctus,
1340 840 1655 906 ecclesiae
1699 840 2025 904 unitatem
2073 856 2274 902 sanae
2309 854 2638 915 veraeque

672 927 1011 994 doctrinae
1067 927 1494 993 consensione
1534 926 1888 1005 contineri,
1944 944 2067 988 nec
2110 921 2311 988 audet
2353 919 2636 1003 Pighius

672 1014 876 1080 verbo
919 1033 1303 1096 repugnare,
1350 1014 1546 1077 etiam
1592 1013 1646 1078 si
1692 1012 1911 1076 animo
1956 1008 2318 1075 dissentiat.
2390 1005 2636 1071 Videa-

672 1121 824 1165 mus
869 1121 1066 1177 nunc,
1113 1099 1416 1182 qualibus
1452 1098 1734 1165 vinculis
1770 1101 1888 1161 aut
1929 1095 2120 1160 nodis
2158 1093 2505 1177 colligatus
2549 1091 2637 1157 sit

721 1208 758 1252 a
805 1206 1026 1249 ismus.

671 1209 716 1271 p
741 1208 802 1334 ‚p
846 1272 1146 1336 Primum
1196 1291 1389 1335 omne
1444 1292 1655 1355 genus
1725 1267 2132 1335 idololatriae
2188 1265 2324 1331 illic
2380 1270 2632 1347 regnat,

676 1379 810 1422 non
868 1358 1011 1421 sine
1054 1357 1407 1422 manifesta
1463 1355 1591 1421 Dei
1650 1355 2101 1438 abnegatione.
2193 1351 2635 1432 Quantulum-

677 1463 936 1525 cunque
1007 1464 1092 1507 ex
1142 1442 1323 1507 cultu
1382 1441 1511 1507 Dei
1588 1441 1926 1507 residuum
1995 1446 2326 1521 superest,
2391 1436 2635 1519 partim

676 1527 1144 1595 commentitiis
1210 1528 1449 1594 ritibus
1520 1527 1999 1603 adulteratum,
2065 1524 2310 1609 partim
2378 1522 2634 1587 vitiosis

677 1614 1095 1698 opinionibus
1151 1622 1561 1697 corruptum,
1632 1633 1887 1680 meram
1944 1611 2475 1695 superstitionem
2528 1628 2634 1672 re-

675 1700 869 1766 dolet.
973 1701 1331 1766 Doctrinae
1386 1700 1634 1765 veritae
1656 1751 1669 1777 ,
1728 1705 1845 1763 aut
1887 1718 2120 1764 eversa
2160 1716 2460 1780 prorsus,
2517 1700 2634 1758 aut

674 1787 1130 1852 contaminata.
1235 1786 1541 1852 Christus
1621 1784 2114 1867 semisepultus‚
2203 1789 2281 1846 ut
2366 1782 2632 1845 inanem

673 1869 868 1937 modo
912 1872 1176 1937 titulum
1234 1872 1376 1937 sine
1420 1873 1687 1937 virtutis
1730 1871 1940 1955 gloria
1981 1869 2288 1947 retineat,
2336 1874 2404 1931 et
2447 1887 2633 1949 spec-

675 1965 778 2023 tro
836 1957 1116 2039 denique
1173 1980 1368 2041 quam
1427 1957 1551 2023 sibi
1604 1957 1893 2022 similior.
1985 1954 2218 2020 Virtus
2265 1953 2441 2018 enim
2487 1951 2631 2017 eius

673 2044 827 2109 altis
871 2045 1161 2109 tenebris
1205 2044 1565 2123 submersa,
1610 2042 1891 2109 officium
1931 2040 2368 2117 obliteratum,
2416 2039 2633 2122 gratia

672 2131 809 2195 fere
859 2131 933 2195 in
988 2129 1273 2195 nihilum
1334 2129 1612 2194 redacta.
1709 2127 2295 2193 Sacramentorum
2349 2123 2630 2189 admini-

673 2215 905 2281 stratio
947 2215 1181 2280 mutila
1223 2217 1509 2298 primum
1545 2223 1613 2280 et
1645 2215 1879 2293 lacera,
1926 2212 2009 2277 ad
2044 2211 2206 2278 haec
2241 2210 2469 2276 multis
2516 2231 2630 2274 ex-

672 2301 920 2367 traneis
962 2302 1296 2386 figmentis
1341 2301 1717 2380 deformata,
1761 2306 2094 2383 postremo
2137 2297 2364 2363 multis
2408 2295 2631 2379 impiis

671 2388 1247 2472 imaginationibus
1289 2388 1623 2470 implicita.

843 2471 1020 2555 Quid
1062 2475 1195 2538 iam
1241 2474 1427 2539 nobis
1471 2471 1860 2556 praescribit
1899 2469 2225 2554 Pighius?
2271 2490 2356 2534 ne
2401 2488 2629 2553 pacem

672 2560 1033 2625 turbemus.
1126 2558 1262 2624 Sed
1307 2580 1437 2643 qua
1471 2560 1619 2642 lege
1662 2566 1778 2622 aut
1819 2555 2163 2641 pactione?
2254 2555 2510 2637 Nempe
2555 2560 2632 2618 ut

670 2644 756 2710 ad
821 2646 1009 2733 hacc*
1055 2645 1280 2708 omnia
1347 2646 1838 2731 conniveamus.
1927 2642 2198 2707 Nefaria
2264 2661 2421 2707 vero
2474 2661 2627 2723 pax,

668 2751 834 2814 quae
877 2731 1049 2795 tanti
1093 2738 1364 2796 constet.
1453 2733 1551 2796 At
1593 2728 1752 2795 dicit
1794 2750 1864 2794 se
1917 2734 1984 2794 et
2026 2728 2188 2793 alios
2232 2725 2630 2792 Antichristi

670 2836 898 2893 canes,
959 2816 1066 2897 qui
1120 2815 1493 2880 adulatione
1549 2815 1921 2899 latratuque
1976 2812 2337 2879 sacerdotia
2379 2834 2627 2879 vcnan-

669 2912 798 2981 tur‚
843 2901 1013 2965 nihil
1053 2901 1126 2965 in
1171 2902 1299 2966 fide
1333 2922 1594 2980 novare,
1642 2901 1968 2966 abusuum
2004 2899 2474 2963 correctionem
2515 2920 2629 2964 ex·

667 2994 893 3072 petere
946 2988 1211 3071 quidem
1269 2989 1427 3052 totis
1471 2987 1673 3066 votiS,
1729 2986 1845 3052 sed
1889 2985 2136 3138 {radus
2181 2990 2250 3049 et
2290 2985 2484 3049 officii
2529 2983 2632 3049 sui

667 3095 991 3140 memores
1049 3095 1188 3139 non
1241 3095 1566 3157 usurpare
1621 3072 1792 3157 quod
1848 3094 1886 3137 a
1988 3093 2060 3137 se
2105 3093 2236 3137 non
2281 3072 2624 3156 pertineat.

668 3159 877 3243 Quasi
929 3180 1088 3226 vero
1132 3181 1266 3225 non
1318 3162 1405 3226 sit
1443 3160 1566 3226 hoc
1602 3161 1917 3243 cuiusque
1958 3159 2272 3238 officium,
2332 3179 2372 3223 a
2412 3158 2628 3222 mani-

666 3247 850 3312 festis
894 3252 961 3310 et
1006 3244 1339 3311 doctrinae
1384 3252 1453 3312 et
1504 3245 1804 3311 cultuum
1851 3245 2211 3329 sacrilegiis
2254 3243 2626 3323 abhorrere,

667 3353 834 3415 quae
889 3341 1378 3398 sacrosanctum
1438 3337 1583 3411 [pag.
1629 3335 1734 3411 15]
1779 3332 1910 3397 Dei
1953 3352 2194 3397 nomen
2238 3331 2629 3413 gravissima

667 3417 1066 3484 contumelia
1101 3418 1415 3484 afficiunt.
1489 3416 1835 3484 Silendum
1877 3426 2038 3498 erat,
2072 3416 2289 3498 inquit
2324 3415 2623 3499 Pighius.

664 3502 1007 3569 Perfidum
1062 3509 1129 3568 et
1172 3504 1572 3570 exsecrabile
1624 3503 1996 3580 silentium,
2054 3520 2183 3584 quo
2225 3501 2355 3566 Dei
2399 3500 2625 3584 gloria,

668 3588 1011 3668 Christus,
1106 3596 1301 3672 atque
1383 3589 1805 3674 evangelium
1881 3587 2289 3670 proderetur.
2389 3586 2624 3652 Itane?

666 3673 993 3741 Ludibrio
1038 3674 1245 3758 igitur
1280 3675 1629 3741 habebitur
1662 3675 1848 3740 Deus
1895 3680 2047 3738 ante
2081 3684 2339 3737 nostros
2384 3673 2625 3751 oculos,

667 3767 811 3827 tota
863 3759 1093 3846 religio
1159 3761 1585 3839 lacerabitur,
1651 3761 1963 3844 peribunt
2024 3759 2305 3824 miserae
2370 3759 2627 3823 animae

668 3846 922 3914 Christi
980 3847 1305 3932 sanguine
1352 3847 1758 3930 redemptae,
1812 3853 1879 3910 et
1935 3844 2191 3910 hiscere
2233 3845 2418 3909 nefas
2453 3843 2625 3909 erit?

667 3935 909 3999 Latrat
950 3933 1121 3999 fidus
1158 3933 1336 3999 canis
1381 3932 1464 3998 ad
1507 3934 1792 4016 primum
1828 3930 2105 3996 latronis
2149 3930 2516 4013 strepitum,
2563 3936 2630 3995 et

666 4020 879 4087 vitam
939 4039 1128 4086 suam
1184 4019 1408 4086 obiicit
1460 4018 1782 4101 pericu10,
1848 4024 1924 4082 ut
1977 4014 2225 4081 domini
2284 4016 2383 4081 sui
2431 4024 2630 4098 caput

665 4106 1112 4188 familiamque
1183 4103 1526 4171 defendat:
1595 4104 1946 4187 diripietur
2015 4103 2372 4187 impiorum
2426 4102 2627 4167 latro-

667 4191 840 4257 cinio
896 4190 1172 4257 ecclesia
1225 4199 1294 4257 et
1327 4190 1721 4268 vastabitur,
1767 4188 2046 4272 pedibus
2099 4187 2456 4253 calcabitur
2499 4189 2629 4253 Dei

667 4276 996 4356 maiestas,
1043 4297 1245 4360 regno
1291 4298 1412 4344 suo
1456 4274 1842 4360 spoliabitur
1884 4274 2209 4352 Christus,
2256 4273 2631 4340 videntibus

667 4363 856 4429 nobis
902 4383 978 4428 ac
1026 4362 1442 4429 tacentibus?
1531 4362 1840 4443 Denique
1890 4381 2010 4444 pro
2058 4360 2468 4426 Antichristo
2513 4361 2630 4425 Pi-

668 4448 866 4533 ghius
911 4455 1129 4514 tantas
1167 4448 1393 4514 turbas
1427 4457 1667 4525 movet,
1712 4447 1827 4512 ubi
1852 4446 2217 4531 periculum
2248 4447 2390 4512 eius
2424 4468 2629 4531 regno

667 4533 850 4600 videt
891 4534 1270 4600 imminere:
1318 4555 1439 4599 nos
1473 4534 1546 4598 in
1589 4531 1807 4597 medio
1852 4534 2043 4616 regni
2081 4532 2332 4598 Christi
2379 4532 2630 4598 excidio

666 4620 1116 4705 quiescemus?
1199 4620 1429 4704 Neque
1485 4628 1704 4684 tamen
1751 4617 1876 4684 hoc
1920 4619 2118 4684 etiam
2166 4618 2358 4698 modo
2401 4640 2629 4701 pacem

666 4707 1222 4773 redimere.nobis
1264 4707 1468 4784 licuit,
1514 4703 1777 4789 quando
1821 4725 2085 4770 necesse
2129 4712 2288 4784 erat,
2336 4726 2628 4771 commu-

666 4793 1001 4858 nicatione
1041 4793 1239 4858 etiam
1284 4793 1470 4876 quasi
1507 4793 1703 4857 tacito
1745 4792 2056 4876 suffragio
2097 4812 2409 4876 magnam
2456 4792 2628 4857 eius-

668 4877 846 4942 modi
899 4878 1222 4944 scelerum
1278 4887 1532 4962 partem
1597 4877 1973 4961 approbare.
2063 4878 2156 4943 Et
2218 4878 2341 4944 hoc
2392 4878 2625 4960 impie-

669 4963 825 5027 tatis
860 4964 1088 5047 iugum
1125 4973 1452 5044 excutere,
1490 4964 1617 5029 erit
1652 4965 2041 5048 abrumpere
2074 4963 2416 5030 vinculum
2450 4963 2624 5042 fidei,

671 5047 953 5115 dissilire
1011 5048 1092 5114 ab
1135 5050 1435 5130 ecclesia,
1491 5049 1758 5116 turbare
1812 5071 2226 5117 communem
2281 5071 2506 5134 pacem
2550 5071 2626 5115 ac

668 5132 1123 5201 concordiam?
1215 5134 1329 5202 Sic
1371 5137 1636 5221 quidem
1670 5137 1824 5202 olim
1870 5137 2179 5203 audiebat
2221 5159 2261 5203 a
2304 5158 2458 5220 rege
2502 5137 2625 5200 im-

668 5223 777 5304 pio
820 5229 1087 5287 sanctus
1131 5221 1262 5287 Dei
1301 5224 1639 5307 propheta.
1729 5221 1865 5291 Sed
1910 5246 2038 5307 qua
2073 5223 2450 5290 defensione
2492 5222 2623 5287 uti-

669 5306 823 5373 tur?
912 5307 1065 5372 Non
1110 5328 1231 5391 ego
1271 5330 1436 5388 sum,
1481 5311 1723 5394 inquit,
1765 5312 1876 5394 qui
1920 5310 2241 5376 conturbo
2283 5309 2622 5388 Israelem,

668 5391 785 5459 sed
839 5401 914 5458 tu
959 5403 1027 5459 et
1071 5393 1303 5461 domus
1359 5396 1565 5480 patris
1607 5396 1734 5478 tui,
1791 5395 1906 5481 qui
1948 5395 2393 5480 dereliquistis
2434 5415 2624 5460 man-

1981 470 2511 542 RESPONSIO
2557 469 2934 538 CONTRA
2976 467 3393 536 PIGHIUM

4572 462 4693 525 244

2742 659 2899 725 data
2932 658 3222 735 Domini,
3261 664 3327 722 et
3361 656 3624 739 sequuti
3662 655 3817 720 estis
3854 651 4113 719 Baalim
4152 652 4216 736 (1
4243 651 4409 735 Reg.
4430 633 4537 729 ⁴18,
4572 650 4691 735 18),

2738 746 2925 813 Haec
2983 745 3212 811 eadem
3267 750 3369 809 est
3423 748 3651 808 nostra
3707 740 4013 806 defensio.
4105 735 4446 821 Quidquid
4504 738 4692 803 hodie

2741 832 3087 897 turbarum
3130 839 3230 897 est
3274 851 3349 896 ac
3382 835 3705 907 motuum,
3750 846 3966 909 neque
3999 831 4230 889 nostra
4272 823 4469 906 culpa
4507 845 4694 890 exar-

2742 918 2932 997 sisse,
2992 938 3203 1000 neque
3249 938 3425 982 nunc
3467 912 3708 980 foveri:
3752 920 3960 976 totam
4006 931 4271 977 causam
4318 930 4459 976 esse
4492 931 4713 994 penes.

2741 1026 2868 1084 eos,
2914 1005 3026 1087 qui
3069 1005 3366 1069 animum
3410 1002 3626 1085 potius
3672 999 4107 1073 obstinarunt,
4148 994 4421 1075 coelum,
4467 1004 4692 1076 terras,

2739 1092 2950 1155 maria
3004 1090 3310 1168 miscere,
3366 1108 3565 1171 quam
3611 1085 3862 1152 Christi
3918 1104 4122 1168 regno
4174 1083 4392 1148 locum
4446 1083 4688 1149 cedere.

2742 1174 2877 1242 Sed
2932 1183 3187 1260 oportet
3239 1174 3501 1258 impleri
3556 1172 3731 1256 quod
3782 1172 4099 1253 scriptum
4159 1175 4285 1248 est,
4356 1190 4691 1235 sessurum

2739 1263 3035 1345 iniquum
3078 1263 3295 1341 illum,
3354 1259 3556 1325 donec
3600 1279 3748 1324 eum
3795 1257 4032 1340 spiritu
4078 1257 4210 1322 oris
4249 1257 4350 1320 sui
4394 1256 4694 1322 conficiat

2740 1350 3094 1429 Dominus,
3162 1356 3229 1414 et
3296 1346 3623 1414 adventus
3689 1345 3791 1410 sui
3860 1342 4295 1407 illustratione
4364 1342 4621 1408 aboleat
4643 1342 4691 1427 ¹)

2773 1439 2809 1499 2
2857 1435 3083 1500 Thess.
3134 1438 3190 1515 2,
3237 1438 3275 1498 8
3313 1483 3327 1498 .

2739 1435 2767 1519 (
2913 1519 3049 1586 Sed
3104 1434 3469 1604 quae)erat
3522 1517 3720 1581 unica
3778 1514 4086 1580 remediis
4139 1514 4276 1594 via,
4331 1514 4515 1580 illam
4571 1533 4690 1581 nos

2738 1614 3159 1690 praepostera
3201 1607 3452 1672 actione
3496 1601 3836 1669 sustulisse
3882 1600 4043 1665 dicit
4075 1600 4373 1685 Pighius.
4461 1600 4690 1665 Pasto-

2736 1714 2888 1757 rum
2932 1692 3110 1757 enim
3155 1692 3589 1758 autoritatem>
3633 1709 3752 1773 per
3810 1708 3931 1752 nos
3987 1686 4476 1766 labefactatam,
4535 1706 4689 1770 quo-

2737 1801 2888 1844 rum
2927 1785 3121 1845 erant
3153 1779 3320 1845 istae
3363 1784 3603 1861 partes.
3694 1772 3862 1856 Quis
3904 1792 4042 1837 non
4076 1772 4300 1839 videat
4333 1773 4511 1859 hunc
4552 1772 4690 1838 Lu-

2737 1865 2909 1931 ciani
2968 1864 3357 1948 discipulum
3401 1862 3621 1948 palam
3676 1864 3824 1940 [pag.
3877 1864 3979 1939 16]
4024 1860 4097 1924 in
4151 1865 4286 1923 tam
4337 1857 4692 1925 miserabili

2737 1952 3049 2018 ecclesiae
3092 1950 3275 2017 clade
3319 1950 3609 2016 suaviter
3651 1945 3926 2012 ludere?
4018 1946 4410 2011 Pontificem
4450 1945 4694 2011 scilicet

2735 2058 3082 2104 romanum
3128 2044 3194 2102 et
3237 2044 3440 2103 totam
3482 2035 3623 2100 eius
3666 2032 4001 2100 cohortem
4045 2032 4214 2096 nihil
4256 2031 4434 2097 aliud
4477 2051 4692 2097 mora—

2736 2129 2850 2188 tur
2902 2124 2976 2187 in
3019 2124 3201 2189 vitiis
3256 2119 3688 2205 corrigendis,
3746 2139 3942 2202 quam
3997 2115 4171 2201 quod
4224 2118 4358 2183 illis
4412 2138 4531 2200 per
4574 2138 4691 2183 nos

2736 2209 3043 2292 adempta
3078 2216 3180 2275 est
3214 2208 3507 2274 facultas.
3568 2207 3663 2270 At
3697 2204 3871 2289 quid,
3908 2204 4195 2283 obsecro,
4231 2205 4471 2271 facturi
4506 2210 4693 2269 erant

2736 2296 2795 2363 si
2838 2297 3298 2375 tacuissemus,
3358 2295 3467 2378 qui
3522 2314 3702 2358 nunc
3759 2290 3921 2355 dum
3974 2298 4312 2374 tantopere
4354 2299 4689 2375 urgentur,

2736 2404 2871 2447 non
2913 2383 3133 2446 minus
3171 2381 3543 2447 securitatis
3586 2399 3660 2445 ac
3706 2376 4037 2444 socordiae
4072 2375 4447 2455 ostendunt,
4492 2397 4691 2459 quam

2736 2468 2793 2534 si
2838 2467 3025 2533 nulla
3079 2468 3387 2534 ecclesiae
3456 2486 3616 2532 cura
3672 2462 4148 2548 tangerentur?
4250 2464 4458 2529 Totus
4517 2461 4689 2529 orbis

2735 2554 3062 2635 clamitat,
3124 2562 3497 2619 extremum
3538 2552 3784 2616 instare
3830 2550 4149 2631 *ecclesiae
4205 2550 4505 2629 exitium,
4564 2550 4689 2616 nisi

2734 2661 2890 2704 mox
2932 2639 3298 2705 remedium
3334 2638 3750 2705 adhibeatur:
3787 2637 4145 2702 necessitas
4179 2637 4339 2719 ipsa,
4386 2655 4553 2719 quae
4596 2642 4692 2703 est

2734 2726 2939 2790 telum
2967 2725 3376 2805 acerrimum,
3424 2742 3537 2789 eos
3565 2723 3890 2803 sollicitat,
3938 2731 4005 2786 et
4046 2723 4139 2787 sic
4173 2722 4434 2805 premit,
4479 2731 4559 2787 ut
4603 2723 4688 2787 ef-

2733 2813 2912 2896 fugio
2957 2812 3183 2877 nullus
3218 2818 3439 2895 pateat
3474 2810 3674 2875 locus.
3745 2808 3884 2874 Nos
3927 2808 3998 2872 in
4043 2808 4307 2872 illorum
4341 2817 4686 2890 torporem,

2732 2898 2837 2964 vel
2884 2898 3100 2981 potius
3142 2898 3500 2962 immanem
3544 2894 4001 2962 crudelitatem
4043 2894 4319 2974 fortiter,
4362 2894 4532 2959 sicut
4573 2916 4690 2978 par

2734 2991 2864 3064 est,
2908 2983 3307 3062 invehimur,
3353 2982 3524 3066 quod
3566 2981 3965 3064 periclitanti
4010 2980 4319 3045 ecclesiae
4363 3001 4498 3045 non
4544 3002 4689 3047 suc·

2734 3076 3021 3137 currant.
3113 3069 3340 3151 Quum
3381 3077 3481 3135 tot
3524 3068 3809 3135 stimulis
3848 3088 3983 3132 non
4026 3067 4495 3151 expergefiant,
4544 3087 4688 3151 spes

2733 3158 2905 3224 bona
2956 3165 3075 3237 est,
3131 3177 3443 3239 sponsore
3496 3154 3768 3238 Pighio,
3832 3153 3912 3218 ad
3972 3153 4391 3237 corrigendos
4447 3152 4688 3220 abusus

2733 3244 2944 3326 primo
2989 3241 3093 3307 die
3137 3249 3599 3325 properaturos
3642 3240 3872 3318 fuisse,
3930 3238 3987 3303 si
4026 3239 4195 3305 nihil
4241 3261 4280 3304 a
4321 3239 4509 3304 nobis
4536 3261 4686 3308 mo-

2730 3338 2873 3394 tum
2918 3335 3109 3394 esset.
3199 3328 3296 3393 At
3338 3328 3630 3393 facerent
3679 3346 3859 3390 nunc
3915 3325 4045 3390 nisi
4092 3347 4132 3390 a
4172 3326 4362 3391 nobis
4416 3326 4686 3409 impedi-

2731 3423 2980 3481 rentur.
3070 3413 3209 3479 Cur
3250 3435 3384 3478 non
3418 3413 3625 3497 igitur
3667 3411 3861 3476 toties
3896 3412 4137 3495 rogati,
4182 3412 4289 3476 vel
4331 3417 4528 3476 tenue
4572 3412 4685 3476 ali-

2730 3498 2905 3584 quod
2946 3501 3275 3584 specimen
3311 3498 3696 3565 cdiderunt?
3771 3498 3864 3562 At
3907 3497 4066 3564 hacc
4100 3496 4481 3563 turbulenta
4522 3505 4685 3563 tem-

2731 3607 2892 3671 pora
2935 3585 3206 3651 minime
3263 3583 3602 3650 commoda
3648 3592 3806 3649 sunt
3860 3583 3944 3648 ad
3998 3581 4247 3666 aliquid
4291 3583 4683 3650 novandum.

2732 3673 2986 3756 Nempe
3038 3672 3274 3736 merito
3318 3672 3556 3736 timent
3608 3691 3695 3736 ne
3753 3670 3808 3734 si
3868 3670 4161 3735 aedificio
4216 3669 4389 3735 male
4450 3669 4685 3754 alioqui

2731 3756 3034 3837 fundato,
3092 3780 3323 3824 rursus
3368 3758 3539 3823 mole
3582 3778 3702 3822 sua
3744 3756 4070 3822 laboranti
4115 3763 4183 3820 et
4225 3757 4411 3840 quasi
4454 3759 4687 3836 ruenti,

2733 3844 2817 3910 ad
2846 3844 3026 3924 hacc,
3073 3850 3417 3928 corruptae
3446 3865 3522 3909 ac
3557 3843 3960 3926 putrefactae
3995 3841 4334 3920 materiae,
4360 3850 4687 3925 postremo

2730 3932 2863 3995 iam
2896 3930 3159 3996 nutanti
3207 3938 3275 3996 et
3321 3930 3691 4014 quatefacto
3733 3950 3969 3995 manus
4004 3928 4206 3994 semel
4242 3928 4686 4008 admoveatur,

2734 4016 2945 4082 subito
2986 4022 3138 4081 ruat
3168 4016 3251 4081 in.
3282 4037 3611 4100 praeceps,
3657 4036 3904 4097 suoque
3946 4036 4099 4081 casu
4156 4014 4548 4080 architectos
4589 4015 4688 4098 ip-

2733 4123 2839 4168 sos
2877 4103 3219 4185 opprimat.
3293 4102 3441 4169 Hoc
3475 4101 3764 4186 profecto
3801 4108 3917 4182 est,
3963 4101 4104 4180 hoc,
4147 4102 4436 4183 inquam,
4481 4123 4688 4167 unum

2738 4195 2856 4267 est,
2906 4188 3076 4271 quod
3122 4195 3358 4253 curant
3402 4209 3629 4253 omnes
3672 4188 3784 4252 isti
3839 4186 4007 4270 lupi,
4054 4186 4340 4270 qualiter
4382 4209 4540 4253 suae
4582 4195 4685 4272 ty·

2737 4273 3004 4340 rannidi
3049 4282 3328 4340 caveant
3368 4275 3436 4339 in
3483 4283 3849 4359 posterum,
3895 4273 4132 4357 quibus
4176 4294 4322 4338 eam
4366 4272 4685 4340 machinis

2735 4359 3099 4439 stabiliant,
3154 4381 3240 4424 ne
3280 4360 3437 4443 quid
3481 4359 3764 4442 amplius
3813 4380 4036 4424 eorum
4095 4358 4373 4425 obsistat
4411 4358 4680 4424 libidini.

2736 4446 2914 4528 Quid
2970 4466 3168 4530 porro
3225 4445 3305 4510 de
3349 4446 3622 4512 ecclesia
3663 4446 3815 4524 fiat,
3870 4467 4109 4529 susque
4152 4443 4361 4528 deque
4405 4446 4679 4511 habent:

2734 4553 2945 4616 neque
3002 4539 3240 4614 putant
3282 4552 3404 4596 sua
3447 4533 3725 4609 referre,
3782 4533 3978 4596 etiam
4037 4532 4093 4597 si
4147 4532 4399 4597 centies
4443 4539 4678 4615 pereat.

2736 4617 2814 4685 Si
2868 4639 2974 4683 me
3041 4617 3294 4700 aliquid
3354 4619 3605 4703 fingere
3675 4617 3850 4683 dicat
3903 4618 4214 4702 Pighius,
4286 4639 4415 4683 non
4474 4619 4679 4685 citabo

2734 4727 2974 4789 paucos
3016 4711 3237 4782 testes,
3284 4704 3395 4787 qui
3438 4705 3605 4769 mihi
3648 4702 4077 4783 subscribant,
4124 4703 4239 4769 sed
4275 4724 4505 4770 omnes
4548 4705 4679 4788 pio-

2733 4813 2881 4856 rum
2944 4791 3375 4856 conscientias
3437 4790 3684 4856 iudices
3702 4791 3759 4872 2)
3826 4790 4077 4856 faciam.
4167 4788 4365 4855 Hanc
4431 4809 4677 4874 quoque

2733 4877 2960 5028 Pighii
3027 4876 3360 4959 querelam
3430 4898 3667 4961 operae
3731 4876 4012 4958 pretium
4082 4884 4183 4941 est
4239 4876 4495 4955 audire,
4564 4896 4673 4941 nos

2732 4985 2817 5046 pu
2867 4963 3061 5029 licam
3116 4963 3427 5029 ecclesiae
3483 4963 3893 5046 disciplinam
3964 4963 4312 5046 praecipue
4366 4961 4669 5029 turbasse.

2735 5049 2942 5130 Quasi
2998 5070 3158 5115 vero
3223 5049 3569 5133 disciplina
3622 5050 3840 5134 aliqua
3906 5055 4065 5115 tunc
4120 5049 4343 5114 fucrit:
4423 5071 4498 5115 ac
4550 5068 4670 5113 non

4890 5649 4982 6151 l

2868 5272 2925 5335 1)
2969 5272 3063 5330 Sic
3088 5273 3355 5341 princeps
3391 5278 3441 5327 et
3479 5272 3690 5328 Gallus.
3757 5270 3971 5326 δαείω-ι’
4000 5270 4171 5326 male.-
4205 5269 4501 5327 aboleatur.

2725 5341 2925 5466 ᾖαόεὲ.)
2938 5411 2956 5466 i
2958 5341 3063 5482 ι1133
3067 5343 3335 5467 seditione
3370 5342 3629 5411 principe
3678 5340 3901 5410 legitur.-
3928 5340 4165 5459 indices.
4251 5341 4440 5396 Versio
4479 5338 4668 5411 gallica
