4999 6179
459 472 580 534 481

454 657 631 723 rium
674 660 970 725 fidelium
1015 661 1340 727 orationes
1394 668 1677 728 exstant.
1767 663 1850 727 In
1895 664 2026 729 illis
2071 686 2155 729 ne
2200 685 2413 729 unum

455 744 724 829 quidem
781 747 922 812 eius
976 747 1073 812 rei
1126 748 1503 830 exemplum
1567 757 1682 815 est.
1770 750 2099 816 Petebant
2151 751 2415 834 quidem

455 831 791 897 interdum
848 852 890 896 a
940 833 1086 899 Deo
1139 831 1511 912 Israelitae,
1579 839 1728 914 [pag.
1779 839 1886 915 45]
1957 845 2031 901 ut
2077 835 2412 916 Abrahae,

455 918 649 983 Isaac
718 926 785 982 et
850 918 1076 998 Iacob,
1141 920 1301 985 item
1367 920 1647 986 Davidis
1715 921 2189 987 recordaretur.
2279 922 2415 990 Sed

455 1004 625 1070 nihil
684 1004 863 1069 aliud
917 1005 1041 1070 sibi
1086 1004 1401 1072 volebant
1456 1006 1561 1072 his
1605 1008 1851 1086 verbis,
1910 1009 2041 1074 nisi
2086 1016 2160 1074 ut
2197 1009 2416 1074 foede-

454 1091 550 1157 ris
593 1091 712 1170 sui,
751 1091 924 1174 quod
969 1111 1119 1156 cum
1161 1092 1296 1157 illis
1339 1095 1693 1177 pepigerat,
1739 1114 2009 1170 memor,
2053 1095 2418 1160 secundum

452 1178 959 1261 promissionem
1034 1199 1224 1243 suam
1304 1181 1588 1262 posteris
1675 1201 1901 1244 eorum
1980 1181 2410 1246 benefaceret.

455 1262 719 1328 Foedus
761 1265 938 1329 enim
983 1266 1259 1348 gratiae,
1305 1264 1480 1348 quod
1517 1266 1592 1330 in
1637 1264 1906 1331 Christo
1946 1266 2220 1332 tandem
2265 1288 2415 1332 san-

454 1349 763 1414 ciendum
808 1357 980 1429 erat,
1038 1359 1426 1433 receperant
1467 1352 1679 1416 sancti
1732 1351 1829 1417 illi
1872 1362 2094 1435 patres
2110 1404 2128 1432 ,
2186 1374 2306 1419 suo
2349 1361 2417 1418 et

454 1444 866 1518 posterorum
907 1437 1193 1502 nomine.
1266 1436 1713 1518 Quamobrem
1755 1435 1981 1504 fideles
2023 1439 2415 1505 israeliticae

454 1521 795 1602 ecclesiae,
843 1522 958 1586 tali
1001 1531 1263 1605 patrum
1308 1523 1646 1589 mentione
1691 1544 1827 1588 non
1871 1525 2414 1609 suffragationem

453 1614 689 1690 petunt
724 1630 766 1673 a
804 1610 1097 1687 mortuis,
1143 1610 1260 1674 sed
1295 1609 1794 1692 promissionem
1832 1612 2223 1695 simpliciter
2256 1612 2414 1677 alle-

541 1701 649 1772 nt,
717 1715 883 1777 quae
942 1693 1118 1778 apud
1181 1695 1330 1760 illos
1396 1695 1695 1780 deposita
1758 1697 2002 1774 fuerat,
2071 1696 2277 1764 donec
2343 1699 2411 1762 in

454 1715 706 1845 &bristi
749 1801 954 1845 manu
1008 1788 1153 1846 rata
1196 1780 1279 1846 ad
1336 1781 1607 1865 plenum
1650 1783 1855 1848 fieret.
1947 1782 2168 1864 Quam
2208 1784 2415 1867 igitur

452 1865 690 1931 insana
732 1875 833 1932 est
875 1867 1249 1946 curiositas,
1296 1867 1608 1934 derelicta
1650 1867 1883 1933 orandi
1925 1870 2169 1948 forma,
2216 1891 2413 1953 quam

453 1951 782 2017 Dominus
804 1953 993 2017 nobis
1014 1953 1526 2032 commendavit,
1550 1954 1695 2020 sine
1718 1954 1858 2020 ulla
1875 1953 2204 2035 doctrina,
2229 1955 2413 2021 nullo

453 2038 775 2121 exemp10‚
821 2047 1198 2104 sanctorum
1239 2041 1777 2106 intercessionem
1822 2042 2123 2124 precibus
2166 2045 2414 2107 nostris

452 2124 785 2189 inserere?
877 2123 1014 2190 Sed
1057 2135 1132 2190 ut
1173 2125 1389 2191 locum
1444 2126 1622 2193 hunc
1667 2128 1957 2193 breviter
2000 2128 2408 2209 concludam,

453 2211 526 2274 in
569 2209 689 2275 illa
730 2211 925 2275 Pauli
970 2214 1299 2277 sententia
1341 2211 1577 2295 pedem
1619 2215 1770 2298 figo,
1817 2235 1954 2279 non
1999 2234 2143 2280 esse
2183 2236 2411 2280 veram

452 2294 584 2361 Dei
618 2298 1130 2376 invocationem,
1177 2299 1302 2362 nisi
1351 2319 1518 2380 quae
1553 2321 1637 2364 ex
1672 2297 1801 2364 fide
1839 2301 2162 2378 nascitur:
2213 2298 2409 2365 fidem

451 2393 677 2446 autem
722 2403 866 2448 esse
909 2406 994 2449 ex
1033 2385 1235 2449 verbo
1269 2383 1400 2449 Dei
1439 2385 1657 2466 (Rom.
1705 2391 1799 2464 10,
1846 2387 1970 2469 14).
2045 2385 2244 2465 Satis,
2287 2388 2414 2452 nisi

451 2467 672 2546 fallor,
728 2470 872 2534 istis
919 2470 1140 2535 verbis
1183 2471 1535 2553 expressit,
1582 2494 1716 2536 non
1758 2472 1913 2537 alibi
1953 2474 2221 2537 firmum
2265 2493 2411 2538 ora-

450 2554 650 2620 tionis
693 2555 1202 2620 fundamentum
1246 2577 1421 2636 esse,
1483 2578 1681 2640 quam
1724 2559 1796 2621 in
1839 2558 1970 2623 Dei
2012 2559 2229 2624 verbo,
2319 2560 2415 2624 Et

453 2661 661 2724 quum
703 2640 863 2706 alibi
904 2642 974 2707 in
1033 2641 1318 2726 singulis
1363 2643 1539 2708 vitae
1583 2643 1949 2709 actionibus
1992 2643 2224 2722 fidem,
2288 2645 2410 2711 hoc

450 2734 584 2805 est,
670 2728 1111 2794 conscientiae
1186 2728 1651 2795 certitudinem
1718 2732 2086 2796 necessario
2152 2732 2411 2814 praeire

443 2811 702 2891 iubeat,
759 2814 1130 2897 specialiter
1172 2816 1245 2879 in
1289 2815 1438 2895 hac,
1498 2824 1566 2882 et
1608 2817 1819 2900 magis
1877 2838 2074 2898 quam
2131 2817 2204 2880 in
2263 2818 2411 2884 aliis

446 2898 783 2978 omnibuS,
843 2901 1087 2984 requiri
1140 2900 1444 2967 ostendit.
1533 2902 1681 2967 Hoc
1737 2910 1963 2968 tamen
2024 2902 2240 2968 adhuc
2294 2925 2408 2987 ap-

443 2986 582 3050 tius
639 2984 725 3050 ad
780 2995 1198 3069 praesentem
1254 3009 1550 3068 causam,
1609 3010 1816 3071 quum
1881 3010 1965 3053 ex
2023 2990 2152 3055 Dei
2208 2991 2409 3056 verbo

443 3069 738 3156 pendere
813 3073 1180 3140 orationem
1255 3081 1550 3141 testatur.
1668 3073 1953 3142 Perinde
2035 3076 2212 3141 enim
2290 3085 2406 3153 est,

444 3177 526 3223 ac
578 3158 635 3223 si
700 3160 1046 3226 universos
1101 3161 1402 3226 homines
1470 3162 1726 3227 hiscere
1790 3162 2200 3246 prohiberet,
2279 3163 2409 3227 nisi

443 3244 594 3310 Deo
660 3244 849 3326 quasi
913 3247 1116 3312 verba
1179 3256 1553 3329 praeeunte.
1646 3248 1779 3313 Hic
1843 3255 1946 3315 est
2010 3247 2198 3315 nobis
2260 3269 2408 3313 11111-

442 3351 566 3395 1·116
631 3331 953 3412 aheneus,
1012 3354 1207 3416 quem
1271 3335 1519 3399 frustra
1584 3355 1812 3401 omnes
1874 3342 2100 3418 portae
2163 3335 2407 3400 infero-

443 3437 602 3482 rum
659 3416 918 3483 diruere
973 3418 1335 3485 tentabunt.
1425 3419 1651 3501 Quum
1706 3421 1911 3504 igitur
1964 3422 2044 3486 de
2088 3444 2218 3487 uno
2263 3422 2407 3487 Deo

441 3502 814 3568 invocando
859 3504 1113 3570 clarum
1158 3514 1377 3572 exstet
1421 3511 1568 3586 [pag.
1607 3513 1717 3587 46]
1753 3505 2166 3587 mandatum;
2201 3529 2406 3592 quum

444 3586 686 3654 deinde
775 3592 1143 3674 propositus
1210 3594 1298 3658 sit
1374 3594 1700 3660 mediator
1779 3616 1952 3660 unus
2042 3595 2229 3661 cuius
2299 3595 2406 3659 in-

440 3675 845 3741 tercessione
909 3678 1218 3744 suffultae
1275 3700 1417 3745 esse
1455 3680 1768 3747 debeant
1820 3688 2084 3747 nostrae
2152 3701 2377 3765 preces
2389 3704 2405 3761 3

445 3781 653 3844 quum
700 3760 924 3827 addita
966 3785 1219 3847 quoque
1263 3766 1351 3830 sit
1391 3767 1772 3850 promissiO,
1818 3766 2133 3850 quidquid
2175 3768 2248 3832 in
2289 3788 2406 3832 no-

443 3847 628 3912 mine
685 3845 937 3914 Christi
992 3852 1377 3934 petierimus
1433 3874 1552 3918 nos
1606 3853 2100 3936 impetraturos:
2158 3853 2410 3919 dabunt

445 3932 717 3997 veniam
773 3934 1102 4017 homines,
1163 3940 1219 4004 si
1271 3945 1520 4005 certam
1588 3941 1806 4022 potius
1863 3940 1992 4005 Dei
2058 3941 2408 4008 veritatem

442 4039 651 4102 quam
694 4020 929 4085 frivola
970 4023 1261 4106 ipsorum
1316 4034 1688 4091 commenta
1734 4047 2103 4110 sequamur.
2192 4025 2410 4105 Certe,

445 4106 570 4189 qui
598 4114 1014 4173 mortuorum
1049 4111 1584 4179 intercessionem
1620 4114 1764 4178 Deo
1797 4113 1870 4176 111
1910 4111 2212 4196 precibus
2248 4112 2412 4177 obii-

445 4191 659 4271 ciunt,
707 4201 781 4257 ut
822 4194 1096 4273 facilius,
1142 4197 1259 4262 illa
1296 4196 1523 4278 adiuti,
1565 4199 1741 4280 quod
1774 4205 2011 4282 potunt
2054 4197 2409 4278 obtineant,

447 4277 849 4344 alterutrum
893 4302 978 4346 ex
1034 4280 1286 4348 duobus
1329 4283 1638 4366 probent,
1683 4305 1951 4351 necesse
1995 4293 2123 4350 est:
2183 4291 2299 4349 aut
2342 4306 2413 4351 se

445 4364 550 4428 ita
604 4363 863 4431 edoctos
919 4388 1062 4433 esse
1117 4369 1247 4434 Dei
1299 4370 1530 4449 verbo,
1597 4379 1712 4435 aut
1775 4370 1973 4436 licere
2038 4370 2414 4437 hominibus

445 4471 644 4515 orare
670 4459 747 4515 ut
779 4450 1063 4518 libuerit.
1113 4455 1318 4537 Atqui
1363 4455 1631 4522 destitui
1667 4477 1779 4539 eos
1814 4458 2010 4534 omni,
2050 4464 2186 4521 tam
2209 4457 2414 4541 scrip-

449 4546 645 4601 turae
686 4539 1078 4617 testimonio,
1122 4562 1321 4623 quam
1364 4542 1634 4625 probato
1677 4550 2058 4610 sanctorum
2094 4544 2415 4626 exemp10,

447 4620 676 4705 palam
722 4634 848 4689 est:
891 4625 965 4690 in
1007 4627 1294 4691 secundo
1338 4636 1559 4693 autem
1602 4629 1921 4694 reclamat
1963 4627 2240 4708 Paulus,
2300 4630 2415 4713 qui

447 4709 756 4774 invocari
810 4711 1030 4777 Deum
1085 4733 1277 4795 posse
1323 4720 1554 4798 negat,
1621 4716 1751 4781 nisi
1805 4716 1885 4781 ab
1940 4716 2052 4793 iis,
2109 4716 2222 4798 qui
2279 4716 2415 4780 sint

449 4794 602 4860 eius
646 4795 847 4861 verbo
889 4798 1179 4863 instituti
1223 4798 1307 4865 ad
1361 4799 1702 4865 orandum.
1793 4801 1973 4868 Hinc
2016 4801 2131 4867 illa
2174 4801 2416 4885 pendet

448 4877 725 4961 fiducia,
771 4904 901 4965 qua
943 4885 1084 4966 pias
1128 4891 1411 4966 mentes,
1473 4906 1676 4968 quum
1729 4886 1814 4952 ad
1867 4887 2189 4953 orandum
2232 4908 2413 4953 acce-

453 4966 644 5045 dunt,
691 4969 1021 5051 praeditas
1066 4972 1553 5054 instructasque
1608 4992 1750 5038 esse
1798 4975 2121 5039 convenit.
2211 4974 2413 5038 Mun-

455 5051 587 5118 dus
620 5052 766 5119 Dco
803 5057 1145 5139 supplicat,
1184 5057 1266 5123 de
1301 5077 1602 5124 successu
1635 5059 1892 5124 interea
1924 5058 2176 5124 dubius.
2242 5059 2419 5124 Nam

457 5159 673 5221 neque
716 5140 792 5205 in
834 5144 1334 5225 promissionem
1380 5145 1732 5224 recumbit;
1777 5166 1899 5210 nec
1941 5146 2217 5229 percipit
2260 5145 2418 5230 quid

454 5224 636 5291 istud
680 5228 919 5307 valeat,
961 5228 1203 5296 habere
1238 5230 1685 5308 mediatorem,
1730 5252 1848 5314 per
1878 5253 2075 5314 quem
2111 5238 2286 5297 certo
2330 5232 2419 5298 sit

453 5311 939 5393 impetraturus
990 5316 1164 5399 quod
1222 5318 1402 5401 petit.
1490 5317 1702 5383 Porro
1751 5317 1936 5384 Deus
2003 5319 2231 5384 venire
2294 5340 2416 5383 nos

453 5396 675 5479 iubet,
761 5400 1037 5468 minime
1113 5403 1515 5471 haesitantes
1591 5404 1864 5485 (Matth.
1913 5408 2014 5483 21,
2066 5408 2197 5487 22).
2308 5403 2418 5469 Ita

607 5503 829 5560 Calvina·
854 5521 1041 5575 opera.
1103 5506 1219 5563 Vol.
1265 5507 1363 5563 VI.

1811 472 2539 542 REE'ORMANDAE
2582 475 3129 547 ECCLESIAE.

4358 494 4489 559 482

2522 666 2750 747 orati0,
2794 687 2961 749 quae
3004 687 3089 732 ex
3132 688 3291 733 vera
3338 667 3467 738 fide
3510 671 3803 754 profecta
3834 671 3965 739 Dei
4011 675 4292 759 gratiam
4330 698 4493 744 con-

2523 751 2702 815 ciliat
2719 802 2735 829 ,
2797 751 3027 818 eadem
3077 775 3229 818 cum
3278 755 3599 821 eiusmodi
3644 757 4080 842 trepidatione
4133 764 4486 829 coniuncta

2522 838 2743 919 potius
2785 858 2937 902 eum
2982 860 3021 903 a
3064 840 3249 905 nobis
3293 840 3553 906 alienat.
3626 844 3813 911 Haec
3852 846 4030 911 enim
4074 855 4175 912 est
4217 849 4487 932 propria

2521 928 2708 1002 nota,
2754 944 2921 1006 quae
2965 944 3201 1007 puram
3241 927 3439 992 unius
3483 929 3614 994 Dei
3654 930 4138 998 invocationem
4183 954 4223 997 a
4264 936 4483 1017 profa-

2523 1007 2627 1072 nis
2705 1015 2774 1073 et
2839 1011 3026 1093 vagis
3103 1010 3517 1078 ethnicorum
3581 1016 4064 1099 precationibus
4142 1018 4475 1086 discernit.

2521 1093 2828 1172 Proinde,
2875 1094 2998 1161 hac
3042 1095 3315 1176 sublata,
3360 1100 3569 1164 oratio
3608 1101 3736 1165 Dei
3775 1102 3991 1167 cultus
4030 1124 4173 1170 esse
4220 1104 4477 1171 desinit.

2522 1179 2740 1262 Atque
2796 1179 2866 1244 id
2920 1188 3046 1260 est,
3107 1182 3282 1265 quod
3338 1184 3484 1250 vult
3535 1185 3840 1253 Iacobus:
3891 1187 4027 1269 Qui
4080 1188 4333 1273 indiget
4375 1213 4482 1257 sa-

2521 1266 2786 1347 pientia,
2825 1266 3060 1349 inquit,
3097 1269 3383 1350 postulet
3417 1291 3458 1334 a
3490 1270 3670 1350 Deo;
3712 1278 3860 1352 [pag.
3900 1279 4008 1353 47]
4044 1274 4161 1352 sed
4195 1277 4485 1359 postulet

2519 1352 2591 1415 in
2634 1350 2782 1429 fide,
2810 1351 2976 1416 nihil
3005 1353 3360 1420 haesitans.
3414 1356 3589 1422 Nam
3635 1360 3744 1440 qui
3792 1358 4094 1438 haesitat,
4140 1362 4198 1427 is
4242 1363 4480 1428 similis

2520 1446 2621 1502 est
2661 1438 2892 1503 fluctui
2934 1439 3166 1517 maris,
3226 1443 3336 1523 qui
3378 1444 3593 1508 ventis
3637 1445 3858 1527 agitur
3890 1453 3968 1521 ,et
4011 1445 4262 1528 impetu
4305 1449 4480 1530 rapi-

2519 1530 2629 1587 tur
2669 1523 2832 1604 (Iac.
2878 1529 2929 1602 l,
2971 1522 3060 1608 6).
3132 1525 3388 1592 Verum
3428 1528 3594 1593 nihil
3628 1531 3890 1610 mirum,
3929 1532 3984 1595 si
4021 1531 4287 1598 Christo
4322 1554 4482 1599 vero

2520 1608 2881 1674 mediatore
2926 1608 3281 1677 destitutus
3332 1613 3429 1677 ita
3469 1614 3932 1682 incertitudine
3988 1617 4480 1702 diffidentiaque

2518 1695 2815 1761 fluctuat.
2912 1696 3040 1761 Ille
3117 1699 3295 1763 enim
3360 1721 3532 1765 unus
3594 1709 3721 1781 est,
3802 1709 3882 1766 ut
3947 1703 4160 1786 inquit
4224 1705 4479 1770 Paulus

2520 1781 2741 1863 (Rom.
2782 1786 2840 1861 5,
2882 1784 2919 1844 2
2931 1804 2949 1861 ;
2994 1781 3239 1864 Ephes.
3281 1788 3338 1864 2,
3392 1787 3513 1866 18),
3606 1807 3678 1850 61·
3735 1809 3931 1871 quem
3987 1789 4309 1856 habemus
4362 1812 4481 1855 au·-

2520 1865 2774 1932 daciam
2829 1875 2897 1933 et
2961 1866 3215 1933 aditum
3272 1892 3425 1935 cum
3488 1873 3534 1936 fi
3584 1873 3759 1950 ucia,
3828 1874 3912 1938 ad
3975 1882 4249 1958 patrem.
4338 1876 4481 1941 Nos

2518 1952 2725 2036 igitur
2793 1954 3091 2020 homines
3135 1954 3219 2020 ad
3265 1955 3609 2021 Christum
3654 1958 3971 2024 adductos
4016 1981 4150 2025 non
4197 1961 4482 2045 amplius

2518 2039 2852 2104 alternare
2894 2037 3168 2118 orand0,
3227 2049 3342 2104 aut
3384 2042 3719 2123 vacillare,
3767 2052 3841 2110 ut
3885 2045 4212 2123 solebant,
4259 2046 4480 2112 docui-

2518 2143 2695 2189 mus:
2749 2124 2864 2191 sed
2920 2132 3065 2190 tuto
3112 2126 3524 2209 acquiescere
3566 2131 3768 2195 verbo
3812 2129 4088 2196 Domini
4131 2132 4478 2198 iussimus:

2518 2210 2692 2293 quod
2734 2210 2845 2276 ubi
2903 2210 3104 2276 semel
3144 2212 3557 2278 in'animum
3602 2223 3929 2296 penetrat,
3993 2237 4259 2282 omnem
4304 2217 4480 2299 indo,

2516 2318 2684 2380 quae
2729 2296 2882 2362 fidei
2934 2311 3293 2381 repugnat,
3352 2298 3833 2366 dubitationem
3890 2303 4117 2385 procul
4161 2305 4430 2369 excutit.

2688 2384 2926 2449 Restat
2990 2384 3264 2448 tertium
3326 2385 3560 2450 vitium
3619 2386 3792 2468 quod
3854 2388 3927 2452 in
3982 2389 4274 2454 oratione
4330 2410 4475 2455 cor-

2514 2470 2765 2535 rexisse
2809 2491 2928 2535 nos
2964 2469 3133 2560 dixi..
3194 2469 3369 2534 Nam
3396 2491 3599 2554 quum
3631 2473 3866 2556 lingua
3899 2474 4238 2558 incognita
4272 2475 4476 2559 vulgo

2513 2565 2945 2638 precarentur
2996 2555 3330 2632 homines,
3401 2557 3805 2639 precandum
3871 2578 4021 2624 cum
4079 2581 4277 2625 sensu
4334 2581 4478 2627 esse

2515 2640 2870 2720 docuimus.
2961 2641 3195 2725 Itaque
3237 2641 3602 2708 secundum
3646 2652 3943 2710 nostram
3978 2645 4348 2711 doctrinam
4383 2647 4480 2714 sic

2512 2728 2788 2811 quisque
2831 2747 3022 2792 orare
3056 2728 3371 2812 privatim
3414 2728 3800 2809 instituitur,
3842 2739 3915 2795 ut
3948 2731 4276 2815 intelligat
4314 2753 4482 2814 quae

2515 2834 2556 2879 a
2608 2813 2754 2879 Deo
2813 2815 2994 2896 petit.
3085 2812 3200 2878 Sic
3266 2814 3465 2878 etiam
3524 2817 3919 2897 compositae
3975 2823 4132 2881 sunt
4182 2816 4479 2901 publicae

2513 2920 2739 2982 preces
2792 2900 2863 2965 in
2924 2898 3215 2965 ecclesiis
3284 2900 3561 2979 nostris,
3630 2910 3707 2966 ut
3765 2921 3805 2965 a
3869 2903 4148 2986 singulis
4228 2905 4483 2986 possint

2511 2986 2810 3068 intelligi.
2919 2987 3137 3068 Atque
3202 2986 3295 3050 ita
3361 2984 3568 3052 dictat
3632 2994 3907 3052 naturae
3972 2989 4170 3052 ratio:
4267 2991 4473 3054 etiam

2513 3071 2570 3137 si
2615 3072 2785 3137 nihil
2829 3072 3014 3138 Deus
3057 3070 3182 3137 hac
3228 3071 3309 3137 de
3353 3094 3424 3136 re
3468 3073 3891 3157 praeciperet.
3982 3074 4113 3140 Hic
4158 3075 4336 3139 enim
4381 3082 4484 3141 est

2514 3159 2833 3223 orationis
2888 3158 3070 3236 finis,
3127 3166 3207 3222 ut
3263 3180 3533 3224 suarum
3591 3161 4059 3226 necessitatum
4118 3166 4358 3226 testem
4415 3167 4486 3226 et

2512 3245 2845 3310 conscium
2885 3243 3103 3309 Deum
3141 3244 3388 3310 faciant
3426 3244 3745 3326 homines,
3792 3253 3861 3311 et
3895 3245 4083 3330 quasi
4124 3246 4321 3312 corda
4361 3267 4485 3314 sua

2512 3350 2733 3395 coram
2776 3350 2854 3396 66
2910 3328 3271 3395 effundant.
3363 3330 3547 3395 Nihil
3589 3352 3745 3415 ergo
3805 3333 3887 3398 ab
3936 3352 4014 3397 ea
4060 3334 4270 3415 magis
4320 3334 4481 3399 alie-

2510 3438 2705 3496 num,
2771 3437 2972 3501 quam
3042 3418 3187 3481 sine
3251 3424 3474 3481 mente
3538 3424 3606 3481 et
3674 3418 4115 3502 intelligentia
4179 3419 4484 3503 linguam

2510 3523 2797 3570 movere.
2868 3502 3078 3586 Atqui
3121 3522 3198 3568 eo
3242 3502 3648 3586 stupiditatis
3681 3512 3959 3570 ventum
4001 3511 4160 3584 erat,
4208 3513 4286 3569 ut
4324 3504 4481 3572 vul-

2512 3589 2656 3674 gari
2711 3587 2943 3673 lingua
2995 3609 3183 3654 orare
3237 3610 3439 3672 prope
3494 3591 3565 3653 111
3630 3590 4021 3675 religionem
4080 3596 4478 3657 verteretur.

2512 3676 2793 3741 Possum
2847 3674 3408 3759 archiepiscopum
3451 3676 3823 3755 nominare,
3880 3677 3991 3761 qui
4036 3696 4367 3743 carcerem
4412 3684 4483 3742 et

2513 3763 2867 3828 atrociores
2910 3783 3155 3846 poenas
3197 3762 3495 3827 minatus
3538 3770 3640 3828 est
3673 3763 3730 3829 si
3775 3764 3920 3847 quis
3956 3764 4320 3828 orationem
4365 3761 4481 3828 do-

2513 3848 2859 3927 minicam,
2915 3848 3112 3912 aliter
3151 3869 3351 3932 quam
3394 3849 3599 3914 latine
3650 3853 3799 3928 [pag.
3838 3854 3948 3928 48]
3990 3848 4476 3930 pronunciaret.

2514 3933 2875 4001 Caeterum
2905 3935 3020 4000 illa
3053 3934 3188 3999 fere
3223 3935 3591 4001 communis
3625 3934 3922 4001 omnium
3953 3934 4078 3998 fuit
4109 3935 4477 4017 persuasio:

2516 4042 2645 4105 qua
2705 4022 2978 4105 quisque
3040 4020 3271 4103 lingua
3334 4020 3509 4085 domi
3575 4027 3823 4099 oraret,
3903 4018 4070 4083 nihil
4137 4019 4476 4101 interesse,

2516 4106 2710 4172 modo
2754 4107 3005 4185 finalis,
3063 4112 3140 4170 ut
3184 4104 3475 4184 aiebant,
3540 4107 3782 4171 mentis
3826 4105 4105 4189 intentio
4155 4104 4238 4170 ad
4283 4127 4480 4172 oran-

2518 4193 2678 4259 dum
2723 4192 3181 4258 destinaretur.
3254 4191 3337 4255 Iu
3382 4191 3646 4275 templis
3692 4197 3912 4256 autem
3948 4191 4072 4257 hoc
4117 4191 4336 4257 visum
4380 4201 4482 4259 est

2516 4280 2879 4364 plurimum
2937 4277 3022 4343 ad
3082 4277 3475 4361 dignitatem
3528 4278 3889 4361 pertinere,
3947 4298 4032 4342 ne
4094 4276 4222 4343 alia
4275 4299 4477 4361 quam

2517 4366 2725 4432 latina
2764 4365 2993 4450 lingua
3033 4383 3260 4447 preces
3304 4363 3605 4429 solennes
3648 4364 4164 4447 conciperentur.

2691 4451 2840 4518 Hoc
2875 4450 3139 4536 quidem
3173 4451 3307 4514 iam
3351 4450 3638 4533 portenti
3671 4449 3915 4529 simile,
3958 4457 4038 4515 ut
4072 4470 4284 4532 nuper
4319 4448 4478 4531 dixi,

2517 4539 2913 4622 colloquium
2957 4557 3107 4602 cum
3141 4537 3286 4601 Deo
3327 4536 3573 4601 habere
3614 4535 3788 4601 velle
3830 4536 4017 4600 inani
4058 4534 4327 4619 linguae
4372 4555 4479 4600 so-

2517 4627 2681 4690 nitu.
2771 4624 2921 4690 Hoc
2973 4623 3173 4689 etiam
3229 4622 3289 4687 si
3346 4621 3471 4688 sibi
3529 4621 3871 4706 displicere
3916 4620 4102 4686 Deus
4154 4622 4295 4703 ipse
4338 4642 4479 4687 non

2519 4717 2816 4790 testetur,
2863 4715 3120 4788 natura,
3168 4709 3311 4775 sine
3356 4708 3483 4774 alio
3519 4710 3865 4787 monitore,
3912 4706 4179 4790 respuit.
4268 4707 4476 4773 Prae-

2518 4806 2702 4863 terea
2744 4818 2828 4862 ex
2863 4803 3003 4861 tota
3042 4794 3406 4878 scripturae
3442 4794 3740 4860 doctrina
3772 4791 4063 4859 iudicare
4098 4800 4480 4875 promptum

2519 4892 2651 4962 est,
2708 4889 3109 4967 quantopere
3158 4880 3361 4946 talem
3414 4882 3745 4947 fictionem
3799 4879 4212 4945 abominetur
4266 4880 4476 4947 Deus.

2519 4969 2626 5035 De
2698 4968 2974 5052 publicis
3038 4974 3260 5032 autem
3330 4966 3641 5033 ecclesiae
3712 4963 4013 5048 precibus
4076 4964 4257 5029 clara
4320 4972 4480 5031 sunt

2520 5056 2716 5122 Pauli
2770 5055 3002 5122 verba:
3068 5075 3203 5118 non
3256 5074 3449 5136 posse
3504 5050 3741 5116 idiotas
3808 5048 4208 5134 respondere
4262 5071 4477 5133 amen,

2521 5144 2578 5208 si
2612 5141 2975 5208 benedictio
3009 5139 3241 5224 lingua
3272 5139 3489 5204 aliena
3523 5139 3642 5202 fiat
3675 5139 3740 5221 (1
3784 5136 3933 5203 Cor.
3981 5141 4076 5215 14,
4114 5136 4251 5219 16).
4326 5135 4481 5217 Quo

2520 5231 2733 5313 magis
2772 5228 3015 5293 mirum
3056 5234 3187 5305 est,
3245 5247 3321 5291 eo
3376 5221 3822 5306 impudentiae
3876 5242 4258 5308 progressos
4311 5243 4475 5305 6666,

2520 5316 2632 5398 qui
2707 5315 2883 5380 hunc
2956 5321 3096 5377 tam
3174 5330 3563 5396 perversum
3635 5330 3884 5375 morem
3960 5307 4479 5379 introduxerunt

2520 5401 2734 5485 primi,
2762 5407 2841 5465 ut
2860 5399 2986 5465 hoc
3006 5399 3247 5482 ipsum,
3271 5405 3587 5480 tanquam
3607 5396 3925 5463 orationis
3958 5395 4287 5460 maiestati
4322 5416 4483 5463 oon-
