4999 6179
427 494 551 555 105

1271 683 1540 740 n’mm.

600 767 774 855 Ouy.
864 769 999 836 Oar
1056 769 1122 836 16
1166 769 1382 837 diablo
1425 771 1618 837 veille
1662 775 1988 840 tousiours
2037 795 2153 840 sur
2195 788 2380 855 nous;

422 876 680 921 comme
732 877 826 921 un
889 857 1022 922 lion
1075 857 1416 941 rugissant
1470 859 1534 942 (l
1589 859 1821 958 Ρ16116
1869 866 1926 938 5,
1965 863 2055 945 8),

427 961 599 1007 nous
646 941 951 1008 devorer:
998 953 1066 1007 et
1106 964 1273 1009 nous
1318 964 1601 1010 sommes
1645 945 1703 1011 si
1746 946 1975 1012 foibles
2008 953 2078 1011 et
2112 946 2383 1031 fragiles

425 1048 518 1110 qu
518 1026 586 1091 ’il
644 1049 813 1098 nous
867 1029 1084 1094 auroit
1143 1028 1560 1095 incontinent
1613 1031 1884 1110 abbatu,
1954 1033 2010 1097 si
2064 1032 2240 1098 Dieu
2297 1055 2382 1097 ne

421 1133 596 1180 nous
638 1114 956 1196 fortifioit‚
997 1136 1167 1198 pour
1209 1136 1293 1181 66
1338 1117 1523 1181 avoir
1564 1117 1632 1182 16
1668 1118 1958 1184 victoire.

1228 1350 1296 1384 m
1329 1349 1589 1385 mlflm.

599 1413 747 1497 Que
790 1416 1052 1501 signifie
1095 1416 1157 1482 le
1200 1425 1340 1482 mot
1378 1417 1458 1481 de
1499 1419 1869 1495 tentation?

1279 1567 1312 1600 Ι.
1313 1545 1543 1600 'm

597 1631 735 1696 Les
793 1637 1051 1697 astuces
1107 1639 1175 1697 et
1226 1634 1612 1716 tromperies
1668 1633 1758 1698 du
1814 1633 2059 1714 (1161116,
2120 1635 2279 1699 (1661
2333 1635 2383 1699 11

424 1737 547 1782 use
600 1738 770 1801 pour
824 1739 993 1784 nous
1046 1717 1474 1802 surprendre,
1533 1720 1717 1785 selon
1774 1740 1900 1802 que
1955 1728 2179 1786 nostre
2233 1741 2385 1787 sens

375 1808 392 1819 ‘
423 1803 693 1869 naturel
735 1810 837 1869 est
878 1803 1098 1868 666116
1150 1811 1193 1868 a
1233 1812 1408 1871 estre
1452 1804 1683 1884 deceu,
1728 1813 1796 1871 et
1837 1825 2007 1871 nous
2051 1805 2382 1873 decevoir:

423 1896 495 1954 et
545 1897 769 1955 nostre
825 1890 1097 1957 volunte
1152 1898 1254 1959 est
1316 1891 1600 1975 plustost
1653 1898 1869 1974 preste
1914 1892 1995 1957 de
2038 1891 2386 1959 s'adonner

423 1995 514 2063 au
560 1975 697 2040 mal
740 1980 935 2060 qu’au
979 1976 1153 2042 bien.

1135 2239 1148 2259 ,
1227 2211 1586 2247 mmm.

595 2277 774 2343 Mais
827 2298 1172 2361 pom-quoy
1228 2277 1623 2344 demandes·
1635 2284 1710 2343 tu
1764 2286 1808 2344 6
1848 2277 2025 2344 Dieu
2081 2300 2170 2362 qu
2171 2280 2240 2344 'il
2294 2300 2388 2345 66.

419 2363 730 2429 t’induise
774 2365 961 2447 point
998 2383 1086 2428 au
1129 2365 1294 2443 mal,
1351 2386 1484 2429 veu
1526 2385 1653 2447 666
1696 2365 1837 2431 6616
1879 2374 1980 2431 661
2031 2365 2095 2430 16
2137 2386 2381 2450 propre

424 2449 616 2516 office
657 2449 748 2514 du
792 2448 1051 2516 diable?

1265 2598 1299 2632 1.
1299 2579 1534 2633 ’.mm

595 2663 871 2731 Comme
914 2666 1090 2730 Dieu
1133 2686 1254 2750 par
1298 2687 1373 2731 sa
1423 2664 1849 2732 misericorde
1905 2687 2219 2732 conserve
2271 2687 2377 2731 666

418 2751 678 2830 fideles,
737 2759 806 2816 et
846 2774 932 2816 ne
976 2759 1232 2834 permet
1275 2773 1400 2835 666
1443 2750 1506 2817 16
1552 2749 1764 2816 (1161116
1815 2751 1913 2818 166
1951 2751 2240 2831 66(111166,
2295 2773 2379 2817 66

416 2859 545 2922 666
606 2836 668 2901 le
723 2837 930 2920 peche
983 2838 1083 2903 166
1141 2845 1512 2916 surmonte,
1570 2838 1748 2903 aussi
1799 2859 1968 2904 ceux
2010 2859 2098 2921 qu
2101 2837 2170 2902 ’11
2220 2845 2380 2905 veut

415 2924 644 3007 punir,
699 2945 838 2988 non
880 2924 1247 2989 seulement
1289 2924 1337 2989 il
1378 2925 1476 2989 les
1520 2923 1940 3003 abandonne,
1995 2934 2064 2989 et
2100 2926 2301 2989 retire
2331 2928 2378 3001 ¹)

417 3030 497 3075 sa
539 3031 735 3096 grace
779 3008 1213 3075 (1’6611161616
1258 3011 1438 3077 aussi
1479 3010 1575 3076 les
1619 3009 1786 3077 livre
1827 3031 1910 3075 au
1937 3008 2169 3089 diablo,
2215 3031 2380 3095 pour

421 3104 596 3163 estre
640 3098 923 3163 subiectz
970 3104 1014 3162 6
1055 3119 1130 3162 sa
1172 3098 1496 3182 tyrannis,
1542 3097 1639 3163 les
1674 3098 1955 3182 aveugle
1988 3104 2056 3164 et
2097 3097 2195 3163 les
2240 3105 2379 3162 met

416 3204 504 3249 66
549 3203 705 3249 66116
747 3192 1086 3267 reprouve.

1225 3329 1292 3364 m
1327 3329 1586 3365 mm-

593 3396 746 3480 Que
786 3407 949 3465 veut
991 3396 1130 3463 dire
1175 3404 1352 3463 ceste
1386 3396 1892 3462 6(1(1111661061
1936 3405 1978 3462 6
2020 3405 2133 3484 toy
2167 3404 2272 3463 est
2315 3398 2379 3463 16

418 3485 678 3570 Regno,
724 3485 790 3549 la
825 3484 1032 3569 gleire
1071 3491 1140 3549 61
1177 3483 1244 3548 16
1275 3483 1639 3566 puissance‚
1656 3482 1716 3566 2)
1754 3505 1886 3549 aux
1922 3483 2150 3551 6166166
2166 3485 2227 3570 ⁸)
2263 3481 2379 3550 des

424 3569 703 3638 siecles‘?

1268 3719 1301 3751 1.
1303 3698 1537 3752 'm

590 3786 772 3852 Pour
815 3806 981 3851 nous
1029 3784 1295 3851 reduire
1340 3784 1421 3850 de
1471 3784 1703 3850 rechef
1736 3806 1821 3850 en
1863 3786 2204 3864 memoire‚
2251 3806 2376 3869 que

415 3893 543 3939 noz
598 3873 895 3938 oraisons
948 3878 1098 3936 sont
1132 3871 1432 3955 plustost
1481 3870 1750 3936 fondees
1806 3892 1892 3937 en
1936 3872 2112 3937 Dieu
2167 3878 2238 3938 61
2292 3893 2375 3937 66

416 3979 494 4024 sa
546 3959 899 4041 puissance
955 3964 1022 4022 et
1073 3958 1302 4038 116616,
1358 3976 1484 4040 666
1538 3978 1671 4022 666
1726 3977 1846 4040 pas
1890 3978 1976 4022 en
2017 3979 2213 4037 nous,
2261 3959 2375 4042 qui

413 4066 504 4110 ne
548 4064 833 4110 sommes
889 4064 1009 4126 pas
1063 4043 1294 4128 dignes
1339 4042 1399 4108 d’
1404 4043 1633 4108 ouvrir
1685 4044 1752 4109 la
1805 4043 2055 4110 bouche
2098 4065 2269 4129 pour
2310 4046 2373 4111 le

411 4132 734 4215 requerir.
822 4131 917 4195 Et
959 4129 1138 4195 aussi
1189 4151 1356 4213 pour
1396 4151 1564 4195 nous
1625 4129 1993 4213 apprendre
2038 4129 2118 4195 (16
2163 4130 2373 4197 616116

413 4224 632 4283 tontes
675 4238 800 4282 666
841 4217 1093 4300 prieres
1135 4236 1258 4299 par
1300 4236 1375 4282 66
1416 4217 1712 4300 louenge.

1182 4365 1249 4400 m
1283 4362 1541 4400 mmm.
1553 4344 1604 4411 ⁴)

589 4432 859 4499 N’est—il
893 4431 1072 4497 licite
1109 4430 1190 4496 de
1230 4429 1589 4497 demander
1622 4431 2051 4511 autre'chose,
2096 4437 2216 4512 [fol.
2260 4437 2369 4512 54]

412 4518 615 4584 sinon
655 4540 730 4584 66
771 4519 884 4601 661
930 4539 971 4583 6
1013 4523 1152 4582 6616
1190 4517 1436 4584 recite?

1261 4645 1524 4700 1361111111.

591 4732 913 4799 Combien
966 4754 1054 4816 66
1057 4731 1119 4796 ’11
1172 4752 1338 4796 6666
1395 4733 1522 4798 6611
1572 4731 1741 4798 libre
1799 4731 1860 4797 d‘
1864 4753 2020 4798 6661·
2084 4731 2143 4796 (1’
2149 4738 2371 4796 autres

409 4818 726 4904 parolles,
771 4828 839 4884 et
879 4818 941 4884 d’
945 4824 1134 4884 autre
1175 4817 1383 4883 forme
1427 4825 1496 4883 et
1536 4819 1849 4896 16661616,
1895 4818 1954 4884 61
1996 4825 2123 4884 est·
2130 4837 2203 4882 66
2245 4838 2371 4900 666

414 4905 603 4972 nulle
646 4904 906 4971 oraison
954 4925 1040 4970 ne
1084 4925 1232 4969 sera
1272 4904 1505 4970 iamais
1548 4869 1897 4989 aggreable
1941 4911 1982 4969 a
2023 4902 2229 4983 Dieu,
2277 4904 2371 4968 la-

414 4991 636 5076 quelle
678 5013 766 5057 ne
808 5013 879 5058 66
923 4997 1233 5075 rapporte
1268 4998 1331 5055 6
1348 4998 1521 5056 ceste
1556 5011 1653 5076 cy,
1699 5010 1953 5058 comme
1988 4997 2032 5055 6
2065 4990 2133 5055 16
2166 4989 2372 5075 reigle

412 5077 667 5160 unique
712 5077 793 5143 de
833 5076 991 5142 bien
1037 5077 1234 5162 prier.

729 5367 787 5422 1)
825 5369 1021 5423 reiette
1057 5367 1211 5423 1548.

411 5438 712 5494 (1116666116.
750 5467 816 5475 -
849 5437 936 5491 La
971 5439 1297 5506 quan-iesme
1334 5452 1533 5506 espece
1569 5437 1638 5490 du
1674 5451 1803 5505 vray
1837 5436 2084 5490 honneur
2121 5436 2186 5490 de
2221 5436 2377 5491 Dieu-

1766 493 2426 568 OATEOHISM'US
2468 495 3085 565 GENEVENSIS.

1509 5365 1573 5433 2)
1610 5367 1666 5421 la
1701 5368 1985 5437 puissance
2025 5374 2082 5421 et
2115 5368 2170 5422 la
2203 5368 2375 5436 gleire
2412 5364 2551 5420 1548
2591 5368 2726 5420 suiv.

4323 510 4446 573 106

2662 774 2756 839 Et
2798 776 2943 858 quis
2965 795 3189 841 carere
3230 708 3868 859 ΡοΒεὲἕξιΙωηι1661
3909 781 4088 848 enim
4131 786 4451 882 perpetuo

2101 868 2288 945 prest
2333 869 2376 926 6
2493 858 2682 925 661116
2754 860 3082 940 (116116166,
3154 861 3516 946 6116611666
3581 864 3794 931 166161
3851 866 4061 932 166616
4126 868 4450 968 rugientis

2494 967 2819 1029 quaerens
2863 968 3058 1030 quem
3103 945 3391 1013 devoret.
3479 950 3618 1015 Nos
3656 972 3835 1035 vero,
3880 973 4012 1035 qua
4052 974 4281 1020 sumus
4322 956 4449 1019 im-

2489 1030 2880 1112 becillitate,
2938 1035 3160 1098 statim
3220 1034 3741 1103 concideremus:
3793 1040 3926 1103 imo
3980 1039 4256 1123 singulis
4304 1060 4448 1105 mo-

2487 1119 2729 1185 mentis
2774 1126 2995 1184 actum
3028 1118 3108 1184 de
3152 1118 3342 1184 nobis
3385 1122 3571 1202 foret,
3616 1124 3751 1189 nisi
3781 1125 3967 1189 Deus
4009 1147 4129 1190 nos
4163 1124 4247 1191 ad
4279 1146 4449 1210 pug-

2488 1225 2648 1269 nam
2691 1204 3054 1270 instrueret
3091 1207 3230 1271 suis
3274 1209 3509 1287 armis,
3547 1230 3881 1293 manuque
3925 1232 4047 1276 sua
4087 1210 4446 1277 roboraret.

3338 1356 3596 1391 mlsmt.

2664 1417 2844 1499 Quid
2886 1419 3006 1485 tibi
3051 1421 3379 1504 significat
3419 1424 3801 1490 tentationis
3843 1424 4128 1490 nomen?

3390 1569 3539 1604 Ptmn.

2664 1635 2869 1699 Astus
2926 1633 3346 1718 fallaciasque
3406 1634 3724 1716 Satanae,
3777 1636 4012 1720 quibus
4065 1658 4184 1702 nos
4240 1638 4449 1703 conti-

2489 1727 2728 1783 nenter
2787 1719 3109 1798 adoritur,
3180 1728 3248 1785 et
3309 1721 3496 1788 facile
3548 1690 3848 1806 protinus
3922 1722 4447 1805 circumveniret,

2490 1805 2619 1870 nisi
2676 1805 2805 1870 Dei
2859 1826 2981 1889 ope
3039 1773 3518 1872 adiuvaremur.
3608 1810 3689 1874 N
3681 1832 3783 1874 ,116
3839 1818 3905 1874 61
3959 1830 4150 1875 mens
4203 1816 4447 1889 nostra,

2485 1912 2607 1974 pro
2650 1892 2881 1957 nativa
2934 1913 3056 1957 sua
3102 1894 3427 1973 vanitate,
3487 1894 3769 1960 obnoxia
3811 1896 3954 1962 eius
4005 1895 4203 1963 (16116.
4263 1903 4333 1960 61
4372 1901 4451 1959 61

2487 1979 2875 2060 propensior
2935 1986 3037 2043 est
3090 1999 3350 2062 semper
3402 1980 3710 2048 voluntas
3768 1988 3999 2047 nostra
4050 1983 4123 2046 in
4176 1982 4446 2061 malum,

2487 2062 2790 2146 protinus
2834 2063 2932 2128 illi
2974 2065 3446 2131 succumberet.

3336 2213 3595 2248 mISTBB.

2660 2280 2918 2344 Verum
2963 2299 3081 2344 cur
3115 2278 3487 2361 deprecaris
3531 2302 3618 2345 66
3652 2288 3720 2345 16
3758 2282 3831 2345 16
3862 2274 4305 2347 tentationem
4345 2283 4450 2348 in-

2485 2365 2684 2432 ducat
2739 2366 2927 2431 Deus
2943 2417 2958 2443 ‚
3018 2364 3194 2447 quod
3249 2363 3541 2431 Satanae
3597 2367 3970 2449 proprium,
4041 2389 4175 2432 non
4226 2376 4449 2434 autem

2483 2453 2612 2518 Dei
2656 2450 2961 2516 videtur?

3386 2599 3538 2635 rm.

2660 2663 2850 2731 Sicut
2902 2663 3130 2730 fideles
3174 2668 3580 2750 protectione
3634 2688 3753 2732 sua
3807 2674 4034 2732 tuetur
4085 2667 4313 2749 Deus,
4357 2689 4444 2734 66

2485 2759 2603 2817 661
2647 2749 2988 2816 fraudibus
3031 2754 3492 2835 opprimantur
3537 2751 3857 2832 Satanae,
3918 2763 4034 2818 aut
4087 2775 4128 2819 a
4179 2760 4445 2837 peccato

2483 2845 2908 2921 superentur:
2965 2838 3058 2902 ita
3112 2859 3272 2920 quos
3312 2838 3459 2903 vult
3545 2839 3765 2919 66116,
3828 2860 3963 2904 666
4005 2839 4197 2904 166(16
4242 2839 4443 2906 (16611-

2484 2924 2614 2989 tuit
2657 2945 2777 2989 sua
2812 2924 3048 3008 gratia,
3093 2922 3210 2990 sed
3253 2925 3454 2990 etiam
3557 2932 3791 2990 atanae
3833 2924 4176 3009 tyrannidi
4219 2925 4441 3006 tradit,

2484 3011 2797 3077 caecitate
2839 3010 3155 3094 percutit,
3203 3017 3271 3076 et
3312 3011 3575 3077 coniicit
3615 3009 3687 3074 in
3729 3012 4076 3094 reprobam
4119 3020 4442 3077 mentem:

2483 3104 2560 3162 ut
2613 3118 2883 3180 prorsus
2940 3097 3073 3162 sint
3128 3107 3394 3181 peccato
3448 3096 3838 3181 mancipati,
3903 3105 3970 3163 et
4022 3100 4301 3181 expositi
4359 3097 4443 3164 ad

2483 3202 2713 3248 omnes
2754 3184 3196 3249 tentationum
3242 3183 3545 3249 insultus.

3332 3329 3591 3366 mmm

2657 3396 2837 3478 Quid
2881 3397 3004 3463 sibi
3035 3396 3183 3463 vult
3226 3396 3408 3476 11666,
3455 3419 3625 3481 6666
3656 3397 3910 3464 6(116616
3948 3405 4067 3477 661,
4114 3397 4440 3464 61666616.

2485 3483 2799 3567 quoniam
2843 3491 3032 3548 tuum
3075 3489 3178 3548 est
3220 3504 3531 3567 regnum,
3588 3491 3707 3549 tua
3760 3484 4059 3567 potentia
4107 3492 4173 3548 et
4216 3484 4442 3569 gloria,

2481 3570 2557 3634 in
2601 3569 2864 3637 saecula
2906 3568 3314 3636 saeculorum
3329 3568 3362 3631 Ῥ

3386 3716 3538 3752 PUER-

2653 3784 2909 3850 Iterum
2951 3784 3061 3848 hic
3105 3782 3555 3864 admonemur,
3591 3782 3722 3850 Dei
3762 3784 3977 3868 magis
4014 3789 4131 3866 [fol.
4169 3788 4279 3864 66]
4324 3804 4440 3867 po-

2480 3870 2693 3937 tentia
2729 3879 2795 3936 et
2837 3869 3129 3936 bonitate
3164 3870 3467 3936 suffultas
3502 3891 3645 3936 esse
3672 3891 3900 3954 preces
3922 3876 4200 3949 nostras,
4243 3890 4441 3952 quam

2478 3956 2618 4022 ulla
2671 3957 2883 4022 nostri
2933 3955 3189 4023 fiducia.
3280 3957 3634 4022 Praeterea
3673 3958 3803 4022 Dei
3857 3954 4160 4022 laudibus
4210 3974 4441 4040 preces

2478 4063 2706 4109 omnes
2746 4050 3009 4109 nostras
3053 4041 3357 4108 claudere
3401 4042 3726 4136 docemur.

3320 4360 3579 4395 ἩΙΠΒΤΕΒ.

2650 4428 2922 4495 Nihilne
2974 4430 3075 4494 fas
3132 4435 3233 4493 est
3276 4449 3317 4492 a
3358 4428 3505 4493 Deo
3559 4434 3812 4512 petere,
3871 4448 4066 4510 quam
4123 4429 4291 4512 quod
4336 4435 4438 4493 est

2476 4516 2603 4582 hac
2645 4515 2928 4581 formula
2969 4513 3561 4597 comprehensum?

3380 4661 3532 4697 Poma.

2651 4730 2944 4829 Tametsi
2986 4727 3204 4796 verbis
3250 4729 3426 4809 aliis,
3475 4730 3729 4813 6116666
3774 4727 3966 4793 modo
4010 4727 4291 4792 liberum
4335 4734 4437 4793 est

2474 4817 2761 4901 precari:
2810 4815 2903 4882 sic
2947 4823 3170 4881 tamen
3214 4813 3593 4882 habendum
3637 4812 4065 4895 661,61111616
4106 4813 4251 4879 Deo
4292 4814 4433 4897 pla-

2475 4923 2624 4969 cere
2667 4903 3029 4968 orationem
3084 4923 3303 4985 posse,
3359 4923 3526 4985 quae
3580 4922 3715 4966 non
3772 4900 3932 4979 huc,
3991 4836 4336 4984 tanquamp
4349 4899 4434 4965 ad

2473 4989 2741 5055 unicam
2783 4988 2911 5053 rite
2955 4987 3188 5053 orandi
3231 5008 3549 5066 normam,
3596 4986 3941 5051 referatur.

3038 5366 3095 5433 3)
3135 5367 3193 5420 66
3228 5318 3821 5420 616616611561-1563.
4130 5361 4190 5430 4)
4228 5362 4308 5417 Le
4341 5363 4431 5419 44.
