4999 6179
553 452 677 515 495

549 637 805 724 legibus
850 636 1091 702 liberas
1139 645 1206 701 et
1250 635 1498 701 solutas
1541 655 1683 700 esse
1741 633 2100 700 docuimus.
2190 633 2387 720 Hanc
2431 633 2513 696 li-

547 726 887 799 bertatem,
934 744 1101 806 quae
1138 721 1456 804 acquisita
1492 729 1665 786 esset
1700 720 1952 785 Christi
1989 720 2334 804 sanguine,
2380 740 2514 784 non

549 831 692 876 esse
746 807 1286 893 prostituendam.
1376 808 1460 871 In
1515 806 1641 871 hae
1681 826 1878 871 causa
1921 807 1978 870 si
2014 807 2159 889 quis
2203 826 2323 870 nos
2368 825 2514 870 reos

547 896 765 974 faciat,
810 895 1034 959 trahat
1076 894 1149 958 in
1194 892 1476 958 eundem
1521 892 1717 957 simul
1762 897 2020 956 reatum
2066 899 2133 957 et
2166 890 2512 956 Christum

550 990 618 1047 et
659 981 986 1065 apostolos
1043 1000 1307 1045 necesse
1363 987 1478 1044 est.
1569 976 1867 1043 Necdum
1913 977 2041 1042 alia
2085 977 2284 1056 mala,
2345 996 2513 1060 quae

551 1088 673 1133 nos
715 1068 787 1131 in
831 1067 1158 1131 humanas
1208 1063 1595 1130 traditiones
1639 1062 1870 1128 invehi
1906 1070 2301 1146 coegerunt,
2350 1084 2512 1127 enu-

550 1174 752 1218 mer0.
843 1153 994 1217 Duo
1040 1159 1300 1216 tantum
1347 1171 1614 1234 ponam:
1661 1149 1899 1232 quibus
1943 1149 2216 1227 auditiS,
2273 1169 2512 1231 aequos

553 1260 782 1305 omnes
816 1237 1094 1303 lectores
1128 1241 1470 1302 contentos
1507 1236 1643 1300 fore
1688 1233 1963 1300 confido.
2038 1235 2293 1318 Nempe
2337 1233 2511 1317 quod

553 1345 778 1390 earum
826 1323 1199 1399 nonnullae,
1246 1343 1446 1405 quum
1477 1320 1876 1404 praestandi,
1923 1320 2091 1405 quod
2138 1320 2511 1405 exigebant,

553 1410 930 1476 facultatem
982 1408 1408 1484 excederent,
1478 1406 1646 1471 nihil
1713 1427 1910 1489 quarn
1979 1406 2061 1472 ad
2129 1406 2512 1491 hypocrisin

551 1496 898 1572 inducere,
968 1494 1073 1558 vel
1127 1494 1201 1558 in
1258 1493 1781 1576 desperationem
1836 1492 2158 1559 coniicere
2212 1492 2512 1558 homines

550 1588 834 1666 possent.
922 1580 1006 1645 In
1049 1578 1352 1644 omnibus
1395 1587 1618 1643 autem
1662 1600 1787 1644 usu
1833 1587 2132 1657 venerat,
2180 1576 2353 1662 quod
2397 1600 2513 1643 ex-

552 1665 905 1752 probrabat
926 1664 1237 1732 Christus
1261 1665 1668 1730 Pharisaeis:
1726 1672 1803 1728 ut
1847 1673 2117 1748 propter
2170 1686 2279 1730 eas
2323 1665 2516 1729 irrita

553 1756 791 1820 fierent
835 1751 1147 1817 mandata
1189 1751 1335 1816 Dei.

725 1838 1054 1920 Exempla
1097 1838 1228 1903 huc
1273 1836 1626 1914 adducam,
1688 1836 1926 1918 quibus
1985 1835 2053 1900 id
2098 1838 2308 1920 magis
2364 1858 2514 1921 per-

558 1927 864 2009 spicuum
917 1927 1048 1989 fiet.
1139 1924 1296 1987 'Pria
1339 1931 1532 2000 sunt,
1591 1921 1670 1986 de
1711 1922 1948 2004 quibus
1993 1922 2279 1988 maxime
2324 1922 2514 1987 nobis

559 2017 975 2077 succensent:
1027 2009 1200 2092 quod
1226 2009 1510 2074 liberum
1545 2008 1893 2074 fecerimus
1928 2008 2156 2090 quovis
2194 2008 2299 2072 die
2326 2029 2514 2073 esum

557 2095 854 2163 carnium
865 2119 883 2176 3
918 2095 1088 2178 quod
1118 2094 1563 2161 sacerdotibus
1587 2094 1966 2178 coniugium
1996 2095 2516 2177 permiserimus;

558 2181 730 2266 quod
797 2189 1113 2246 secretam
1189 2180 1691 2258 confessionem,
1770 2201 1933 2262 quae
2014 2178 2098 2243 ad
2164 2178 2519 2246 sacerdotis

560 2274 711 2349 [pag.
737 2273 845 2346 71]
879 2287 1107 2331 aurem
1138 2267 1356 2345 fiebat,
1386 2265 1968 2348 repudiaverimus
2048 2265 2522 2350 Respondeant

558 2354 724 2419 mihi
764 2354 937 2418 bona
977 2353 1107 2418 fide
1143 2351 1525 2429 adversarii,
1571 2371 1657 2416 an
1699 2371 1831 2416 non
1876 2353 2170 2434 asperius
2206 2352 2520 2434 puniatur

558 2437 735 2522 apud
778 2458 905 2518 eos,
953 2440 1066 2522 qui
1109 2459 1373 2505 earnem
1420 2437 1525 2503 die
1567 2437 1852 2502 Veneris
1891 2439 2275 2520 gustaverit,
2319 2457 2518 2521 quam

559 2527 671 2609 qui
714 2531 850 2589 toto
895 2525 1053 2590 anni
1098 2545 1292 2589 cursu
1339 2522 1598 2589 assidue
1644 2529 1970 2588 scortatus
2015 2523 2146 2588 sit?
2237 2524 2348 2588 An
2383 2544 2518 2588 non

558 2611 905 2695 capitalius
962 2619 1265 2676 censetur
1315 2611 1594 2686 crimen,
1663 2607 1720 2673 si
1775 2628 2052 2674 uxorem
2105 2607 2369 2673 duxerit
2412 2630 2518 2675 sa-

556 2696 811 2774 eerdOS,
873 2717 1073 2780 quam
1127 2697 1182 2759 si
1240 2695 1487 2759 centies
1544 2694 1614 2758 in
1665 2693 1987 2760 adulterio
2041 2696 2242 2760 fuerit
2286 2693 2518 2778 depre-

557 2780 849 2848 hensus?
943 2782 1053 2845 An
1096 2802 1229 2846 non
1277 2781 1532 2847 facilius
1575 2781 1960 2864 ignoscunt,
2019 2781 2075 2844 si
2119 2780 2264 2863 quis
2308 2780 2519 2846 multa

556 2868 691 2933 Dei
744 2875 1093 2951 praecepta
1145 2867 1644 2949 contempserit,
1712 2885 1908 2949 quam
1968 2866 2025 2931 si
2076 2875 2344 2949 peccata
2398 2887 2519 2930 sua

557 2952 959 3038 neglexerit,
1025 2952 1228 3018 semel
1294 2952 1672 3035 quotannis,
1740 2952 1813 3015 in
1876 2972 2104 3017 aurem
2161 2950 2516 3017 sacerdotis

557 3038 899 3106 confiteri?
992 3038 1224 3122 Quale,
1265 3039 1559 3119 obsecre,
1603 3043 2012 3121 portentum,
2060 3037 2373 3104 delictum
2414 3039 2518 3104 vi-

557 3126 702 3193 deri
745 3126 890 3192 leve
918 3132 985 3192 et
1010 3126 1210 3192 venia
1233 3125 1526 3210 dignum,
1574 3126 1632 3190 si
1676 3127 1823 3208 quis
1868 3133 2353 3192 sacrosanctam
2389 3126 2518 3191 Dei

554 3212 775 3298 legem
827 3212 1201 3279 violaverit:
1262 3212 1320 3278 si
1378 3213 1525 3295 quis
1581 3218 1802 3277 autem
1867 3210 2212 3277 hominum
2277 3213 2513 3295 placita

554 3304 1013 3383 transgressus
1055 3298 1271 3378 fuerit,
1317 3298 1529 3364 scelus
1572 3298 1970 3383 inexpiabile
2014 3297 2290 3364 haberi?
2363 3298 2519 3363 Non

556 3391 659 3450 est
699 3381 966 3467 quidem
1006 3403 1257 3449 novum
1300 3384 1709 3468 exemplum,
1754 3385 1979 3450 fateor.
2069 3384 2244 3449 Nam
2286 3391 2362 3449 et
2393 3383 2519 3449 hu-

554 3470 660 3537 ius
700 3468 1072 3554 pravitatis,
1116 3470 1667 3554 quemadmodum
1712 3470 1869 3551 dixi,
1913 3468 2256 3535 insimulat
2289 3470 2522 3535 Chris-

556 3564 666 3621 tus
709 3556 1134 3634 Pharisaeos,
1180 3556 1353 3640 quod
1396 3564 1667 3640 propter
1701 3577 1853 3623 suas
1905 3556 2289 3622 traditiones
2331 3556 2523 3621 irrita

555 3644 804 3708 faciant
845 3641 1162 3707 mandata
1204 3641 1336 3708 Dei
1381 3642 1648 3726 (Matth.
1696 3647 1792 3721 15,
1837 3641 1924 3727 6).
2001 3642 2188 3708 Haec
2214 3663 2375 3708 vero
2404 3642 2521 3706 illa

557 3736 660 3795 est
702 3727 1101 3795 Antichristi
1153 3729 1560 3814 arrogantia,
1614 3726 1695 3793 de
1740 3749 1873 3811 qua
1913 3728 2206 3812 loquitur
2245 3727 2517 3808 Paulus,

557 3814 728 3898 quod
787 3813 1013 3880 sedeat
1063 3814 1137 3879 in
1179 3814 1423 3898 templo
1468 3814 1624 3892 Dei,
1683 3820 2022 3880 ostentans
2076 3835 2146 3880 se
2244 3836 2319 3880 ro
2372 3815 2517 3880 Deo

558 3902 627 3986 (2
669 3900 899 3967 Thess.
940 3904 997 3978 2,
1038 3902 1128 3985 4).
1218 3900 1351 3968 Ubi
1404 3900 1580 3966 enim
1623 3899 2157 3983 incomparabilis
2271 3902 2332 3967 ei
2375 3922 2518 3967 ma-

558 3990 792 4066 iestas,
850 3996 1200 4070 postquam
1244 3988 1375 4052 huc
1420 3985 1717 4052 mortalis
1762 3986 1957 4052 homo
2000 3995 2350 4070 provectus
2395 3994 2515 4066 est,

557 4084 631 4139 ut
697 4073 838 4139 eius
891 4072 1073 4157 leges
1145 4073 1430 4139 aeternis
1483 4072 1613 4137 Dei
1666 4071 1947 4138 decretis
2011 4073 2513 4156 praeferantur?

559 4157 814 4225 Omitto
888 4158 1062 4242 quod
1133 4159 1431 4225 ciborum
1496 4165 1565 4224 et
1636 4158 1923 4243 coniugii
1987 4159 2515 4243 prohibitionem,

557 4245 922 4310 doctrinam
967 4243 1459 4310 daemoniorum
1514 4244 1805 4329 appellat
1854 4245 2185 4329 apostolus
2269 4252 2290 4309 1
2346 4246 2514 4311 Tim.

557 4337 617 4411 4,
658 4331 746 4415 3).
835 4330 921 4395 In
964 4351 1040 4395 66
1084 4329 1351 4414 quidem
1391 4332 1526 4396 iam
1564 4332 1717 4414 plus
1760 4332 1921 4397 satis
1962 4332 2138 4398 mali.
2283 4330 2364 4397 ed
2407 4332 2518 4398 hie

557 4436 906 4501 supremus
953 4424 1055 4480 est
1097 4417 1451 4500 impietatis
1495 4416 1827 4497 cumulus,
1869 4418 2099 4484 altiore
2143 4418 2355 4504 gradu
2395 4418 2516 4484 ho-

554 4504 804 4568 minem
846 4500 1161 4568 collocare
1176 4554 1192 4581 ,
1249 4525 1446 4587 quam
1489 4501 1731 4569 Deum.
1820 4501 1899 4569 Si
1943 4512 2196 4590 negant
2251 4525 2357 4570 me
2400 4525 2516 4571 ve-

555 4611 705 4654 rum
751 4587 986 4665 dicere,
1031 4608 1153 4673 ego
1196 4589 1280 4653 ad
1320 4610 1462 4654 rem
1505 4610 1807 4674 provoco.

729 4674 873 4739 Iam
904 4672 1074 4739 duae
1110 4674 1284 4754 illae,
1328 4675 1411 4740 de
1439 4675 1762 4741 caelibatu
1786 4684 1852 4742 et
1885 4675 2237 4743 auriculari
2264 4677 2517 4743 confes-

555 4761 770 4840 sione,
822 4760 1003 4844 leges
1048 4760 1206 4844 quid
1250 4760 1432 4828 aliud
1475 4768 1633 4827 sunt
1686 4783 1886 4845 quam
1925 4762 2102 4828 dirae
2143 4763 2518 4828 animarum

559 4851 709 4926 [pag.
749 4850 856 4925 72]
917 4847 1379 4914 carnificinae?
1467 4847 1563 4914 Ut
1616 4869 1842 4915 omnes
1899 4848 2323 4915 ecclesiarum
2392 4850 2517 4913 mi-

555 4931 752 4997 nistri
820 4942 1208 5016 perpetuam
1287 4935 1657 5001 castitatem
1733 4942 2037 5001 voveant.
2129 4935 2303 5000 Voto
2358 4954 2515 4999 con-

558 5025 764 5102 cepte,
806 5040 892 5083 ne
925 5018 1059 5085 illis
1102 5042 1394 5105 unquam
1436 5042 1677 5087 uxores
1723 5020 1962 5088 ducere
2005 5021 2105 5086 fas
2148 5020 2255 5085 sit.
2334 5018 2516 5100 Quid

558 5104 613 5170 si
658 5104 1099 5171 continentiae
1153 5105 1325 5172 dono
1389 5106 1694 5191 privatus
1736 5105 2016 5171 uratur?
2106 5105 2339 5184 Nulla,
2409 5105 2515 5170 in—

556 5191 823 5274 quiunt,
868 5193 1162 5276 exceptio
1204 5193 1312 5261 hic
1355 5193 1572 5261 locum
1618 5192 1875 5258 habeat.
1964 5192 2062 5257 At
2104 5191 2516 5274 experientia

556 5277 863 5358 ostendit,
907 5286 1154 5362 quanto
1197 5280 1651 5363 praestitisset,
1696 5297 2036 5360 nunquam
2068 5275 2514 5342 sacerdotibus

553 5363 933 5447 impositum
991 5385 1136 5432 esse
1193 5365 1317 5433 hoc
1371 5365 1630 5451 iugum,
1689 5384 1890 5447 quam
1932 5362 2004 5427 in
2058 5363 2318 5429 fornace
2361 5362 2514 5428 libi-

2165 444 2293 510 DE
2338 425 2978 514 NECESSITATE

4450 445 4575 507 496

2618 635 2851 700 diuum
2902 633 3191 700 inclusos
3244 638 3561 716 perpetuo
3618 630 3917 697 incendio
3973 638 4291 697 aestuare.
4380 631 4578 698 Reci-

2616 727 2763 785 tant
2803 719 3170 785 adversarii
3211 718 3615 803 virginitatis
3658 717 3918 784 laudes:
3966 718 4246 783 recitant
4289 725 4355 783 et
4398 737 4577 783 66111-

2616 804 2813 871 moda
2852 805 3232 883 caelibatus,
3278 825 3407 889 quo
3446 802 3577 869 11611
3622 811 3875 868 temere
3898 802 4326 869 interdictum
4355 824 4574 870 sacer-

2619 891 2876 958 dotibus
2930 891 3134 957 fuisse
3181 891 3563 974 coniugium
3619 891 3946 955 evincant.
4037 888 4369 955 Decorum
4417 910 4579 973 quo-

2617 998 2743 1061 que
2788 986 2856 1043 et
2898 978 3312 1043 honestatem
3355 974 3733 1041 obtendunt.
3807 973 3945 1041 Sed
3993 997 4078 1040 an
4124 975 4229 1040 his
4273 974 4578 1041 omnibus

2617 1065 2919 1143 efficient,
2958 1073 3033 1128 ut
3074 1063 3345 1147 laqueos
3387 1063 3657 1127 iniicere
3700 1061 3898 1128 liceat
3932 1061 4366 1140 conscientiis,
4412 1082 4578 1144 quas

2616 1171 2754 1214 non
2809 1150 3001 1215 modo
3062 1149 3308 1215 solutas
3374 1157 3442 1214 et
3512 1147 3754 1213 liberas
3821 1147 4179 1230 reliquerat
4244 1146 4575 1226 Christus,

2617 1234 2732 1301 sed
2775 1236 2845 1300 in
2888 1235 3262 1301 libertatem
3306 1233 3526 1312 etiam,
3572 1255 3693 1298 sua
3735 1235 4102 1310 autoritate,
4148 1233 4379 1316 suique
4423 1255 4577 1298 san-

2617 1323 2837 1405 guinis
2904 1321 3112 1404 pretio
3191 1319 3603 1386 asseruerat?
3691 1319 3840 1384 Hoc
3903 1319 4117 1385 facere
4179 1340 4314 1384 non
4379 1318 4581 1384 audet

2616 1407 2867 1473 Paulus
2923 1408 2983 1492 (Ι
3042 1406 3190 1472 Gor.
3231 1411 3290 1486 7,
3331 1408 3461 1491 35).
3550 1404 3746 1472 Unde
3804 1406 4009 1488 igitur
4066 1404 4227 1470 haee
4279 1424 4453 1471 nova
4497 1405 4577 1468 li-

2616 1492 2875 1560 centia?
2965 1492 3246 1571 Deinde,
3293 1500 3367 1556 ut
3407 1493 3478 1557 in
3522 1492 3775 1558 coelum
3808 1490 4112 1555 laudibus
4145 1491 4399 1556 feratur
4442 1490 4578 1557 vir-

2618 1580 2889 1663 ginitas,
2950 1579 3107 1661 quid
3149 1578 3274 1643 1166
3317 1578 3399 1642 ad
3445 1577 3858 1644 sacerdotum
3914 1575 4340 1655 caelibatum,
4394 1578 4578 1643 cuius

2618 1665 3058 1730 obscoenitate
3114 1665 3314 1729 foetet
3372 1671 3550 1730 totus
3611 1660 3940 1728 mundus?
4043 1660 4119 1728 Si
4186 1662 4577 1740 castitatem,

2618 1771 2817 1833 quam
2861 1750 3060 1816 verbo
3117 1751 3543 1834 profitentur,
3596 1771 3668 1813 re
3725 1749 3871 1832 ipsa
3923 1747 4380 1826 ostenderent,
4432 1755 4581 1814 tum

2617 1837 2750 1902 illis
2794 1837 2960 1901 forte
3002 1837 3486 1919 permitterem,
3543 1845 3617 1899 ut
3661 1833 3893 1899 decere
3938 1835 4034 1899 ita
4076 1835 4218 1899 fieri
4264 1834 4577 1901 dicerent.

2619 1922 2815 1987 Nunc
2858 1929 3080 1987 autem
3121 1943 3322 2004 quum
3363 1941 3558 1985 nemo
3602 1942 3735 1986 non
3776 1920 4055 1998 noverit,
4100 1921 4387 2005 coniugii
4427 1941 4582 2003 pro-

2620 2008 3004 2073 hibitionem
3081 2028 3224 2073 esse
3289 2007 3734 2073 sacerdotibus
3810 2004 4140 2071 scortandi
4216 2005 4576 2071 licentiam:

2623 2114 2751 2177 qua
2793 2093 3026 2172 fronte,
3073 2094 3359 2171 obsecre,
3407 2093 3610 2158 ullam
3657 2092 3876 2157 decori
3920 2093 4324 2157 mentionem
4368 2092 4580 2158 facere

2622 2177 2910 2245 audent?
2985 2179 3288 2260 Quorum
3330 2200 3490 2243 vero
3534 2199 3665 2243 non
3710 2187 3813 2243 est
3856 2177 4244 2261 pervulgata
4285 2177 4579 2258 infamia,

2623 2286 2776 2332 cum
2818 2264 2951 2330 illis
2995 2286 3081 2330 ne
3124 2265 3289 2329 mihi
3333 2263 3448 2329 diu
3491 2263 3828 2347 disputare
3877 2284 4145 2328 necesse
4188 2263 4292 2342 sit,
4339 2285 4449 2328 eos
4493 2263 4580 2330 ad

2622 2352 2752 2416 Dei
2796 2350 3082 2415 tribunal
3129 2371 3390 2429 revocO,
3436 2361 3513 2415 ut
3551 2351 3685 2416 illie
3731 2348 3811 2415 de
3856 2369 3977 2414 sua
4016 2349 4330 2432 pudicitia
4370 2349 4578 2415 disse-

2622 2445 2790 2502 rant.
2880 2436 3188 2519 Excipiet
3244 2436 3508 2520 aliquis,
3565 2436 3812 2500 nemini
3856 2436 4105 2518 imponi
4146 2435 4396 2520 legem,
4449 2436 4581 2501 nisi

2622 2524 2732 2606 qui
2775 2530 3012 2607 sponte
3054 2523 3331 2588 voverit.
3420 2524 3515 2588 At
3555 2543 3721 2606 quae
3766 2522 3973 2586 maior
4022 2523 4373 2587 necessitas
4414 2519 4582 2606 fingi

2621 2617 2852 2691 potest,
2899 2629 3097 2692 quam
3142 2607 3303 2673 dum
3346 2607 3428 2671 ad
3469 2605 3851 2675 vovendum
3895 2607 4181 2692 cogunt?
4275 2612 4424 2687 [pag.
4472 2612 4582 2687 73]

2623 2693 2949 2760 Omnibus
2996 2693 3432 2759 denunciatur
3472 2693 3636 2760 haec
3676 2693 3981 2770 conditio,
4026 2714 4112 2759 ne
4155 2694 4302 2778 quis
4348 2693 4433 2758 ad
4475 2712 4582 2758 sa-

2622 2779 2893 2845 cerdotii
2933 2779 3227 2845 ordinem
3271 2780 3688 2857 admittatur,
3744 2780 3852 2862 qui
3899 2799 4034 2844 11611
4078 2802 4149 2845 66
4194 2781 4380 2863 prius
4425 2787 4580 2845 voto

2623 2863 2706 2930 ad
2749 2872 3141 2949 perpetuum
3185 2866 3576 2932 caelibatum
3620 2866 4064 2931 obstrinxerit.
4123 2865 4260 2946 Qui
4303 2866 4581 2945 voverit,

2624 2953 2824 3016 etiam
2865 2952 3115 3018 invitus
3160 2966 3429 3036 cogatur
3474 2950 3557 3017 ad
3599 2951 4101 3036 praestandum,
4158 2949 4334 3035 quod
4376 2951 4583 3018 semel

2622 3038 2901 3122 recepit:
2966 3060 3089 3105 nec
3154 3038 3291 3103 ulla
3356 3038 3688 3106 excusatio
3746 3040 3817 3104 in
3874 3039 4271 3106 contrariam
4322 3045 4585 3124 partem

2621 3124 2950 3191 audiatur.
3038 3126 3283 3191 Postea
3323 3125 3774 3191 voluntarium
3828 3146 3971 3192 esse
4014 3123 4274 3203 dicunt,
4332 3126 4445 3209 qui
4488 3126 4586 3193 sio

2621 3212 2927 3296 exigitur,
2968 3211 3377 3277 caelibatum.
3470 3210 3663 3294 Quod
3718 3219 3943 3277 autem
3990 3212 4276 3296 coniugii
4331 3213 4584 3277 incom-

2621 3298 2845 3375 moda,
2905 3306 2973 3363 et
3015 3297 3356 3365 commoda
3398 3297 3757 3364 caelibatus
3802 3306 4164 3375 recensent,
4210 3297 4586 3365 rhetoribus

2622 3382 3110 3451 concedendum
3155 3391 3273 3463 est,
3319 3392 3396 3449 ut
3440 3383 3520 3450 de
3560 3384 3641 3451 iis
3684 3385 3880 3450 rebus
3925 3384 4401 3452 declamitando
4442 3390 4585 3470 sty-

2622 3470 2765 3535 lum
2807 3471 2880 3535 in
2923 3471 3164 3536 scholis
3207 3478 3575 3537 exerceant.
3664 3469 3924 3536 Verum
3964 3469 4281 3555 quidquid
4326 3470 4582 3537 dictum

2622 3556 2848 3635 fuerit,
2906 3557 3074 3622 tanti
3128 3578 3271 3622 esse
3324 3577 3463 3622 non
3518 3555 3742 3636 debet,
3799 3565 3875 3622 ut
3927 3565 4276 3642 propterea
4332 3556 4588 3622 exitiali

2622 3642 2851 3726 laqueo
2909 3643 3273 3708 induantur
3328 3644 3607 3709 miserae
3662 3645 3950 3723 animae,
4007 3665 4289 3728 quocum
4342 3643 4586 3710 luctari

2620 3737 2965 3813 perpetue,
3025 3729 3230 3796 donec
3274 3730 3724 3814 strangulatae
3765 3730 4040 3811 fuerint,
4087 3735 4400 3814 oporteat.
4487 3729 4587 3794 Et

2620 3824 2846 3881 tamen
2889 3815 2959 3880 in
3004 3821 3143 3880 tam
3184 3816 3511 3900 flagitiosa
3543 3815 3970 3900 turpitudine,
4017 3815 4192 3899 quod
4229 3814 4585 3882 ridiculum

2621 3908 2751 3981 est,
2808 3901 3025 3967 locum
3067 3903 3430 3967 etiamnum
3484 3901 3684 3967 habet
3730 3903 4109 3988 hypocrisis.
4200 3902 4375 3967 Nam
4416 3922 4584 3985 qua-

2619 3988 2974 4072 lescunque
3017 3988 3180 4067 sint,
3238 3988 3543 4055 meliores
3597 3996 3821 4054 tamen
3876 4010 3946 4053 se
3992 3987 4115 4054 hoc
4170 3989 4431 4053 nomine
4475 4008 4585 4053 re·

2621 4082 2884 4159 putant,
2942 4073 3112 4158 quod
3157 4083 3383 4140 carent
3438 4075 3771 4140 uxoribus.
3862 4074 4309 4141 Confessionis
4352 4072 4584 4139 eadem

2620 4168 2725 4226 est
2766 4182 2978 4227 causa.
3049 4161 3387 4228 Utilitates
3427 4161 3604 4225 enim
3639 4160 3975 4244 colligunt,
4020 4182 4186 4244 quae
4226 4159 4380 4225 inde
4422 4181 4583 4226 con-

2620 4255 3008 4330 sequuntur.
3073 4247 3278 4313 Nobis
3320 4268 3405 4312 ex
3440 4246 3715 4313 adverso
3759 4267 3895 4312 non
3934 4247 4155 4312 minus
4198 4254 4583 4332 promptum

2621 4341 2747 4411 est,
2805 4332 3100 4416 pericula
3151 4353 3286 4398 11611
3341 4352 3551 4415 pauca
3598 4331 3919 4411 indicare,
3978 4354 4146 4416 quae
4200 4334 4436 4398 merito
4492 4332 4582 4397 ti-

2620 4418 2862 4484 menda
2914 4420 3075 4484 sint:
3133 4419 3456 4504 plurimas
3511 4418 3712 4483 etiam
3770 4426 3836 4484 et
3887 4419 4314 4504 gravissimas
4367 4439 4581 4486 116166

2619 4505 2898 4584 referre,
2943 4526 3112 4588 quae
3154 4504 3309 4570 inde
3353 4511 3726 4569 manarunt.
3816 4504 4029 4585 Haec,
4075 4506 4373 4589 inquam,
4419 4511 4582 4570 sunt

2619 4598 3041 4676 argumenta,
3098 4590 3180 4655 de
3231 4590 3468 4673 quibus
3509 4589 3583 4654 in
3638 4597 3987 4674 utramque
4038 4600 4297 4675 partem
4353 4590 4580 4675 dispu-

2622 4684 2765 4742 tare
2807 4675 3020 4742 liceat.
3109 4677 3205 4741 At
3257 4683 3577 4759 perpetua
3632 4683 3733 4743 est
3776 4675 4028 4743 Christi
4086 4677 4348 4762 regula,
4408 4698 4583 4761 quae

2619 4784 2740 4829 nee
2784 4762 3028 4827 mutari
3083 4783 3203 4828 nec
3243 4763 3420 4827 flecti
3472 4761 3604 4829 huc
3648 4762 3755 4827 vel
3810 4762 3966 4828 illuc
4010 4771 4257 4847 potest,
4317 4763 4451 4828 imo
4496 4763 4583 4831 de

2619 4868 2748 4932 qua
2800 4848 2987 4913 nefas
3041 4856 3142 4911 est
3195 4867 3460 4913 movere
3514 4850 4054 4915 controversiam:
4116 4870 4203 4914 116
4258 4850 4583 4916 servitute

2620 4941 2988 5018 urgeantur
3025 4934 3474 5000 conscientiae.
3564 4934 3920 5000 Praeterea
3963 4935 4284 5001 eiusmodi
4322 4935 4431 5001 lex
4476 4943 4584 5002 est

2618 5040 2816 5168 guam
2855 5025 3118 5104 urgent,
3162 5027 3238 5084 ut
3271 5039 3406 5084 11611
3449 5020 3577 5085 11161
3611 5022 3985 5088 excruciare
4027 5022 4284 5088 animas
4318 5028 4387 5087 et
4428 5029 4580 5088 tan-

2663 5126 2771 5170 em
2843 5105 3148 5189 iugulare
3220 5106 3442 5190 possit.
3532 5105 3728 5171 Iubet
3799 5108 3976 5173 enim
4039 5128 4584 5191 unumquemque

2620 5210 2741 5256 sua
2779 5199 3046 5273 peccata
3080 5193 3301 5257 omnia
3334 5192 3687 5275 quotannis
3732 5198 3881 5273 [pag.
3921 5199 4026 5276 74]
4062 5196 4325 5278 proprio
4358 5214 4582 5261 sacer-

2620 5275 2755 5341 doti
2797 5278 3125 5343 confiteri:
3172 5279 3302 5343 11161
3335 5276 3404 5343 id
3444 5279 3579 5357 fiat,
3626 5279 3878 5344 nullam
3916 5278 4307 5346 obtinendae
4343 5281 4581 5349 veniae

2618 5383 2804 5447 spem
2848 5363 3179 5448 relinquit.
3268 5363 3352 5430 Id
3392 5365 3478 5429 116
3535 5384 3618 5429 61
3658 5366 4014 5431 centesima
4067 5364 4333 5450 quidem
4385 5376 4582 5450 parte

4416 6136 4429 6139 e
4476 6000 4999 6139 ΨΜ
