4999 6179
457 424 582 487 465

453 610 715 688 nuncio,
760 609 931 675 iram
953 610 1084 675 Dei
1102 608 1373 677 horrere
1390 610 1663 678 discant.
1735 612 1886 693 Hic,
1931 613 2223 696 inquam,
2269 615 2405 698 pri-

452 718 605 763 mus
638 704 741 763 est
771 694 1036 781 gradus,
1075 716 1204 778 quo
1228 695 1312 761 ad
1347 697 1629 764 salutem
1663 700 2073 782 pervenitur,
2111 707 2188 764 ιιι
2210 701 2407 765 homo

452 784 526 850 in
568 803 641 849 se
683 783 826 866 ipso
869 789 1240 866 prostratus
1284 790 1354 848 et
1395 786 1747 865 attonitus,
1794 785 1875 850 de
1914 786 2220 852 omnibus
2263 808 2406 852 car-

451 870 556 936 nis
599 867 946 953 praesidiis
981 867 1307 951 desperet:
1355 890 1569 952 neque
1598 878 1824 937 tamen
1867 871 2147 937 obduret
2190 893 2263 937 se
2306 873 2406 956 ip·

451 977 604 1023 sum
638 954 958 1021 adversus
1000 953 1318 1022 iudicium
1347 956 1498 1036 Dei,
1543 964 1661 1025 aut
1703 958 1888 1040 quasi
1927 955 2211 1023 obducto
2238 958 2406 1024 callo

452 1043 893 1125 obstupescat:
941 1040 1056 1107 sed
1094 1040 1389 1125 trepidus
1432 1050 1500 1107 et
1542 1043 1783 1108 anxius
1828 1042 2049 1108 dolore
2090 1044 2405 1127 ingemis-

452 1135 582 1208 cat,
652 1128 1067 1212 suspiretque
1123 1125 1207 1193 ad
1263 1128 1648 1194 remedium.
1737 1129 1918 1194 Hinc
1972 1128 2055 1194 ad
2121 1130 2404 1195 alterum

451 1213 734 1302 gradum
770 1212 964 1279 debet
993 1234 1280 1299 surgere.
1348 1212 1432 1279 Id
1461 1216 1555 1295 fit,
1599 1214 1758 1280 dum
1781 1214 2117 1300 agnitione
2153 1214 2408 1282 Christi

453 1307 710 1368 erectus
751 1299 1049 1383 respirat.
1110 1300 1388 1364 Homini
1425 1301 1602 1365 enim
1637 1302 1704 1365 in
1751 1300 1949 1381 hunc,
1993 1322 2188 1384 quem
2235 1302 2406 1368 dixi-

447 1409 615 1463 mus,
660 1384 930 1450 modum
970 1386 1333 1465 humiliato,
1378 1407 1512 1451 non
1549 1386 1732 1451 aliud
1763 1394 1987 1465 restat,
2033 1389 2159 1452 nisi
2205 1395 2281 1453 ut
2323 1386 2408 1452 ad

450 1472 797 1541 Christum
851 1492 924 1537 se
963 1479 1334 1551 convertat,
1390 1481 1470 1537 ιιι
1510 1474 1653 1538 eius
1697 1471 2012 1539 beneficio
2056 1494 2096 1538 a
2138 1473 2409 1539 miseria

446 1561 782 1627 liberetur.
872 1558 1128 1623 Verum
1204 1557 1486 1623 salutem
1550 1559 1623 1623 in
1689 1558 1956 1625 Christo
2016 1559 2074 1625 is
2141 1559 2407 1625 demum

449 1646 727 1731 quaerit,
775 1645 886 1727 qui
927 1644 1071 1709 eius
1115 1644 1432 1708 virtutem
1475 1652 1684 1709 tenet:
1730 1645 1860 1710 hoc
1899 1652 2020 1722 est,
2063 1646 2176 1728 qui
2217 1645 2408 1711 illum

582 1731 750 1797 oscit
785 1730 1061 1796 unicum
1104 1728 1528 1809 sacerdotem,
1572 1750 1692 1814 per
1725 1752 1921 1813 quem
1964 1731 2139 1814 patri
2181 1752 2409 1797 recon-

559 1838 776 1883 emur:
832 1816 945 1900 qui
996 1824 1276 1880 mortem
1321 1816 1462 1882 eius
1516 1817 1788 1882 unicum
1827 1818 2219 1882 sacrificium
2264 1837 2408 1881 esse

449 1904 747 1989 agnoscit
777 1922 904 1987 quo
930 1902 1197 1985 expiata
1229 1902 1365 1966 sint
1396 1910 1681 1986 peccata,
1729 1903 2136 1968 satisfactum
2169 1902 2410 1968 iudicio

446 1990 596 2070 Dei,
642 2009 803 2055 vera
844 1995 912 2053 et
952 1988 1245 2071 perfecta
1287 1988 1539 2054 iustitia
1580 1988 1925 2072 acquisita:
1973 1990 2084 2072 qui
2128 1989 2408 2073 denique

447 2077 625 2142 inter
668 2096 738 2141 se
782 2082 851 2140 et
890 2073 1085 2139 illum
1129 2094 1263 2138 non
1309 2073 1638 2153 dimidiat,
1695 2074 1811 2140 sed
1850 2094 2106 2140 merum
2152 2082 2218 2141 et
2255 2095 2409 2159 gra-

448 2164 695 2227 tuitum
748 2160 891 2225 eius
943 2160 1333 2225 beneficium
1388 2180 1531 2226 esse
1585 2162 1910 2243 agnoscit,
1965 2159 2140 2244 quod
2191 2162 2409 2226 iustus

449 2269 672 2316 coram
713 2247 858 2312 Deo
899 2254 1017 2312 est.
1095 2245 1202 2310 Ab
1249 2246 1371 2311 hoc
1415 2267 1669 2330 quoque
1714 2246 1926 2330 gradu
1968 2245 2407 2313 conscendere

449 2333 535 2401 ad
575 2333 850 2399 tertium
876 2352 1143 2398 necesse
1184 2339 1314 2397 est:
1359 2340 1436 2396 ut
1476 2332 1588 2415 qui
1632 2330 1713 2397 de
1749 2331 2003 2399 Christi
2046 2334 2278 2418 gratia,
2326 2332 2407 2398 de

447 2420 682 2486 mortis
727 2425 795 2484 et
834 2417 1336 2484 resurrectionis
1381 2420 1522 2483 eius
1565 2418 1783 2484 fructu
1838 2418 2106 2485 edoctus
2150 2426 2280 2497 est,
2335 2419 2407 2484 in

446 2529 523 2573 eo
564 2505 773 2573 solida
812 2506 1129 2588 firmaque
1165 2503 1405 2569 fiducia
1445 2505 1837 2587 acquiescat,
1886 2526 1962 2571 ac
2005 2526 2229 2571 secum
2273 2510 2414 2569 sta-‘

445 2599 617 2673 tuat,
675 2593 770 2656 ita
813 2613 1007 2657 suum
1052 2610 1195 2655 esse
1240 2589 1617 2671 Christum,
1661 2597 1738 2655 ιιι
1778 2591 2103 2656 iustitiam
2146 2592 2219 2657 in
2262 2591 2407 2674 ipso

445 2678 781 2761 vitamque
823 2675 1173 2759 possideat.

619 2769 768 2844 [pag.
812 2752 916 2843 17]
952 2763 1147 2828 Nunc
1188 2761 1409 2828 videte
1453 2782 1651 2845 quam
1686 2762 1925 2827 misere
1968 2782 2201 2829 eversa
2242 2762 2408 2829 haec

446 2851 745 2917 doctrina
786 2850 1002 2914 fucrit.
1070 2849 1174 2914 De
1207 2854 1470 2931 peccato
1518 2848 1822 2931 originali
1867 2848 2170 2930 spinosae
2206 2870 2406 2933 quae-

446 2939 695 3004 stiones
753 2936 1040 3020 agitatae
1084 2941 1241 2999 sunt
1297 2934 1369 2998 in
1414 2934 1680 3013 scholiS,
1738 2934 1975 3017 quibus
2031 2935 2212 3000 hunc
2266 2942 2406 3001 tam

445 3023 782 3089 exitialem
838 3020 1122 3087 hominis
1178 3020 1509 3098 morbum,
1577 3031 1898 3102 quantum
1962 3020 2111 3086 fieri
2172 3023 2403 3107 potuit,

445 3112 810 3176 elevarunt.
900 3108 1077 3174 Nam
1125 3128 1335 3188 quum
1380 3105 1461 3170 de
1504 3106 1620 3170 illo
1666 3106 2035 3190 disputant,
2094 3108 2408 3192 redigunt

443 3198 583 3264 fere
638 3195 723 3262 ad
776 3194 973 3279 gulae
1032 3200 1099 3259 et
1151 3191 1441 3258 libidinis
1485 3193 1958 3276 intemperiem.
2047 3195 2154 3259 De
2198 3195 2407 3260 caeci-

443 3290 582 3348 tate
625 3290 694 3348 et
727 3281 1023 3348 vanitate
1066 3279 1338 3358 mentis,
1394 3301 1477 3343 ex
1533 3300 1664 3361 qua
1716 3278 2044 3362 prodeunt
2099 3280 2406 3345 incredu-

442 3369 598 3435 litas
642 3375 709 3433 et
753 3365 1162 3450 superstitio,
1222 3365 1304 3430 de
1345 3365 1661 3431 interiore
1704 3365 1908 3431 animi
1953 3366 2278 3450 nequitia,
2325 3365 2406 3433 de

444 3454 782 3539 superbia,
842 3452 922 3518 de
966 3452 1323 3517 ambitione
1367 3459 1435 3517 et
1476 3451 1920 3530 contumacia,
1980 3450 2061 3518 de
2106 3453 2253 3518 aliis
2299 3474 2404 3518 ar-

441 3541 630 3608 canis
672 3539 893 3617 malis,
939 3538 1163 3603 nullus
1207 3559 1439 3604 sermo.
1528 3537 1893 3604 Conciones
1937 3538 2145 3603 nihilo
2188 3540 2405 3604 sanio-

443 3649 570 3694 res.
659 3626 807 3691 Iam
860 3625 1052 3690 liberi
1105 3624 1362 3690 arbitrii
1416 3622 1846 3709 praedicatiO,
1912 3625 2124 3708 qualis
2180 3624 2403 3690 audie-

441 3713 672 3792 batur,
732 3719 1086 3795 antequam
1140 3710 1485 3795 prodirent
1526 3711 1871 3775 Lutherus
1927 3719 1996 3775 et
2047 3712 2188 3790 alii,
2248 3710 2406 3795 quid

445 3798 629 3866 aliud
673 3805 930 3882 poterat
973 3818 1170 3881 quam
1215 3796 1400 3861 inani
1442 3797 1744 3881 propriae
1788 3797 2055 3863 virtutis
2099 3797 2406 3882 opinione

441 3888 677 3953 inflare
718 3884 1037 3961 homines,
1078 3890 1157 3948 ιιι
1197 3883 1335 3949 solo
1371 3867 1569 3948 vento
1605 3880 1854 3967 turgidi
1889 3883 2161 3966 spiritus
2193 3884 2406 3950 sancti

568 3973 701 4036 tiae
742 3977 810 4035 et
851 3969 1097 4035 auxilio
1137 3969 1353 4035 locum
1397 3989 1535 4033 non
1579 3968 1856 4034 darent?
1925 3968 2105 4050 Quid
2148 3970 2403 4035 multa?

443 3994 651 4125 fflna
686 4063 788 4122 est
826 4057 1036 4121 maior
1067 4056 1247 4121 inter
1278 4076 1397 4122 nos
1435 4056 1849 4134 concertatiO,
1895 4062 1964 4119 et
2006 4056 2078 4120 in
2114 4078 2243 4139 qua
2288 4076 2406 4121 no-

444 4144 549 4211 bis
608 4143 1008 4227 pertinacius
1069 4142 1431 4225 reclament
1483 4139 1842 4208 adversarii
1895 4143 2136 4223 nostri,
2207 4164 2408 4226 quam

445 4231 530 4297 de
573 4229 1066 4296 iustificatione:
1123 4226 1339 4293 fidene
1383 4249 1468 4292 an
1511 4227 1816 4311 operibus
1861 4246 2008 4293 eam
2054 4249 2409 4311 consequa-

446 4338 620 4383 mur.
688 4315 890 4381 Nullo
933 4313 1127 4379 modo
1168 4316 1513 4398 patiuntur
1557 4314 1735 4380 hunc
1779 4313 2048 4379 Christo
2092 4314 2410 4380 honorem

444 4399 696 4482 tribuis
715 4408 792 4466 ut
833 4400 1087 4466 iustitia
1127 4415 1357 4466 nostra
1399 4408 1687 4479 vocetur,
1733 4399 1863 4465 nisi
1905 4400 1977 4465 in
2020 4409 2278 4483 partem
2322 4403 2410 4466 si-

439 4489 589 4557 mul
629 4489 904 4554 veniant
946 4507 1216 4569 operum
1263 4488 1518 4552 merita.
1605 4486 1671 4551 N
1672 4507 1760 4574 op
1817 4485 2257 4569 disceptamus
2301 4487 2411 4554 hic

441 4575 528 4642 de
569 4574 761 4641 bonis
811 4574 1117 4659 operibus
1134 4624 1151 4652 ,
1197 4593 1286 4638 an
1341 4574 1664 4655 praestari
1707 4594 1748 4638 a
1788 4572 1916 4655 piis
1970 4572 2278 4652 debeant,
2326 4594 2410 4638 an

443 4668 718 4746 accepta
761 4661 896 4725 sint
936 4657 1112 4738 Deo,
1154 4679 1242 4723 an
1273 4657 1645 4724 mercedem
1691 4658 1867 4742 apud
1905 4679 2055 4724 eum
2089 4658 2408 4724 habeant:

440 4747 568 4815 sed
613 4768 702 4813 an
745 4744 1094 4813 concilient
1134 4766 1255 4810 nos
1299 4743 1444 4809 Deo
1487 4764 1606 4809 sua
1650 4743 2001 4828 dignitate,
2057 4766 2144 4811 an
2188 4745 2409 4829 acqui-

434 4856 677 4902 ramus
721 4852 949 4898 eorum
990 4832 1203 4916 pretio
1245 4831 1454 4897 vitam
1496 4837 1853 4909 aeternam,
1898 4850 1983 4896 an
2028 4852 2410 4915 compensa-

435 4920 668 4986 tiones
712 4919 876 4998 sint,
923 4938 1090 5000 quae
1135 4916 1221 4982 ad
1270 4915 1635 4981 tollendum
1677 4927 1935 4981 reatum
1977 4915 2111 4983 Dei
2168 4915 2407 4983 iudicio

435 5006 822 5084 solvantur,
880 5026 966 5069 an
1010 5001 1385 5069 collocanda
1426 5003 1512 5068 sit
1551 5003 1626 5066 in
1666 5001 1825 5085 ipsis
1868 5001 2101 5067 salutis
2144 5001 2403 5069 fiducia.

433 5093 596 5159 Hos
639 5113 797 5177 ergo
840 5111 1095 5156 errores
1136 5086 1708 5172 reprehendimus,
1762 5086 1936 5169 quod
1979 5088 2277 5154 homines
2322 5087 2407 5153 ad

433 5199 653 5262 opera
685 5198 809 5244 sua
846 5177 1060 5262 magis
1094 5197 1293 5259 quam
1323 5174 1406 5240 ad
1441 5173 1787 5241 Christum
1819 5174 2144 5257 respicere
2174 5173 2406 5240 iuben-

433 5272 594 5345 tur,
651 5272 730 5330 ιιι
767 5264 990 5329 Deum
1048 5263 1173 5328 sibi
1228 5261 1585 5346 propitium
1638 5265 1788 5340 [pag.
1838 5264 1944 5340 18]
1998 5259 2271 5340 faciant,
2328 5268 2409 5327 ut

436 5349 598 5420 eius
639 5350 922 5436 gratiam
966 5357 1469 5433 promereantur
1483 5399 1499 5426 ,
1551 5352 1629 5411 ut
1670 5344 2144 5413 haereditatem
2184 5347 2406 5431 acqui-

668 5450 894 5510 calvini
910 5466 1096 5522 opera.
1176 5450 1294 5508 Vol.
1332 5451 1432 5509 Vl.

18 5893 462 6179 ιιι

1816 422 2540 495 ΒΕΕΟΒΜΑΝΒΑΕ
2584 427 3131 499 ECCLESIAE.

4359 444 4490 506 466

2513 622 2667 680 rant
2725 617 2907 682 vitae
2972 626 3305 685 aeternae:
3376 621 3659 708 denique
3718 631 3793 689 ιιι
3856 624 4013 690 iusti
4071 626 4209 691 sint
4257 648 4483 695 coram

2513 701 2675 766 Deo.
2766 702 3101 783 Primum,
3167 726 3445 789 operum
3495 710 3754 775 meritis
3809 711 4217 793 superbiunt,
4288 716 4480 799 quasi

2512 786 2734 853 Deum
2777 788 2903 854 sibi
2945 789 3334 857 obstrictum
3369 792 3674 861 habeant.
3742 796 3932 863 Haec
3974 817 4132 863 vero
4164 802 4479 883 superbia

2512 873 2671 956 quid
2704 874 2884 939 aliud
2920 884 3037 954 est,
3075 898 3273 959 quam
3297 880 3586 947 exitialis
3620 883 3862 948 mentis
3897 883 4228 949 ebrietas?
4302 886 4479 952 Nam

2512 980 2584 1025 se
2622 959 2804 1042 ipsos
2850 960 3129 1027 adorant
3170 963 3311 1031 loco
3356 964 3629 1047 Christi,
3677 976 3746 1033 et
3788 989 3993 1051 quum
4035 970 4108 1034 in
4153 971 4480 1055 profundo

2511 1046 2743 1111 mortis
2789 1048 3054 1131 gurgite
3098 1049 3235 1114 sint
3279 1050 3590 1132 demersi,
3648 1055 3859 1120 vitam
3904 1075 3975 1119 se
4015 1054 4261 1121 habere
4303 1078 4479 1123 som·

2512 1131 2717 1196 niant.
2810 1131 3006 1213 Quod
3060 1134 3120 1199 si
3175 1137 3283 1201 cui
3336 1138 3739 1222 amplificare
3796 1141 3994 1205 nimis
4037 1139 4215 1207 hunc
4255 1142 4481 1209 locum

2510 1215 2758 1295 videar,
2785 1218 2949 1285 haec
2977 1228 3153 1287 certe
3183 1229 3285 1287 est
3316 1225 3475 1290 trita
3504 1224 3579 1287 in
3624 1224 3865 1292 scholis
3910 1232 3978 1297 et
4026 1227 4291 1311 templis
4334 1249 4476 1294 om-

2511 1301 2708 1369 nibus
2762 1303 3087 1371 doctrina:
3144 1307 3319 1390 quod
3370 1309 3678 1392 operibus
3722 1310 3854 1375 Dei
3908 1313 4191 1394 gratiam
4235 1316 4478 1380 mereri

2511 1396 2837 1472 oporteat3
2882 1390 3054 1472 quod
3099 1393 3402 1477 operibus
3445 1396 3842 1480 acquirenda
3884 1398 3973 1463 sit
4002 1396 4143 1463 vita
4178 1405 4448 1467 aeterna
4458 1425 4477 1481 ;

2511 1473 2683 1556 quod
2725 1479 3075 1542 temeraria
3117 1487 3186 1543 et
3227 1489 3774 1565 praesumptuosa
3815 1484 3919 1548 sit.
3935 1481 4179 1549 fiducia
4222 1484 4477 1566 salutis,

2511 1560 2644 1624 nisi
2688 1560 3008 1626 bonorum
3031 1584 3306 1646 operum
3341 1565 3741 1633 adminiculo
3785 1568 4057 1635 suffulta
4072 1594 4090 1648 ‚·
4138 1570 4311 1652 quod
4354 1593 4477 1655 per

2513 1645 2837 1711 bonorum
2881 1669 3155 1731 operum
3209 1653 3726 1719 satisfactionem
3766 1655 4267 1720 reconciliemur
4308 1656 4474 1737 Dec,

2513 1752 2650 1796 non
2715 1741 2939 1798 autem
2996 1737 3290 1818 gratuita
3354 1745 3777 1820 peccatorum
3830 1742 4242 1822 remissione;
4303 1742 4478 1825 quod

2511 1817 2685 1882 bona
2727 1838 2925 1901 opera
2968 1821 3198 1887 salutis
3233 1830 3540 1889 aeternae
3561 1826 3900 1890 meritoria
3942 1826 4095 1905 sint,
4141 1848 4277 1891 non
4321 1827 4478 1912 quia

2512 1904 2723 1987 gratis
2763 1904 3179 1986 imputantur
3232 1907 3304 1973 in
3356 1909 3682 1976 iustitiam
3727 1910 3983 1977 Christi
4037 1913 4299 1991 merito,
4358 1914 4475 1979 sed

2515 2009 2598 2053 ex
2643 1997 2832 2071 pacto
2876 1990 3071 2075 legis:
3119 2013 3259 2057 non
3303 1997 3593 2078 gratuita
3639 2005 4054 2079 peccatorum
4099 1998 4311 2077 venia,
4356 1998 4476 2065 sed

2515 2075 2987 2156 satisfactoriis,
3034 2086 3109 2143 ιιι
3149 2091 3413 2159 vocant,
3460 2083 3765 2164 operibus
3808 2083 4219 2150 reconciliari
4260 2083 4475 2150 homi-

2513 2181 2633 2225 nes
2677 2161 2851 2241 Deo,
2909 2164 3162 2245 quoties
3218 2166 3299 2231 ab
3359 2167 3499 2232 eius
3557 2168 3774 2250 gratia
3823 2177 3981 2234 sunt
4033 2169 4303 2233 alienati
4312 2194 4331 2251 3
4390 2170 4476 2235 ad

2513 2246 2994 2315 satisfactiones
3040 2248 3348 2315 accedere
3390 2273 3474 2316 ex
3510 2250 3763 2319 Christi
3807 2262 3875 2318 et
3916 2262 4291 2338 martyrum
4334 2277 4475 2320 me-

2514 2331 2661 2397 ritis
2704 2332 3098 2413 subsidium,
3155 2335 3350 2401 modo
3393 2343 3620 2402 tamen
3676 2360 3752 2404 eo
3796 2338 4096 2405 adiuvari
4140 2348 4476 2407 mereatur

2511 2424 2829 2500 peccator.
2887 2419 3019 2485 His
3053 2421 3275 2504 impiis
3310 2422 3729 2505 opinionibus
3746 2425 4311 2505 totum‚mundum
4341 2427 4474 2492 fas-

2512 2503 2803 2569 cinatum
2853 2505 3056 2571 fuisse
3101 2514 3387 2588 constat,
3433 2516 3785 2593 antequam
3829 2510 4171 2581 Lutherus
4224 2512 4476 2578 mundo

2511 2589 2969 2657 innotesceret.
3057 2592 3290 2675 Neque
3346 2594 3475 2658 alia
3524 2607 3625 2659 est
3671 2594 3868 2659 hodie
3925 2617 4183 2680 quoque
4210 2598 4257 2678 ¹)
4316 2619 4475 2680 pars

2514 2675 2850 2741 doctrinae
2894 2684 3160 2743 nostrae
3203 2699 3401 2761 quam
3444 2681 3693 2746 maiore
3745 2683 4168 2747 contentione
4212 2690 4281 2748 et
4322 2704 4475 2766 per-

2511 2761 2757 2827 tinacia
2799 2763 3195 2848 impugnent
3236 2767 3449 2831 nostri
3483 2766 3863 2832 adversarii.

2662 2846 2816 2921 ¹Hic
2870 2860 3201 2932 postremo
3256 2851 3833 2933 pestilentissimus
3878 2873 4065 2919 error
4105 2874 4237 2919 non
4278 2854 4475 2920 modo

2513 2933 2758 3015 passim
2814 2937 3159 3018 occupavit
3211 2935 3559 3002 hominum
3611 2948 3903 3019 mentes,
3971 2938 4087 3004 sed
4150 2946 4471 3023 tanquam

2510 3040 2723 3084 unum
2766 3041 2852 3085 ex
2892 3025 3043 3101 [pag.
3085 3028 3190 3104 19]
3227 3023 3594 3107 praecipuis
3627 3024 3781 3089 fidei
3823 3025 4171 3108 capitibus,
4219 3024 4301 3089 de
4337 3047 4469 3109 quo

2511 3105 2611 3170 fas
2655 3127 2789 3171 non
2837 3116 3010 3172 esset
3046 3108 3367 3189 dubitare,
3416 3111 3543 3175 fuit
3579 3110 3879 3176 habitus:
3916 3110 4141 3176 fideles
4175 3120 4475 3195 oportere

2513 3190 2592 3256 de
2629 3192 2843 3275 gratia
2876 3191 3005 3257 Dei
3042 3216 3200 3278 erga
3246 3217 3316 3261 se
3359 3202 3675 3280 perpetuo
3717 3193 4040 3276 dubitare,
4087 3217 4475 3280 suspensas-

2511 3298 2637 3360 que
2660 3278 2901 3343 habere
2936 3280 3387 3347 conscientias.
3436 3282 3586 3346 Hac
3609 3303 3765 3347 vero
3804 3281 4125 3348 diabolica
4147 3283 4474 3367 imagina-

2511 3364 2689 3427 tione
2726 3365 2991 3446 penitus
3028 3366 3355 3432 exstincta
3389 3368 3516 3432 fuit
3549 3366 3704 3431 fidei
3740 3366 3862 3445 vis,
3898 3367 4183 3433 deletum
4216 3369 4475 3436 Christi

2510 3450 2917 3529 beneficium,
2955 3471 3186 3518 eversa
3209 3451 3547 3518 hominum
3586 3454 3781 3518 salus.
3827 3453 3957 3520 Illa
3989 3455 4164 3519 enim
4189 3454 4477 3536 demum,

2509 3543 2679 3601 teste
2695 3536 2925 3616 Pau10‚
2949 3545 3051 3603 est
3069 3539 3428 3604 christiana
3446 3539 3628 3618 fides,
3651 3561 3782 3622 qua
3811 3541 4140 3606 excitatur
4166 3540 4242 3605 in
4263 3540 4479 3607 cordi-

2511 3622 2635 3687 bus
2655 3623 2899 3686 nostris
2931 3624 3187 3702 fiducia,
3225 3646 3355 3708 qua
3395 3624 3753 3692 audeamus
3788 3627 4022 3691 sistere
4054 3648 4173 3696 nos
4204 3627 4278 3691 in
4317 3647 4474 3693 con·

2512 3717 2809 3793 spectum
2830 3709 2962 3774 Dei
3002 3710 3223 3794 (Rom.
3251 3718 3309 3789 5,
3340 3712 3427 3792 2).
3495 3712 3635 3779 Nec
3679 3713 3871 3777 aliter
3905 3718 4252 3789 constaret,
4300 3711 4472 3795 quod

2512 3794 2668 3859 alibi
2701 3794 2926 3875 tradit,
2971 3794 3215 3862 habere
3258 3818 3380 3862 nos
3413 3798 3865 3864 testimonium
3908 3797 4277 3881 adoptionis
4319 3817 4473 3863 nos-

2512 3889 2655 3946 trae
2707 3881 2889 3945 intus
2945 3903 2985 3946 a
3039 3883 3278 3965 spiritu
3349 3891 3575 3949 sancto
3624 3883 4071 3966 obsignatum,
4146 3904 4271 3967 quo
4314 3883 4471 3949 freti

2512 3966 2732 4032 Deum
2775 3974 3033 4049 patrem
3077 3988 3395 4033 vocamus
3439 3969 3661 4052 (Rom.
3705 3972 3764 4047 8,
3810 3972 3906 4032 15.
3952 3967 4079 4054 16).
4302 4014 4310 4023 -

2689 4053 3028 4133 Quorsum
3084 4061 3306 4120 autem
3362 4053 3478 4118 illa
3542 4054 3885 4118 haesitatio
3902 4105 3917 4132 ,
3985 4075 4183 4138 quam
4249 4053 4474 4121 hostes

2512 4139 2725 4205 nostri
2772 4159 2812 4203 a
2855 4139 2994 4204 suis
3053 4137 3390 4222 discipulis
3446 4140 3793 4222 requirunt
3848 4140 3979 4204 nisi
4022 4148 4098 4204 ut
4140 4145 4281 4205 tota
4323 4161 4473 4222 pro-

2512 4225 2904 4291 missionum
2947 4225 3076 4290 Dei
3119 4224 3285 4290 fides
3329 4224 3724 4291 evanescat?
3792 4225 4254 4290 Ratiocinatur
4296 4226 4473 4291 Pau-

2512 4313 2637 4390 lus,
2685 4311 3036 4377 evanuisse
3078 4310 3307 4390 fidem,
3356 4310 3629 4377 abolitas
3675 4330 3818 4376 esse
3861 4312 4356 4395 promissiones,
4415 4312 4473 4375 si

2517 4420 2602 4463 ex
2670 4398 2816 4483 lege
2875 4391 2961 4461 sit
3020 4395 3398 4462 haereditas
3452 4397 3674 4482 (Rom.
3724 4401 3783 4476 4,
3840 4396 3968 4482 14).
4058 4397 4198 4462 Οιιι·
4249 4396 4471 4462 istud?

2515 4485 2772 4569 Nempe
2804 4483 2958 4567 quia
2983 4482 3095 4547 lex
3130 4482 3404 4549 dubium
3433 4483 3770 4549 hominem
3806 4488 4009 4564 tenet,
4053 4503 4139 4547 ne
4184 4482 4479 4566 acquies-

2517 4591 2665 4636 cere
2708 4571 2782 4635 in
2826 4574 3007 4635 certa
3049 4570 3369 4652 firmaque
3410 4569 3650 4636 fiducia
3705 4569 3932 4653 possit.
4011 4568 4135 4634 Isti
4153 4569 4211 4652 2)
4258 4576 4479 4632 autem

2517 4679 2603 4722 ex
2636 4656 2913 4722 adverso
2949 4655 3266 4721 eiusmodi
3301 4656 3500 4722 fidem
3535 4655 3888 4734 somniant,
3934 4675 4103 4737 quae
4139 4652 4479 4720 hominem

2517 4743 2599 4808 ab
2644 4742 2789 4821 illa,
2843 4761 3042 4823 quam
3086 4742 3341 4808 Paulus
3391 4742 3633 4828 exigit,
3693 4740 4087 4808 certitudine
4132 4739 4483 4806 exclusum

2516 4850 2593 4895 ac
2625 4827 2964 4912 repulsum
3004 4825 3088 4892 ad
3119 4827 3564 4895 coniecturam
3599 4827 3870 4907 reiiciat,
3918 4833 3992 4891 ut
4031 4825 4247 4891 instar
4276 4847 4481 4891 arun-

2515 4913 2688 4980 dinis
2721 4915 3095 4980 fluctuetur.
3153 4912 3386 4997 Neque
3418 4924 3647 4981 tamen
3680 4933 3791 4978 eos
3823 4913 3895 4977 in
3930 4919 4187 4979 tantam
4206 4913 4260 4994 ⁸)
4306 4912 4485 4977 hanc

2772 5099 2925 5106 ὴ--..-

2652 5223 2711 5291 1)
2749 5240 2856 5305 quo
2895 5238 2964 5278 ue
3001 5224 3170 5279 omitt.
3208 5222 3347 5279 1576
3380 5238 3526 5293 seqq.
3701 5291 3713 5303 ·
3753 5290 3765 5303 ⁸

2650 5292 2714 5428 ἓξ
2748 5290 3205 5416 ἱῗωΊιῡᾰἙαὲιῗ
3249 5291 3475 5348 ⁶²⁰¹¹“⁸·'
3509 5291 3660 5347 ⁰⁶³¹
3699 5307 3788 5348 ¹⁰¹·
