4999 6179
437 451 557 516 357
1341 444 1350 453 ·
1916 456 2045 527 DE
2092 456 2446 524 masao
2492 413 2971 526 mma-mo,
3876 540 3881 547 ,
4338 466 4463 527 358

433 641 603 707 hanc
648 641 1142 709 renovationem
1185 648 1302 707 est.
1391 641 1486 708 Et
1530 664 1612 707 ne
1654 643 1916 728 longius
1960 644 2396 730 pugnandum
2499 647 2817 730 patiatur:
2876 667 2951 712 ac
2995 645 3149 721 inde
3192 645 3645 727 iudicandum,
3697 648 3854 731 quid
3900 638 3939 714 a
3981 646 4167 717 nobis
4212 649 4463 716 dissen-

434 728 546 805 sit,
593 727 939 793 contrariis
985 728 1161 794 votis
1214 728 1347 795 huc
1399 728 1556 794 illuc
1595 729 1880 796 distrahi
1935 753 2005 797 se
2050 734 2394 815 conqueri·
2499 733 2638 797 tiat.
2710 732 3014 811 Peccare,
3061 733 3276 815 inquit
3309 733 3611 818 Pighius,
3657 737 3991 800 neminem
4024 737 4286 815 fatetur,
4334 739 4463 803 nisi

435 824 545 878 tur
598 814 882 893 PauluS,
945 835 1019 879 ac
1076 835 1147 880 se
1205 817 1718 899 repugnantiam
1773 818 2048 897 sentire,
2107 818 2267 883 dum
2309 819 2396 884 ad
2501 819 2850 884 volentem.
2922 817 3102 900 Quid
3145 818 3309 884 nos?
3392 826 3505 885 An
3547 828 3739 886 extra
3784 822 4193 889 voluntatem
4236 844 4463 907 pecca-

431 901 752 965 iustitiam
792 900 925 965 Dei
968 899 1293 983 adspirat:
1334 901 1490 967 hinc
1535 900 1659 967 sibi
1694 924 2021 968 remoram
2064 905 2265 982 iniici,
2308 926 2396 971 ne
2499 913 2643 969 tum
2679 905 3183 970 constituimus?
3245 906 3523 970 Fatetur
3556 911 3706 986 [pag.
3741 913 3883 986 174]
3925 929 4200 990 quoque,
4243 911 4464 974 Deum

434 998 571 1050 tam
615 986 916 1052 celeriter
957 996 1207 1063 currat,
1268 995 1343 1051 ut
1387 985 1663 1053 deceret.
1759 988 1975 1054 Huius
2018 1011 2394 1075 repugnan-
2501 989 2671 1055 nihil
2713 992 3139 1073 praecepisse,
3186 990 3358 1073 quod
3400 1011 3537 1056 non
3579 995 3887 1074 potestati
3932 1003 4200 1061 nostrae
4243 996 4464 1061 subia-

433 1074 563 1136 tiae
618 1093 883 1139 causam
937 1081 1282 1156 peccatum
1337 1074 1410 1137 in
1467 1095 1537 1139 se
1595 1074 1899 1140 habitans
1955 1076 2138 1142 facit:
2196 1078 2396 1143 simul
2499 1086 2660 1141 ceat.
2729 1076 2984 1161 Nempe
3029 1078 3085 1142 si
3130 1086 3522 1160 potestatem
3564 1078 3915 1163 intelligas,
3963 1102 4096 1145 non
4136 1102 4304 1164 quae
4348 1104 4466 1147 na-

433 1169 689 1240 partem
726 1159 1042 1243 assignat,
1075 1159 1146 1223 in
1183 1180 1314 1241 qua
1352 1158 1623 1237 habitet,
1654 1182 1890 1243 nempe
1927 1182 2211 1228 carnem.
2257 1160 2395 1228 Sed
2443 1172 2449 1237 ἱ
2497 1170 2691 1227 turae
2733 1172 2996 1228 nostrae
3041 1163 3129 1227 sit
3171 1163 3390 1241 insita,
3441 1164 3557 1230 sed
3602 1184 3798 1246 quam
3834 1188 3871 1230 e
3908 1166 4087 1232 coelo
4121 1168 4307 1232 Deus
4352 1189 4464 1250 pe·

431 1243 713 1326 Pighius
751 1243 833 1309 de
877 1266 1147 1327 corpore
1188 1245 1382 1309 illum
1424 1246 1604 1329 loqui
1641 1247 2134 1329 interpretatur,
2189 1270 2396 1332 quum
2444 1246 2449 1319 Ι
2499 1247 2834 1313 culiariter
2893 1249 3030 1313 suis
3084 1248 3186 1313 lar
3236 1250 3439 1328 atur,
3508 1250 3679 1316 sicut
3731 1252 3872 1334 ipse
3927 1253 4118 1318 toties
4175 1256 4462 1336 exponit.

432 1352 699 1397 carnem
720 1333 1034 1396 nominat.
1083 1333 1402 1414 Atneque
1421 1352 1659 1415 corpus
1682 1335 2040 1399 motionem
2061 1337 2396 1417 propriam
2443 1324 2449 1409 !
2499 1331 2896 1417 Quanquam
2917 1333 3113 1399 simul
3135 1356 3176 1399 a
3222 1334 3337 1413 dit,
3375 1334 3547 1419 quod
3572 1358 3806 1402 verum
3841 1346 3968 1403 est:
4007 1359 4222 1422 neque
4242 1361 4464 1405 exem-

435 1440 519 1482 ex
554 1437 624 1480 se
661 1416 878 1494 habet,
920 1426 986 1482 et
1006 1416 1264 1483 Paulus
1305 1439 1439 1483 non
1475 1417 1833 1501 quamlibet
1863 1423 2239 1497 motionem,
2279 1420 2395 1486 sed
2445 1428 2448 1477 ἑ
2496 1419 2685 1503 plum
2724 1419 2855 1484 tale
2901 1420 3235 1486 exstitisse
3277 1443 3591 1505 unquam,
3639 1443 3852 1505 neque
3888 1424 4158 1506 posthac
4193 1445 4465 1508 speran-

432 1503 739 1568 affectum
783 1504 1232 1569 voluntarium
1287 1504 1645 1588 significat,
1691 1505 1805 1587 qui
1849 1507 2114 1588 spiritui
2159 1505 2394 1573 adver·
2442 1498 2449 1605 ξ
2501 1505 2677 1570 dum.
2769 1505 3107 1585 Gratiam,
3175 1508 3421 1590 inquit,
3491 1508 3645 1573 solis
3711 1508 4042 1591 splendori
4108 1522 4459 1594 comparat.

433 1604 633 1656 setur.
721 1590 919 1655 Nunc
963 1590 1337 1673 quaeritur,
1385 1589 1561 1656 unde
1605 1591 2090 1673 repugnantia?
2140 1594 2268 1658 nisi
2311 1614 2394 1658 ex
2443 1628 2448 1661 t
2501 1590 2651 1673 Quo
2695 1591 3099 1668 subindicat,
3155 1593 3293 1659 vim
3349 1594 3634 1676 aliquam
3681 1595 3938 1661 animae
3992 1597 4237 1675 inesse,
4296 1599 4466 1663 sicut

432 1699 511 1741 ea
554 1674 1047 1758 imperfectione
1068 1727 1083 1753 ,
1141 1676 1314 1759 quod
1372 1677 1665 1742 nondum
1720 1679 1954 1761 spiritu
1997 1680 2128 1745 Dei
2175 1680 2250 1743 in
2293 1688 2395 1743 to·
2443 1692 2449 1763 ζ
2498 1679 2571 1742 in
2628 1677 2801 1742 oculi
2854 1681 2991 1744 acie
3047 1679 3273 1744 subest
3318 1681 3533 1746 virtus
3589 1680 3851 1745 visoria.
3945 1680 4083 1748 Sed
4138 1703 4256 1748 cur
4306 1704 4464 1748 mox

432 1776 577 1826 tum
620 1762 979 1839 reformata
1021 1770 1125 1827 est
1166 1763 1454 1829 hominis
1500 1774 1568 1827 et
1610 1784 1796 1829 mens
1839 1774 1908 1828 et
1951 1764 2278 1843 voluntas,
2324 1766 2394 1829 in
2444 1782 2448 1843 ξ
2498 1763 2793 1829 additam
2835 1763 2971 1830 illic
3009 1766 3477 1832 correctionem
3516 1766 3840 1831 subticet?
3908 1767 4056 1834 Hoc
4093 1770 4271 1833 enim
4307 1769 4462 1835 hac-

435 1849 610 1913 vitae
665 1848 1057 1914 novitatem:
1115 1849 1231 1915 sed
1288 1871 1556 1914 carnem
1609 1850 1828 1916 adhuc
1873 1858 1941 1914 et
1984 1861 2229 1915 terram
2274 1850 2394 1915 ali·
2444 1862 2449 1929 ι
2501 1858 2694 1915 tenus
2738 1849 2955 1914 simile
2991 1859 3110 1927 est,
3158 1851 3330 1933 quod
3366 1854 3541 1918 sicut
3576 1852 3803 1919 oculus
3839 1852 3997 1918 dum
4034 1856 4240 1921 aciem
4274 1876 4465 1921 suam

434 1956 566 2017 qua
607 1934 710 1999 sui
750 1944 935 2017 parte
981 1936 1230 2018 resipit.
1327 1936 1455 2001 Ubi
1491 1935 1622 2000 tale
1659 1935 2056 2007 desiderium
2101 1946 2393 2020 apparet,
2445 1936 2449 2013 ζ
2498 1935 2800 2013 intendit,
2846 1935 3006 2002 solis
3040 1936 3391 2019 splendore
3426 1938 3856 2015 illuminatur,
3892 1940 3990 2003 ita
4021 1939 4308 2006 hominis
4343 1961 4463 2005 vo-

434 2032 507 2084 ut
552 2019 851 2086 voluntas
895 2021 1162 2086 resistat
1202 2020 1565 2099 voluntati,
1626 2019 2023 2088 desiderium
2077 2043 2226 2088 cum
2280 2022 2395 2087 de-
2444 2036 2449 2081 Ι
2499 2019 2739 2101 luntas,
2784 2041 2950 2104 quae
2995 2020 3079 2085 ad
3122 2020 3342 2087 Deum
3384 2045 3457 2088 se
3500 2025 3856 2102 convertit,
3912 2026 4053 2093 eius
4093 2027 4309 2110 gratia
4349 2026 4465 2092 ad-

431 2106 670 2172 siderio
725 2108 1061 2190 confligat,
1122 2120 1354 2173 votum
1408 2108 1496 2173 sit
1552 2116 1699 2174 voto
1756 2109 2188 2185 contrarium,
2248 2110 2394 2192 quis
2445 2116 2448 2137 “’
2501 2106 2781 2171 iuvatur.
2875 2105 3025 2172 sed·
3054 2129 3259 2190 quum
3304 2109 3865 2175 animadverteret
3907 2113 4347 2195 Augustinus,
4392 2113 4465 2178 in

429 2193 597 2257 mihi
638 2214 770 2257 non
814 2193 1131 2259 concedat
1175 2193 1409 2271 dicere,
1456 2194 1746 2259 animam
1789 2196 1862 2259 in
1906 2193 2069 2261 duas
2113 2194 2396 2261 divisam
2443 2170 2451 2257 l
2502 2214 2578 2257 eo
2621 2192 2992 2259 claudicare
3034 2192 3557 2273 similitudinem,
3602 2196 3775 2278 quod
3810 2218 3942 2261 non
3979 2198 4066 2262 sit
4099 2199 4169 2265 in
4204 2200 4468 2264 animae

431 2300 575 2344 esse
610 2279 869 2361 partes?
937 2280 1084 2344 Imo
1121 2279 1268 2362 quis
1302 2302 1438 2344 nou
1471 2281 1566 2345 ita
1600 2287 1666 2345 et
1699 2281 1921 2358 sentit,
1958 2287 2025 2345 et
2056 2280 2391 2363 loquitur?
2445 2260 2451 2369 ξ
2499 2289 2827 2363 potestate
2871 2279 3246 2359 conversio,
3290 2281 3519 2371 etiam,
3565 2282 3807 2364 inquit,
3862 2290 3937 2346 ut
3978 2291 4465 2363 convertamur,

603 2366 965 2447 Postquam
1003 2387 1157 2431 vero
1196 2365 1530 2432 doctrinae
1574 2376 1838 2432 nostrae
1881 2388 2209 2432 summam
2246 2388 2395 2449 pro-
2447 2372 2448 2433 J
2501 2367 2689 2431 Deus
2734 2362 3031 2430 adiuvat:
3079 2364 3254 2449 quod
3296 2365 3501 2432 oculis
3538 2368 3826 2449 corporis
3861 2376 4139 2433 externa
4174 2369 4292 2433 lux
4330 2391 4463 2434 non

432 2452 617 2529 tulit,
683 2457 830 2530 [pag.
887 2457 1035 2532 173]
1104 2474 1190 2517 ex
1254 2452 1533 2518 adverso
1598 2452 1942 2518 nobiscum
1998 2452 2394 2536 Pelagianos
2445 2476 2450 2491 ¹
2502 2458 2814 2534 praestat.
2904 2448 3095 2517 Sicut
3137 2460 3204 2516 et
3248 2451 3431 2517 alibi:
3478 2451 3672 2534 Quod
3713 2463 3815 2519 est
3855 2452 4059 2519 oculis
4094 2455 4345 2520 sanitas
4380 2454 4465 2519 ad

429 2538 706 2615 confert,
772 2559 931 2620 quos
982 2537 1066 2603 ad
1121 2539 1404 2604 alterum
1459 2549 1828 2604 extremum
1847 2590 1862 2617 ,
1928 2540 2210 2623 gratiam
2264 2539 2395 2605 Dei
2443 2506 2450 2633 ἒ
2501 2537 2860 2602 videndum
2919 2537 3155 2614 solem,
3216 2536 3340 2603 hoc
3396 2550 3495 2603 est
3550 2541 3766 2621 gratia
3822 2540 4154 2605 mentibus
4211 2539 4293 2604 ad
4339 2541 4463 2604 im-

428 2644 699 2706 prorsus
753 2623 1171 2707 abnegando,
1231 2625 1528 2707 delapsos
1584 2645 1728 2691 esse
1783 2623 1965 2690 dicit:
2033 2631 2109 2689 ut
2164 2627 2256 2689 ita
2310 2625 2395 2690 ad
2444 2640 2449 2705 ς
2498 2623 2809 2706 plendam
2853 2624 3085 2706 legem.
3117 2626 3167 2706 ¹)
3240 2625 3350 2711 ,At
3401 2626 3735 2690 neminem
3789 2625 4087 2691 adiuvari
4144 2627 4462 2710 agnoscit,

428 2732 620 2775 suam
676 2708 1191 2776 mediocritatem
1243 2710 1491 2789 veniat,
1547 2731 1715 2792 quae
1765 2711 1836 2775 in
1892 2711 2081 2777 liberi
2136 2711 2395 2776 arbitrii
2442 2730 2448 2843 D
2499 2710 2628 2774 nisi
2672 2710 2784 2792 qui
2829 2720 3064 2792 sponte
3107 2720 3412 2776 conatur:
3467 2732 3731 2795 nempe,
3789 2712 3942 2794 quia
3994 2732 4129 2776 non
4186 2719 4463 2777 externo

428 2797 809 2880 gratiaeque
874 2797 1332 2881 coniugatione
1397 2796 1713 2863 consistit.
1803 2799 1904 2863 Ac
1968 2800 2182 2880 primo
2248 2798 2393 2880 qui-
2442 2846 2446 2869 .
2498 2802 2760 2860 tantum
2818 2794 3141 2878 impulsu,
3200 2793 3316 2861 sed
3372 2795 3751 2862 voluntaria
3807 2798 4098 2861 motione
4156 2805 4465 2880 operatur

429 2882 609 2961 dem,
667 2894 745 2946 ut
792 2882 1127 2965 probabile
1183 2886 1302 2949 fiat
1343 2880 1516 2965 quod
1559 2882 1859 2949 dicturus
1914 2894 2048 2963 est,
2109 2885 2394 2968 gratiam
2441 2876 2447 2987 Ι
2495 2882 2573 2945 in
2607 2880 3006 2946 hominibus.
3071 2872 3246 2947 Nani
3281 2882 3557 2948 actionis
3592 2884 3877 2966 speciem
3912 2883 4104 2948 modo
4141 2880 4461 2968 designat,

429 2968 529 3032 illi
573 2988 657 3032 ex
694 2967 1096 3035 definitionis
1132 2968 1608 3036 ecclesiasticae
1645 2969 1833 3035 titulo
1870 2970 2188 3036 conciliat.
2257 2967 2396 3035 Sed
2441 2994 2448 3096 3
2498 2988 2583 3031 ne
2628 2968 2838 3033 brutis
2894 2976 3009 3033 aut
3062 2966 3389 3050 lapidibus
3444 2967 3693 3037 similes
3745 2970 3959 3033 facere
4013 2968 4314 3035 homines
4361 2971 4459 3035 vi·-

428 3075 555 3139 quo
616 3054 885 3119 tandem
938 3065 1330 3138 argumento
1384 3054 1836 3122 definitionem
1887 3055 2197 3123 ecclesiae
2250 3075 2396 3121 esse
2498 3051 2747 3120 de'atur.
2839 3052 3034 3120 Unde
3077 3073 3274 3136 porro
3317 3064 3678 3137 spontanea
3727 3053 3844 3118 illa
3895 3054 4218 3135 incitatio,
4288 3054 4463 3121 unde

428 3139 703 3225 probat?
770 3142 1146 3224 Augustino
1192 3150 1373 3208 teste.
1457 3141 1685 3221 Quid?
1734 3143 1962 3207 eiusne
2006 3151 2231 3208 contra
2273 3164 2393 3208 nos
2495 3139 2910 3206 voluntarius
2967 3149 3272 3217 conatus,
3333 3159 3470 3205 non
3533 3138 3902 3205 dissimulat
3954 3147 4197 3223 postea.
4285 3141 4350 3206 Ν
4353 3162 4462 3206 am

427 3227 804 3293 testimonio
844 3226 1126 3309 amplius
1170 3228 1352 3293 abuti
1393 3227 1620 3306 audet,
1679 3248 1874 3310 quem
1919 3227 2081 3293 adeo
2125 3228 2393 3294 eviden-
2498 3226 2615 3292 ubi
2775 3226 2904 3291 tiae
2945 3246 3113 3307 opus
3148 3244 3292 3290 esse
3334 3232 3608 3290 testatus
3643 3235 3760 3304 est,
3807 3235 3946 3290 tam
3984 3235 4056 3291 ut
4092 3227 4464 3293 innotescat

429 3327 534 3377 ter
570 3313 756 3377 nobis
779 3311 1303 3378 vindicavimus?
1365 3311 1499 3378 Sed
1540 3313 1758 3378 colore
1794 3329 1926 3378 non
1965 3322 2162 3378 caret.
2229 3312 2394 3379 Oor-
2442 3307 2448 3374 Ι
2497 3332 2589 3394 qu
2718 3310 2980 3390 latebat,
3025 3332 3225 3394 quam
3266 3320 3343 3375 ut
3386 3331 3589 3377 suave
3633 3312 3750 3376 fiat
3792 3311 3965 3393 quod
4008 3333 4141 3376 non
4178 3310 4460 3378 delecta-

429 3398 604 3464 radit
661 3399 841 3464 enim
884 3420 969 3463 ex
1010 3399 1447 3481 supposititiis
1487 3398 1673 3463 libris
1715 3398 2166 3475 sententiolas,
2226 3420 2395 3482 quae
2442 3379 2448 3476 Ι
2496 3397 2637 3463 bat:
2694 3406 3042 3480 postquam
3100 3417 3237 3462 non
3291 3396 3620 3462 humanae
3673 3397 4030 3475 facultatis,
4086 3396 4203 3463 sed
4255 3397 4463 3464 divini

431 3484 773 3551 dimidiare
824 3484 1002 3550 inter
1051 3484 1335 3551 liberum
1400 3483 1748 3549 arbitrium
1805 3493 1873 3548 et
1927 3483 2058 3548 Dei
2111 3486 2394 3568 gratiam
2498 3503 2645 3548 esse
2689 3484 2985 3549 muneris
3030 3482 3329 3561 tradidit,
3376 3482 3485 3547 vel
3526 3482 3699 3565 quod
3741 3483 3987 3548 scimus
4029 3483 4302 3562 bonum,
4350 3482 4460 3548 vel

431 3571 758 3638 videntur.
850 3569 986 3636 Sed
1029 3571 1194 3637 bene
1233 3571 1451 3648 habet,
1497 3570 1669 3653 quod
1713 3570 1881 3634 nihil
1925 3592 2100 3636 nunc
2143 3572 2395 3654 profert
2442 3595 2447 3646 i
2498 3569 2676 3651 quod
2718 3591 2795 3635 eo
2840 3568 3273 3648 delectamur,
3334 3568 3667 3646 laborant,
3722 3569 3966 3651 inquit,
4013 3568 4314 3634 homines
4355 3568 4459 3633 in-

429 3660 503 3723 in
543 3656 855 3734 medium,
902 3657 1074 3738 quod
1118 3680 1249 3722 non
1289 3665 1442 3722 ante
1478 3657 1921 3722 refutaverim.
1993 3655 2393 3739 Quanquam
2442 3661 2447 3734 j
2497 3656 2755 3732 venire,
2813 3655 2971 3737 quid
3013 3655 3088 3719 in
3130 3662 3359 3720 nostra
3401 3654 3738 3722 voluntate
3793 3655 3948 3721 boni
4002 3656 4090 3719 sit
4142 3663 4458 3734 nostrum,

432 3765 550 3811 sua
589 3742 1008 3824 improbitate
1053 3765 1159 3808 me
1194 3744 1385 3826 cogit,
1431 3740 1732 3807 nonnihil
1766 3743 2010 3807 iterum
2048 3741 2128 3808 de
2164 3742 2394 3808 eadem
2441 3745 2448 3824 ᾗ
2499 3753 2568 3804 et
2614 3741 2769 3823 quid
2826 3741 3119 3808 inveniri
3171 3741 3409 3825 possit,
3478 3741 3726 3825 ignoro.
3746 3742 3802 3820 2)
3891 3741 4344 3825 Augustinus,
4402 3740 4459 3804 si

432 3852 505 3895 re
559 3827 793 3895 dicere.
884 3828 1117 3908 Libro,
1177 3831 1421 3911 inquit,
1478 3825 1818 3906 secundo‚.
1850 3828 1931 3892 de
1975 3837 2393 3911 peccatorum
2444 3839 2448 3884 ¹
2498 3825 2741 3910 Pighio
2785 3826 3094 3906 creditur,
3143 3829 3224 3894 ab
3270 3828 3537 3893 homine
3582 3828 3879 3910 requirit,
3926 3837 4002 3890 ut
4043 3835 4276 3909 sponte
4314 3847 4353 3891 a
4387 3849 4458 3892 se

430 3916 684 3981 meritis
729 3931 796 3980 et
838 3916 1254 3992 remissione,
1308 3935 1444 3979 non
1489 3914 1559 3979 in
1603 3934 1680 3979 eo
1727 3913 2155 3995 reprehendit
2198 3914 2394 3980 Pela·
2443 3913 2448 3964 l
2496 3913 2644 3996 ipso
2710 3919 2997 3994 conetur.
3104 3912 3282 3995 Quid
3347 3915 3767 3997 Augustinus
3832 3911 4018 3996 ipse?
4104 3913 4457 3977 Praetereo

433 4003 694 4086 gianos,
739 3999 909 4082 quod
952 4001 1236 4066 liberum
1279 4011 1575 4066 statuant
1628 4001 2004 4078 arbitrium,
2062 3999 2177 4065 sed
2222 4000 2394 4084 quod
2444 4011 2448 4062 ῑ
2501 3997 2661 4064 alios
2704 3999 2930 4064 libros:
2991 3999 3105 4064 sed
3149 4001 3217 4063 in
3264 4021 3339 4064 eo
3383 4019 3577 4082 quem
3630 3999 3792 4064 citat
3834 3997 4145 4081 Pighius,
4200 3997 4458 4063 fortiter

430 4089 504 4152 in
559 4108 635 4152 eo
685 4085 1025 4158 ,evehendo
1083 4086 1354 4152 modum
1405 4086 1743 4152 excedant.
1834 4086 1965 4152 Hic
2021 4086 2225 4151 velim
2278 4088 2393 4152 ob-
2444 4073 2448 4134 !
2499 4084 2583 4149 ab
2652 4084 2775 4150 hac
2841 4084 3171 4151 calumnia
3233 4105 3304 4150 se
3369 4083 3677 4149 defendit.
3768 4085 4070 4160 Poterat,
4136 4083 4380 4165 inquit,
4401 4086 4458 4167 ⁸)

432 4183 701 4240 servent
736 4172 1029 4249 lectores,
1076 4195 1230 4238 eum
1273 4194 1416 4240 esse
1457 4174 1746 4256 primum
1787 4172 2051 4250 librum,
2097 4194 2224 4254 quo
2261 4171 2392 4238 dis·
2444 4143 2449 4230 i
2501 4171 2726 4248 homo,
2782 4172 2839 4236 si
2890 4191 3025 4235 non
3080 4192 3163 4235 ex
3221 4171 3434 4252 prima
3492 4168 3863 4235 conditione
3919 4169 3991 4233 in
4049 4169 4218 4235 hanc
4262 4171 4459 4236 mise·
4532 4219 4538 4226 .

431 4271 667 4343 putare
710 4280 860 4326 cum
903 4259 1281 4344 Pelagianis
1324 4259 1635 4341 coeperit:
1690 4258 1824 4323 illic
1869 4259 2090 4341 itaque
2136 4258 2392 4324 velitari
2444 4235 2449 4326 l
2501 4257 2669 4322 riam
2712 4261 2858 4336 [pag.
2903 4261 3051 4334 175]
3100 4254 3474 4330 decidisset,
3520 4255 3662 4318 sine
3707 4253 4095 4320 difficultate
4136 4255 4460 4321 iustitiam'

433 4367 586 4412 eum
633 4346 896 4428 potius,·
933 4366 1132 4429 quam
1181 4347 1352 4411 iusto
1397 4346 1753 4409 certamine
1796 4345 2167 4428 confligere.
2255 4346 2392 4409 De·
2443 4335 2449 4490 1
2501 4350 2809 4426 appetere
2853 4350 2920 4407 et
2963 4343 3177 4423 sequi:
3220 4362 3396 4416 nunc
3441 4347 3663 4406 autem
3708 4363 3793 4406 ex
3836 4338 4214 4407 defectionis
4250 4363 4464 4424 poena

433 4431 586 4497 inde
640 4454 772 4497 non
826 4453 970 4497 esse
1027 4454 1112 4497 ex
1167 4433 1427 4514 proprio
1482 4432 1625 4496 eius
1679 4431 2009 4509 instituto,
2068 4430 2149 4496 de
2192 4430 2394 4496 libero
2499 4439 2848 4511 sequutum
2892 4435 2994 4491 est
3038 4428 3301 4492 vitium:
3360 4435 3433 4490 ut
3486 4428 3620 4491 iam
3673 4427 4023 4492 molestum
4068 4427 4155 4490 sit
4198 4426 4462 4492 obedire

436 4518 705 4584 arbitrio
749 4520 1197 4600 quaestionem
1243 4515 1376 4581 illic
1421 4525 1730 4583 tractare:
1789 4516 1961 4599 quod
2007 4524 2073 4582 et
2124 4525 2393 4582 contex-
2419 4495 2449 4622 Ι
2501 4515 2807 4580 iustitiae.
2896 4512 3277 4596 Vigilanter
3329 4511 3592 4594 quidem
3648 4514 3875 4578 conari
3932 4533 4051 4578 nos
4118 4512 4328 4592 iubet,
4364 4521 4463 4577 ·et

435 4615 542 4670 tus
587 4603 836 4669 indicat
855 4655 869 4682 ,
916 4614 982 4669 et
1024 4605 1167 4687 ipse
1211 4623 1470 4686 quoque
1515 4612 1704 4668 autor
1744 4602 1910 4667 libro
1953 4603 2393 4668 Retractatio·
2443 4655 2448 4696 1
2501 4597 2835 4682 deprecari
2902 4598 3239 4664 ardenter:
3307 4598 3507 4665 simul
3571 4611 3794 4664 tamen
3853 4606 3930 4664 ut
3990 4597 4460 4682 intelligamus,

437 4713 600 4754 num
654 4689 940 4756 secundo
995 4699 1292 4756 testatur.
1381 4689 1531 4754 Non
1585 4709 1742 4773 ergo
1795 4688 2072 4765 mirum,
2140 4688 2198 4752 si
2257 4708 2395 4752 non
2442 4719 2449 4786 3
2497 4684 2671 4769 quod
2715 4693 2782 4750 et
2825 4685 2917 4748 sic
2960 4705 3292 4764 conamur,
3340 4692 3406 4749 et
3448 4684 3542 4750 sic
3579 4683 4025 4768 deprecamur,
4071 4683 4243 4748 dono
4278 4682 4462 4749 illius

437 4777 714 4842 interius
771 4777 1094 4854 excutiat,
1151 4774 1324 4858 quod
1381 4795 1501 4857 per
1544 4776 1953 4841 occasionem
1995 4781 2257 4840 tantum
2300 4774 2393 4839 le-
2498 4793 2617 4837 nos
2661 4770 2921 4836 habere.
4106 4843 4111 4848 ,
4271 4773 4281 4780 “

439 4864 611 4928 viter
655 4863 984 4946 attingere
1027 4863 1100 4926 in
1144 4862 1363 4927 animo
1407 4859 1708 4927 habebat.
1795 4859 2082 4936 Verum,
2113 4870 2216 4928 ,ut
2268 4860 2394 4926 hoc
2670 4857 2943 4937 Verum,
2987 4855 3070 4921 ad
3112 4856 3287 4922 hanc
3329 4876 3518 4920 suam
3562 4853 3753 4920 liberi
3796 4853 4051 4918 arbitrii
4098 4862 4167 4919 et
4209 4856 4462 4939 gratiae

439 4949 632 5013 nihili
676 4950 1094 5026 aestimetur,
1154 4945 1308 5030 quid
1353 4969 1474 5012 nos
1492 4997 1506 5024 ,
1550 4946 1846 5023 obsecro,
1903 4954 2140 5030 gravat
2182 4945 2389 5011 illud?
2499 4943 2800 5027 copulam
2836 4940 3278 5020 astruendam,
3317 4962 3400 5005 ex
3435 4941 3657 5024 priore
3694 4938 3777 5004 ad
3821 4938 4261 5005 Valentinum
4293 4941 4463 5007 libro

373 5027 378 5034 ’
437 5057 569 5100 non
614 5032 918 5099 damnari
957 5034 1040 5099 ab
1084 5055 1160 5099 eo
1202 5033 1623 5115 Pelagianos,
1681 5031 1853 5114 quod
1894 5031 2178 5098 liberum
2221 5030 2395 5097 arbi·
2497 5031 2822 5113 optimum
2875 5029 3323 5108 testimonium
3384 5026 3626 5092 habere
3675 5047 3745 5091 se
3804 5032 4019 5108 putat,
4077 5025 4197 5092 ubi-
4244 5027 4462 5093 citatis

438 5123 640 5187 trium
693 5128 1088 5197 statuerent,
1144 5119 1261 5184 sed
1319 5117 1492 5202 quod
1547 5118 1688 5194 sine
1746 5117 1938 5182 modo
1982 5117 2393 5183 extollerent.
2499 5116 2861 5200 scripturae
2905 5115 3303 5198 praeceptis,
3345 5133 3512 5196 quae
3558 5111 3840 5178 liberum
3884 5111 4256 5190 arbitrium,
4303 5110 4463 5175 dum

437 5207 630 5291 Nam·
654 5227 862 5290 quum
916 5213 1216 5291 receptae
1271 5206 1406 5271 iam
1460 5203 1914 5271 consuetudini
1956 5224 2197 5270 nomen
2242 5226 2396 5270 con-
2926 5245 2931 5252 ·
4362 5210 4367 5214 ’

439 5293 716 5373 cederet,
764 5292 846 5358 de
888 5315 960 5358 re
999 5300 1259 5357 tantum
1301 5290 1838 5374 disceptationem
1879 5289 2183 5356 habebat.
2276 5289 2397 5354 Vi·
2641 5321 2697 5384 1)
2732 5321 2964 5375 Advers.
3002 5319 3263 5375 Faustum
3301 5318 3533 5372 Manioh.
3570 5317 3661 5371 lib.
3697 5314 3780 5370 15,

442 5378 733 5445 (lendum
776 5400 934 5462 ergo
971 5401 1178 5456 nunc,
1237 5385 1560 5461 quantum
1613 5374 1816 5440 tribui
1866 5375 2070 5441 libero
2128 5377 2398 5443 arbitrio
2634 5389 2697 5456 2)
2734 5389 3001 5445 Eiusdem·
3024 5389 3114 5443 lib.
3153 5405 3269 5457 cap.
3308 5386 3391 5440 17.
3431 5385 3515 5441 18.
3588 5401 3599 5412 ·
3725 5385 3789 5453 3)
3831 5384 4084 5522 Capgg.
4183 5384 4194 5395 ·
