4999 6179
661 1662 1080 1732 ORAISON
1140 1662 1397 1731 POUR
1436 1662 1878 1831 Ilggstff-NssU
1930 1661 2260 1743 MA'HN,
2322 1663 2449 1729 EN
2497 1660 2611 1728 SE

833 1905 997 1970 Mon
1051 1901 1256 1981 Dieu,
1312 1922 1469 1967 mon
1512 1903 1711 1982 Pere,
1766 1908 1833 1966 et
1874 1922 2030 1967 mon
2074 1899 2406 1982 Sauveur,
2460 1901 2613 1985 puis

662 1991 820 2074 qu’il
877 1994 969 2054 t'a
1022 1988 1178 2072 pleu
1231 2008 1339 2052 me
1381 1988 1543 2054 faire
1585 1987 1652 2052 la
1695 2008 1888 2071 grace
1932 1987 2013 2053 de
2054 2009 2279 2071 passer
2321 1988 2389 2053 la
2429 1988 2615 2052 nuict

660 2096 830 2159 pour
882 2075 1073 2141 venir
1124 2074 1358 2157 iusque
1426 2094 1511 2137 au
1563 2074 1708 2138 iour
1770 2080 2069 2157 present:
2125 2074 2403 2140 vueilles
2456 2093 2613 2156 moy

660 2161 840 2228 aussi
881 2160 1292 2225 maintenant
1323 2159 1486 2223 faire
1519 2179 1592 2224 ce
1626 2156 1798 2237 bien,
1834 2180 1960 2241 que
1991 2158 2055 2224 ie
2089 2158 2434 2243 l’employe
2467 2165 2615 2222 tout

662 2253 704 2312 8
746 2254 862 2313 108
912 2245 1188 2312 service:
1244 2243 1585 2310 tellement
1638 2264 1764 2327 que
1807 2245 1866 2309 ie
1910 2265 1996 2309 ne
2037 2265 2266 2327 pense,
2321 2266 2407 2309 ne
2451 2244 2609 2322 dise,

661 2352 746 2398 ne
780 2333 921 2398 face
960 2330 1140 2409 rien,
1186 2331 1374 2395 sinon
1416 2350 1586 2414 pour
1626 2336 1693 2395 te
1737 2329 2085 2413 complaire
2127 2337 2196 2394 et
2236 2329 2416 2395 obeir
2457 2337 2501 2395 a
2541 2336 2614 2394 ta

663 2419 877 2484 bonne
931 2417 1228 2483 volunte:
1287 2417 1423 2481 afin
1477 2437 1603 2498 que
1645 2435 1769 2498 par
1811 2435 1884 2480 08
1932 2436 2172 2500 moyen
2216 2423 2430 2481 tontes
2468 2435 2610 2480 mes

660 2525 919 2570 oeuvres
963 2510 1199 2587 soyent
1253 2508 1295 2566 8
1338 2501 1404 2565 18
1445 2500 1652 2584 810118
1696 2499 1776 2565 (18
1821 2510 1936 2566 108
1977 2501 2042 2565 N
2043 2522 2177 2579 om,
2239 2507 2308 2565 81
2349 2500 2610 2565 edifica-

658 2591 802 2654 tion
862 2589 944 2655 de
997 2609 1138 2653 mes
1195 2586 1566 2669 prochains.
1653 2587 1747 2651 Et
1788 2607 2042 2652 comme
2089 2586 2139 2650 il
2180 2592 2247 2651 te
2291 2586 2487 2669 plaist
2530 2585 2611 2653 de

658 2676 821 2741 faire
872 2675 1041 2740 luire
1094 2679 1212 2736 108
1266 2670 1470 2738 Soleil
1525 2692 1640 2737 sus
1692 2671 1760 2737 la
1814 2680 2018 2750 terre,
2075 2692 2245 2755 pour
2297 2693 2463 2737 nous
2508 2694 2610 2738 es-

660 2760 900 2827 olairer
955 2757 1525 2841 corporellement,
1597 2757 1774 2833 aussi
1820 2757 2095 2823 vueillcs
2148 2777 2306 2842 moy
2415 2778 2490 2822 ar
2545 2757 2613 2822 la

662 2845 892 2911 clairte
943 2843 1024 2910 de
1077 2852 1194 2908 ton
1247 2842 1478 2925 Esprit
1540 2841 1878 2908 illuminer
1929 2864 2087 2915 mon
2145 2852 2342 2908 enten
2390 2849 2613 2907 ement

662 2937 730 2995 et
770 2952 930 2996 mon
988 2950 1220 3009 cueur,
1273 2949 1440 3011 pour
1479 2947 1586 2993 me
1631 2929 1877 3013 diriger
1919 2949 2002 2993 en
2045 2928 2111 2994 18
2154 2928 2398 2993 (1101018
2440 2947 2611 3013 voye

662 3016 743 3082 de
787 3024 859 3082 ta
900 3016 1148 3081 iustice.
1237 3015 1447 3094 Ainsi,
1497 3021 1539 3078 a
1576 3014 1857 3100 quelque
1901 3014 2096 3079 chose
2138 3036 2265 3098 que
2306 3015 2370 3079 ie
2403 3018 2612 3099 m’ap-

659 3102 911 3186 plique,
968 3124 1093 3185 que
1146 3101 1474 3167 tousiours
1527 3122 1640 3166 ma
1691 3101 2078 3186 principalle
2130 3103 2226 3167 fin
2271 3108 2340 3166 et
2389 3103 2611 3166 inten-

659 3190 800 3254 tion
869 3189 995 3254 soit
1050 3186 1130 3252 de
1184 3187 1522 3253 cheminer
1575 3208 1658 3251 en
1712 3196 1784 3252 ta
1833 3188 2114 3266 erainte,
2169 3194 2236 3252 te
2291 3188 2502 3254 servir
2545 3192 2614 3250 et

658 3274 965 3352 honorer,
1011 3270 1353 3338 attendant
1394 3281 1537 3337 tout
1576 3294 1734 3338 mon
1778 3272 1928 3339 bien
1972 3280 2040 3338 et
2080 3294 2194 3340 ma
2245 3272 2612 3356 prosperita

663 3357 743 3424 de
802 3368 875 3424 ta
930 3358 1114 3425 seule
1170 3357 1606 3424 benediction:
1666 3360 1801 3424 afin
1860 3359 1941 3424 de
1996 3379 2080 3424 ne
2139 3359 2279 3423 rien
2324 3365 2611 3424 attenter

661 3446 775 3528 qui
817 3466 903 3510 118
947 3452 1012 3509 18
1047 3445 1172 3510 8011
1204 3443 1524 3528 agreable.
1602 3445 2024 3530 Davantage,
2071 3444 2455 3509 travaillant
2486 3444 2613 3509 tel-

660 3531 911 3596 lement
961 3551 1129 3614 pour
1182 3551 1337 3595 mon
1402 3548 1593 3613 corps
1647 3537 1714 3594 et
1780 3551 1946 3613 pour
2005 3529 2072 3594 18
2125 3530 2233 3596 vie
2286 3537 2612 3614 presente,

661 3636 787 3700 que
828 3617 891 3681 ie
944 3615 1219 3700 reg-arde
1257 3614 1587 3680 tousiours
1628 3615 1776 3699 plus
1818 3616 2031 3700 loing:
2084 3617 2404 3695 assavoir,
2464 3623 2507 3680 a
2549 3615 2617 3680 18

661 3703 767 3769 vie
824 3702 1090 3780 celeste,
1156 3700 1435 3783 laquelle
1499 3708 1577 3765 tu
1634 3721 1707 3766 as
1759 3702 2045 3785 promise
2099 3709 2142 3767 a
2196 3709 2296 3768 tes
2360 3701 2614 3767 enfans.

659 3787 1094 3854 Neantmoins
1138 3787 1296 3871 qu'il
1340 3795 1409 3851 te
1451 3786 1672 3870 plaise,
1718 3794 1785 3869 et
1827 3786 2009 3852 selon
2050 3787 2114 3853 le
2148 3809 2355 3871 corps,
2401 3794 2470 3853 et
2513 3808 2614 3852 se-

659 3875 771 3939 lon
803 3874 1015 3953 l'ame,
1052 3882 1225 3938 estre
1259 3894 1413 3937 mon
1445 3879 1853 3956 protecteur,
1887 3893 1995 3938 me
2032 3874 2354 3939 fortifiant
2385 3880 2615 3939 contre

658 3967 871 4026 toutes
913 3959 1009 4025 les
1053 3959 1409 4024 tentations
1452 3958 1542 4023 du
1599 3958 1842 4039 diable,
1899 3967 1965 4024 et
2006 3980 2118 4024 me
2159 3959 2491 4025 delivrant
2533 3958 2614 4023 de

661 4051 811 4111 tous
865 4045 963 4111 les
1034 4044 1318 4129 dangers
1387 4045 1667 4111 terriens
1717 4047 1829 4128 qui
1883 4067 1991 4112 me
2042 4053 2446 4130 pourroyent
2496 4044 2613 4110 ad-

657 4132 868 4196 venir.
967 4131 1060 4196 Et
1111 4151 1353 4214 pource
1403 4152 1528 4214 que
1572 4152 1645 4197 ee
1697 4132 1864 4198 n'est
1916 4132 2061 4197 rien
2108 4130 2189 4197 de
2243 4131 2393 4196 bien
2435 4150 2612 4196 oom-

662 4235 954 4295 mencer,
1002 4217 1116 4300 qui
1158 4238 1242 4281 ne
1285 4237 1651 4301 persevero,
1707 4216 1979 4284 vueilles
2022 4238 2178 4303 moy
2222 4237 2357 4282 non
2401 4217 2613 4282 seule-

660 4307 849 4367 ment
881 4322 1049 4384 pour
1092 4323 1165 4369 08
1206 4302 1536 4389 iourdhuy
1593 4304 1889 4370 reeevoir
1932 4325 2016 4368 en
2059 4310 2131 4368 ta
2174 4303 2420 4368 saincte
2456 4323 2612 4368 con-

663 4387 877 4466 duite,
920 4387 1088 4453 mais
1130 4408 1298 4471 pour
1339 4395 1523 4453 toute
1560 4409 1672 4453 ma
1716 4389 1851 4468 vie,
1908 4389 2300 4455 continuant
2342 4395 2410 4452 et
2449 4409 2611 4473 aug-

659 4480 965 4539 mentant
1014 4474 1518 4539 iournellement
1571 4481 1643 4539 ta

3040 1757 3049 1764 .
3137 1660 3606 1728 PREOATIO
3651 1608 4156 1728 MATUrINA.
4175 1660 4231 1743 2)
4456 1764 4459 1771 Γ

2887 1902 3074 1969 Deus
3116 1903 3229 1980 mi,
3272 1909 3461 1984 pater
3504 1901 3600 1966 mi
3634 1908 3703 1967 et
3745 1907 4069 1979 servator,
4114 1901 4225 1984 qui
4309 1901 4474 1965 ratia
4509 1920 4666 1985 erga

2716 2011 2824 2054 me
2866 1996 2983 2054 tua
3039 1987 3345 2064 effecisti,
3400 1996 3476 2051 ut
3527 1994 3857 2053 transacta
3899 1996 4089 2053 nocte
4133 1985 4217 2051 ad
4314 2008 4445 2052 8110
4491 1986 4665 2052 diem

2716 2075 3162 2159 pervenirem:
3218 2073 3320 2138 fac
3363 2073 3593 2151 etiam,
3638 2081 3717 2137 ut
3756 2074 3975 2157 ipsum
4021 2081 4231 2137 totum
4273 2073 4344 2136 in
4389 2073 4667 2138 sanctis-

2717 2161 2868 2226 simi
2923 2159 3216 2224 numinis
3271 2159 3372 2222 tui
3430 2158 3610 2224 cultu
3669 2165 3737 2222 et
3794 2158 4208 2224 veneratione
4262 2179 4663 2224 consumam.

2714 2245 2899 2311 Nihil
2945 2245 3209 2311 omnino
3266 2253 3382 2309 aut
3431 2244 3738 2327 cogitem,
3794 2254 3909 2309 aut
3961 2243 4200 2322 dicam,
4251 2252 4368 2308 881
4411 2244 4667 2322 faciam,

2714 2331 2888 2414 quod
2944 2350 3018 2395 eo
3076 2350 3212 2395 non
3255 2328 3511 2409 tendat,
3568 2337 3641 2393 ut
3683 2329 3799 2394 tibi
3844 2330 4195 2413 obsequar,
4234 2338 4301 2394 et
4338 2329 4670 2395 voluntati

2714 2425 2866 2483 tuae
2898 2437 3149 2481 morem
3183 2436 3435 2499 geram:
3475 2436 3602 2498 quo
3641 2416 3887 2482 seilicet
3919 2417 4205 2481 actiones
4227 2436 4454 2479 omnes
4481 2435 4668 2480 meae

2714 2504 3085 2568 referantur
3141 2501 3224 2566 ad
3288 2501 3564 2584 gloriam
3618 2502 3902 2566 nominis
3954 2502 4086 2578 tui,
4145 2510 4338 2583 atque
4388 2501 4674 2565 fratrum

2712 2610 3012 2654 meorum
3056 2587 3363 2652 salutem:
3425 2586 3582 2651 dum
3625 2587 3924 2670 exemplo
3979 2608 4124 2652 meo
4179 2586 4263 2650 ad
4320 2594 4391 2651 te
4448 2586 4670 2652 colen-

2715 2674 2872 2739 dum
2893 2673 3389 2755 instruentur.⁸)
3444 2674 3665 2754 Atque
3691 2680 3767 2736 ut
3788 2671 4109 2737 mundum
4136 2672 4328 2751 hune,
4368 2671 4451 2737 ad
4493 2673 4675 2737 vitae

2715 2766 3029 2825 externae
3070 2778 3248 2837 usus,
3294 2756 3449 2822 solis
3480 2758 3589 2820 -tui
3631 2757 3974 2840 splendore
4018 2758 4366 2837 illuminas,
4412 2758 4515 2824 ita
4548 2757 4675 2822 ful-

2715 2866 2872 2930 gore
2915 2845 3182 2928 spiritus
3225 2844 3325 2907 tui
3366 2850 3657 2907 mentem
3695 2864 3911 2908 meam
3955 2843 4245 2922 illustra,
4291 2843 4405 2927 qui
4446 2866 4563 2909 me
4596 2843 4675 2909 in

2715 2931 2825 2997 via
2864 2930 3153 2995 iustitiae
3197 2934 3346 2994 tuae
3388 2927 3643 3012 dirigat.

2885 3014 3362 3097 Quamcunque
3379 3019 3437 3099 ⁴)
3466 3014 3549 3079 ad
3582 3035 3723 3078 rem
3745 3013 4062 3097 applicem
4090 3015 4383 3079 animum
4426 3036 4671 3094 meum,

2713 3103 2771 3168 is
2806 3102 2973 3167 mihi
3014 3122 3273 3184 semper
3314 3102 3402 3166 sit
3434 3101 3805 3184 propositus
3851 3105 3968 3181 [fol.
4008 3106 4116 3182 84]
4161 3102 4314 3166 finis
4331 3152 4347 3180 ,
4405 3109 4485 3167 ut
4530 3101 4672 3181 tibi,

2714 3188 3075 3270 honorique
3117 3194 3234 3251 tuo
3266 3187 3652 3267 inserviam,
3708 3207 3971 3252 omnem
4014 3187 4392 3252 felicitatem
4442 3208 4486 3252 a
4522 3209 4675 3273 gra-

2714 3275 2807 3339 tia
2842 3282 2911 3340 et
2952 3273 3382 3338 beneficentia
3420 3282 3538 3337 tua
3580 3272 3720 3338 sola
3747 3280 4138 3355 exspectem.
4159 3271 4214 3354 ⁵)
4293 3272 4435 3338 Nee
4483 3271 4674 3356 quid-

2714 3381 2914 3443 quam
2956 3359 3224 3424 omnino
3275 3356 3639 3442 aggrediar,
3685 3358 3856 3440 quod
3911 3356 4029 3422 tibi
4076 3367 4339 3442 gratum
4382 3381 4522 3425 non
4568 3360 4671 3424 sit.

2716 3447 2925 3511 Effice
2968 3452 3323 3528 praeterea,
3367 3451 3444 3508 ut
3487 3443 3644 3508 dum
3689 3443 3885 3508 huius
3928 3443 4426 3510 vitae-tuendae
4472 3465 4678 3510 causa

2714 3530 2958 3610 laboro,
3006 3538 3073 3595 et
3123 3551 3201 3595 88
3244 3549 3421 3596 curo.
3456 3549 3622 3612 quae
3666 3528 3750 3593 ad
3794 3529 4044 3595 victum
4102 3537 4170 3594 et
4223 3530 4480 3595 cultum
4528 3552 4672 3597 eor-

2716 3618 2892 3700 poris
2951 3615 3312 3700 pertinent:
3372 3614 3568 3680 altius
3625 3621 3846 3680 tamen
3901 3616 4150 3699 erigam
4195 3616 4531 3696 animum,
4594 3615 4678 3680 ad

2716 3703 2977 3768 beatam
3027 3722 3266 3784 nempe
3310 3707 3376 3766 et
3415 3701 3761 3767 coelestem
3805 3700 4041 3779 vitam,
4098 3721 4294 3783 quam
4335 3701 4495 3768 filiis
4544 3701 4677 3766 tuis

2716 3788 3090 3872 promisisti.
3178 3786 3655 3865 Nihilominus,
3710 3795 3848 3851 tam
3903 3787 4159 3852 animae
4202 3807 4399 3869 quam
4441 3808 4679 3870 corpo-

2716 3876 2808 3940 ris
2850 3881 3280 3958 protectorem
3322 3879 3389 3937 te
3422 3872 3591 3936 mihi
3632 3870 4034 3951 exhibendO,
4079 3872 4395 3938 adversus
4440 3894 4680 3939 omnes

2717 3958 3008 4027 Satanae
3052 3957 3342 4024 insultus
3360 3960 3417 4042 Β)
3462 3980 3569 4023 818
3614 3959 3960 4024 confirmes
4003 3978 4078 4023 80
4131 3960 4422 4024 munias:
4483 3967 4556 4025 et
4598 3957 4680 4023 ab

2716 4046 3019 4111 omnibus
3071 4044 3407 4127 perieulis,
3468 4065 3636 4126 quae
3692 4043 3877 4109 nobis
3930 4044 4189 4108 assidue
4243 4045 4315 4107 in
4362 4045 4491 4110 1180
4538 4046 4681 4110 vita

2713 4131 3115 4216 impendent,
3150 4129 3407 4195 liberes.
3469 4127 3579 4194 Ad
3622 4128 3800 4208 haec,
3830 4151 4035 4212 quum
4057 4151 4290 4212 parum
4312 4131 4368 4212 ⁷)
4396 4131 4493 4195 sit
4528 4150 4680 4197 coe-

2715 4218 2907 4301 pisse,
2938 4217 3068 4281 nisi
3113 4235 3544 4299 perseverem,
3592 4214 3739 4280 ideo
3785 4236 3825 4279 a
3849 4215 3992 4297 188)
4035 4224 4211 4297 11810,
4237 4214 4556 4295 Domine,
4594 4236 4680 4281 ne

2714 4304 2878 4368 mihi
2921 4304 2993 4367 in
3036 4300 3429 4366 hodiernum
3472 4300 3644 4365 diem
3688 4308 3947 4365 tantum
3990 4300 4127 4366 dux
4171 4301 4260 4366 sis
4311 4323 4386 4366 ac
4430 4311 4682 4380 rector,

2716 4389 2831 4454 sed
2857 4409 3062 4471 usque
3106 4385 3190 4451 ad
3230 4387 3409 4453 vitae
3464 4389 3667 4451 finem
3710 4408 3816 4451 me
3832 4385 3892 4470 ⁹)
3933 4387 4001 4451 in
4046 4396 4222 4451 tuam
4268 4386 4474 4451 fidem
4533 4409 4682 4453 sus-

1932 4496 2017 4540 en
2057 4496 2241 4558 moy,
2300 4474 2528 4556 iusque
2570 4481 2613 4539 a
2660 4449 2670 4569 Ι
2715 4475 2934 4558 0111188,
2962 4495 3089 4557 (180
3113 4473 3233 4538 8811
3257 4472 3389 4539 tuis
3435 4472 3762 4556 auspiciis,
3790 4479 3967 4537 totus
3992 4473 4168 4537 vitae
4210 4493 4395 4537 meae
4431 4494 4683 4539 cursus

658 4581 734 4627 08
778 4580 907 4644 (188
947 4567 1020 4624 18
1066 4559 1309 4644 m'ayes
1352 4569 1582 4625 amene
1624 4567 1666 4624 a
1694 4495 2032 4645 weine
2076 4560 2486 4627 conionction
2531 4559 2611 4625 de
2714 4561 3137 4645 transigatur.
3225 4559 3319 4623 Et
3371 4559 3526 4641 quia
3569 4558 4038 4640 proficiendum
4083 4558 4274 4623 nobis
4329 4567 4453 4638 est,
4573 4580 4681 4624 ra-

661 4653 778 4711 ton
835 4645 982 4711 141118
1037 4645 1230 4711 18888
1286 4644 1517 4711 0111181
1569 4653 1791 4711 nostre
1835 4645 2192 4732 Seigneur,
2248 4647 2357 4728 qui
2403 4651 2508 4712 est
2547 4646 2611 4712 le
2714 4646 2846 4712 tiae
2868 4647 2939 4711 in
2978 4667 3084 4710 me
3109 4651 3263 4709 tuae
3289 4642 3459 4709 dona
3482 4643 3733 4730 adauge
3758 4647 3844 4793 ¹⁰}
3876 4645 3943 4708 in
3968 4643 4126 4718 dies,
4154 4644 4481 4726 tantisper
4516 4582 4684 4710 gum

658 4752 828 4816 vray
873 4730 1076 4798 Soleil
1121 4730 1202 4797 de
1243 4752 1365 4796 noz
1400 4752 1596 4810 ames,
1640 4732 1886 4798 luisant
1925 4734 2071 4798 iour
2106 4739 2173 4797 et
2208 4733 2411 4811 nuict,
2457 4751 2613 4799 sans

2713 4733 2976 4815 penitus
3023 4730 3414 4795 adhaeream
3446 4730 3579 4794 filio
3630 4740 3761 4809 tuo,
3846 4750 3960 4795 esu
4006 4730 4293 4807 Christo,
4326 4750 4566 4828 ‘quem
4600 4730 4683 4831 ¹3)

657 4817 755 4882 fin
798 4826 866 4882 et
906 4825 948 4882 a
1003 4817 1389 4900 perpetuite.
1494 4818 1586 4882 Et
1628 4819 1761 4882 afin
1803 4839 1926 4901 que
1978 4819 2041 4883 ie
2093 4818 2314 4902 puisse
2354 4818 2613 4884 obtenir
2713 4839 2949 4885 verum
3008 4817 3212 4882 solem
3266 4815 3592 4882 lucentem
3647 4824 3965 4899 perpetuo
4016 4816 4088 4879 in
4142 4816 4378 4880 animis
4420 4823 4684 4882 nostns

660 4901 853 4968 telles
911 4923 1137 4987 818088
1195 4901 1276 4968 (18
1319 4911 1466 4988 toy,
1524 4903 1799 4971 vueilles
1844 4905 2097 4970 oublier
2137 4925 2280 4970 mes
2320 4906 2536 4970 fantes
2560 4904 2611 5002 ξ)

972 5091 1032 5154 1)
1070 5097 1248 5146 tontes
1283 5107 1396 5146 mes
1431 5090 1607 5147 fantes
1642 5089 1795 5144 1561.
1833 5090 1983 5144 1562.
2022 5045 2363 5146 15631566.

971 5159 1030 5226 2)
1069 5160 1145 5213 In
1178 5160 1298 5215 edd.
1333 5161 1720 5216 recentioribus
1757 5160 2044 5229 praecedit
2083 5163 2277 5216 &tulus
2307 5160 2607 5229 ymeralis:
2640 5160 2999 5284 git-lectit‘igges
3042 5158 3246 5227 aliquot
3278 5159 3416 5227 piae.

2438 5245 2640 5298 exspec
2738 5246 2765 5284 s
2940 5269 2953 5281 .

664 5226 816 5283 1563.
1027 5227 1090 5294 4)
1139 5229 1259 5297 Quo
1293 5228 1392 5284 fiat
1424 5235 1486 5284 ut
1521 5246 1780 5299 quamcun
1821 5245 1907 5299 ue,
1945 5227 2099 5283 1563.
2329 5227 2390 5294 5)

659 5297 723 5363 8)
759 5306 1156 5367 perseveretur,
1192 5315 1227 5353 8
1261 5306 1315 5353 te
1352 5297 1504 5352 1563.
1819 5301 1842 5364 J
1879 5315 1963 5353 me
2003 5340 2016 5353 .
2054 5341 2066 5354 .
2104 5338 2116 5352 .

2155 5337 2168 5351 .
2204 5300 2359 5353 nobis
2399 5305 2498 5366 est,
2535 5315 2636 5352 om.
2673 5295 2823 5353 1563.

2715 4903 2950 4969 1881110
2990 4902 3413 4986 appellamus.
3493 4899 3681 4981 Quae
3726 4909 3823 4966 tot
3861 4909 4170 4984 tantaque
4213 4899 4561 4982 beneficia,
4610 4910 4688 4968 ut

3733 5154 3794 5216 3)
3833 5156 3956 5210 dum
3993 5197 4007 5210 .
4043 5196 4055 5210 .
4093 5196 4107 5209 .
4144 5157 4539 5238 ..instruentur
4573 5173 4682 5216 οπο.

3178 5226 3238 5291 6)
3285 5227 3616 5282 tentationes
3658 5223 3809 5277 1563.
4031 5224 4088 5292 7)
4126 5224 4254 5279 1111111
4394 5235 4474 5280 811
4514 5225 4681 5282 1563.

3063 5296 3177 5363 1οῩ
3195 5297 3468 5364 adaugens
3502 5296 3555 5348 in
3592 5294 3708 5348 dies
3743 5294 3913 5349 donec
3948 5296 4164 5363 penitus
4202 5294 4232 5344 1
4338 5332 4353 5347 .
4582 5295 4682 5363 11)

659 5366 754 5435 qui
790 5382 950 5421 verus
986 5376 1071 5423 est
1106 5367 1191 5421 801
1226 5367 1521 5422 ammarum
1553 5375 1876 5436 nostrarum,
1913 5367 2144 5422 interdiu
2181 5375 2237 5421 et
2271 5374 2436 5422 noctu
2469 5368 2677 5438 lucens,
2712 5369 2827 5423 sine
2862 5365 2969 5421 fine
3007 5372 3063 5421 et
3095 5367 3153 5421 in
3190 5373 3483 5432 aeternum,
3520 5361 3675 5418 1563.
