4999 6179
405 1374 818 1445 IOANNES
863 1373 1355 1455 GALVINUS‚
1401 1372 1914 1444 FIDELIBUS
1953 1375 2337 1444 OHRIS'I'I
2379 1374 2879 1462 MmISTRIS,
2925 1378 3092 1462 QUI
3135 1380 3325 1448 PER
3379 1380 3778 1451 FRISIAM
3813 1383 4437 1455 ORmNTALEM

1292 1488 1627 1555 PURAM
1668 1488 2201 1556 EVANGELII
2242 1489 2805 1558 DOCTRINAM
2837 1490 3465 1561 ANNUNGIANT.
3494 1496 3544 1581 ¹)

720 1660 944 1743 Quum
981 1660 1111 1725 huc
1152 1659 1363 1726 modis
1418 1661 1723 1728 omnibus
1767 1662 1931 1727 eniti
1974 1681 2095 1726 nos
2134 1662 2501 1742 conveniat,
2545 1670 2623 1728 ut
2663 1664 2839 1730 inter
2879 1659 3002 1732 nos
3045 1666 3341 1733 reluceat
3382 1667 3498 1733 illa
3540 1688 3707 1751 quae
3752 1676 4095 1753 tantopere
4138 1688 4178 1733 a
4219 1670 4434 1737 Paulo

406 1773 906 1842 commendatur
938 1772 1094 1839 fidei
1126 1774 1365 1852 unitas,
1404 1771 1489 1838 ad
1508 1771 1686 1840 hunc
1720 1778 1899 1840 certe
1935 1773 2140 1839 finem
2174 1774 2590 1856 potissimum
2625 1775 2913 1844 solennis
2957 1777 3111 1844 fidei
3154 1780 3488 1862 professio,
3532 1801 3699 1864 quae
3740 1781 4063 1865 baptismo
4104 1781 4438 1849 communi

406 1908 670 1955 annexa
712 1893 831 1967 est,
876 1883 1155 1951 debebat
1196 1884 1447 1951 referri.
1536 1884 1825 1951 Proinde
1868 1884 1977 1952 hic
2024 1906 2159 1951 non
2203 1893 2603 1968 perpetuum
2653 1887 2847 1953 modo
2901 1890 3079 1956 inter
3132 1910 3359 1958 omnes
3412 1913 3808 1959 consensum
3863 1894 3934 1958 in
3976 1892 4240 1980 pietatis
4284 1893 4438 1961 doo-

404 2002 589 2067 trina
632 2008 931 2066 constare
948 2048 963 2075 ,
1001 1997 1116 2063 sed
1160 2018 1364 2062 unam
1398 2017 1655 2083 quoque
1698 1996 1989 2063 ecclesiis
2023 1996 2327 2063 omnibus
2370 2017 2516 2063 esse
2559 1998 2944 2065 catechismi
2986 2001 3269 2081 formam
3302 2002 3666 2086 optandum
3708 2010 3901 2070 esset.
3971 2003 4247 2086 Verum,
4283 2007 4438 2090 quia

404 2113 653 2180 multas
692 2112 774 2177 ob
821 2130 1052 2177 causas
1094 2111 1206 2175 vix
1249 2129 1541 2192 unquam
1580 2108 1653 2174 id
1696 2109 1937 2192 poterit
1980 2108 2285 2189 obtineri,
2343 2109 2507 2192 quin
2552 2130 2743 2175 suam
2787 2131 3085 2194 quaeque
3125 2112 3403 2179 ecclesia
3443 2115 3782 2199 propriam
3826 2115 4070 2182 habeat
4083 2167 4099 2197 ,
4154 2138 4288 2183 non
4335 2128 4439 2184 est

408 2224 869 2291 vehementius
911 2218 1376 2307 pugnandum:
1422 2220 1619 2286 modo
1666 2230 1888 2287 tamen
1933 2239 2013 2285 ea
2056 2220 2146 2285 sit
2186 2219 2261 2285 in
2301 2219 2577 2286 docendi
2629 2221 2823 2287 modo
2867 2222 3184 2305 varietas,
3240 2245 3375 2307 qua
3417 2223 3502 2289 ad
3544 2246 3756 2291 unum
3801 2226 4148 2294 Christum
4192 2227 4439 2314 diriga-

406 2352 561 2403 mur
602 2356 852 2413 omnes,
887 2334 1076 2402 cuius
1113 2333 1394 2399 veritate
1440 2334 1615 2398 inter
1657 2353 1779 2398 nos
1823 2332 2113 2416 copulati
2157 2333 2251 2399 sic
2294 2333 2367 2398 in
2406 2354 2621 2399 unum
2663 2354 2901 2417 corpus
2947 2333 3388 2402 coalescamus
3431 2356 3776 2420 unumque
3817 2339 4151 2420 spiritum,
4207 2347 4285 2406 ut
4327 2360 4439 2407 eo-

411 2449 563 2515 dem
596 2448 797 2515 simul
841 2468 971 2527 ore,
1016 2465 1440 2529 quaecunque
1483 2444 1565 2509 ad
1602 2443 1756 2509 fidei
1788 2464 2116 2510 summam
2160 2451 2477 2528 spectant,
2524 2445 2995 2529 praedicemus.
3065 2444 3175 2513 Ad
3218 2448 3398 2514 hunc
3439 2468 3712 2532 scopum
3753 2451 3867 2533 qui
3908 2470 4042 2514 non
4082 2449 4445 2517 intendunt

412 2560 821 2639 catechistae,
865 2565 1325 2643 praeterquam
1365 2554 1539 2639 quod
1583 2554 1839 2621 dissidii
1882 2556 2234 2622 materiam
2275 2556 2346 2622 in
2391 2556 2709 2641 religione
2752 2557 3030 2625 serendo
3073 2559 3443 2643 capitaliter
3485 2570 3728 2628 nocent
3782 2560 4120 2642 ecclesiae,
4161 2563 4441 2646 impiam

412 2694 671 2758 quoque
692 2670 1003 2756 baptismi
1024 2669 1540 2753 profanationem
1560 2666 1907 2734 inducunt.
1968 2666 2166 2748 Quae
2189 2669 2369 2734 enim
2388 2669 2672 2752 amplius
2692 2670 3003 2755 baptismi
3026 2671 3302 2752 utilitas,
3325 2672 3458 2738 nisi
3478 2683 3749 2739 maneat
3769 2672 3893 2739 hoc
3913 2673 4445 2756 fundamentum,

410 2798 489 2851 ut
544 2786 1033 2850 consentiamus
1086 2801 1315 2847 omnes
1357 2780 1431 2846 in
1482 2800 1685 2845 unam
1726 2779 1971 2845 fidem?
2062 2778 2213 2861 Quo
2265 2778 2650 2864 diligentius
2707 2802 2943 2848 cavere
2987 2781 3256 2863 debent,
3316 2785 3433 2868 qui
3475 2785 3906 2852 catechismos
3949 2785 4160 2852 edunt
4199 2786 4273 2851 in
4312 2806 4441 2870 pu-

410 2896 678 2977 blicum,
715 2918 801 2962 ne
824 2893 984 2981 quid
1016 2901 1266 2961 temere
1299 2890 1689 2977 proferendo
1724 2914 1860 2958 non
1892 2893 1967 2958 in
2001 2912 2313 2977 praesens
2346 2891 2542 2958 modo
2576 2891 2694 2958 sed
2731 2893 2935 2959 etiam
2969 2891 3055 2959 ad
3086 2901 3404 2978 posteros,
3443 2906 3587 2962 tum
3609 2917 3883 2982 gravem
3911 2898 4146 2981 wpietati
4179 2917 4444 2977 noxam,

410 3020 561 3076 tum
603 3007 868 3075 exitiale
910 3006 1223 3075 ecclesiae
1265 3004 1511 3073 vulnus
1552 3005 1874 3092 infligant.
1962 3004 2110 3071 Hoc
2163 3003 2311 3070 ideo
2366 3004 2650 3088 praefari
2689 3005 2898 3087 volui,
2953 3012 3033 3071 ut
3070 3004 3143 3070 id
3182 3028 3290 3073 me
3332 3028 3587 3093 quoque
3601 3059 3619 3088 ,
3675 3008 3869 3075 sicuti
3912 3029 4035 3093 par
4077 3017 4247 3091 erat,
4304 3030 4441 3076 non

413 3131 750 3208 postremo
791 3123 934 3187 loco
977 3126 1325 3204 spectasse,
1372 3125 1688 3185 testatum
1731 3125 1906 3185 esset
1946 3117 2316 3198 lectoribus,
2359 3138 2444 3183 ne
2490 3121 2610 3196 [fol.
2658 3122 2722 3198 3]
2768 3116 2929 3201 quid
2970 3118 3042 3183 in
3085 3119 3212 3185 isto
3253 3141 3401 3187 meo
3446 3121 3842 3188 catechismo
3888 3120 4218 3186 traderem
4231 3174 4247 3202 ,
4305 3124 4440 3188 nisi

412 3241 715 3319 receptae
769 3234 948 3298 inter
999 3252 1229 3298 omnes
1282 3230 1426 3314 pios
1484 3228 1820 3296 doctrinae
1875 3236 2408 3296 consentaneum.
2498 3230 2723 3313 Atque
2780 3230 2851 3295 id
2892 3231 3112 3313 ipsum
3125 3282 3143 3312 ,
3197 3232 3375 3330 quod
3426 3234 3739 3315 profiteor
3755 3284 3772 3311 ,
3822 3254 3958 3299 non
4003 3253 4255 3299 vanum
4297 3253 4442 3301 esse

416 3345 850 3431 comperient,
896 3342 1010 3427 qui
1053 3340 1401 3409 candorem
1445 3342 1515 3407 in
1557 3340 1836 3427 legendo
1881 3361 2248 3425 sanumque
2292 3339 2614 3408 iudicium
2655 3339 3091 3407 adhibuerint.
3183 3340 3383 3409 Certe
3424 3363 3533 3410 me
3576 3351 4056 3429 consequutum
4100 3365 4242 3412 esse
4284 3366 4442 3412 con-

417 3459 578 3534 fido,
636 3468 710 3525 ut
762 3457 949 3523 labor
990 3476 1179 3521 meus
1223 3454 1413 3521 bonis
1457 3454 1778 3534 omnibus,
1825 3456 1884 3521 si
1925 3475 2063 3520 non
2103 3453 2476 3533 satisfaciat,
2536 3459 2766 3538 gratus
2811 3460 3034 3520 tamen
3078 3455 3195 3536 sit,
3251 3462 3328 3520 ut
3367 3455 3480 3539 qui
3521 3455 3707 3522 utilis
3745 3455 3833 3522 ab
3871 3457 4032 3540 ipsis
4077 3463 4440 3524 censeatur.

418 3570 615 3653 Quod
658 3577 880 3636 autem
922 3568 1203 3635 latinum
1243 3566 1369 3633 feci
1382 3617 1398 3645 ,
1452 3566 1528 3632 in
1570 3588 1647 3633 eo
1690 3567 1750 3632 si
1788 3566 1955 3633 forte
1998 3564 2397 3650 quibusdam
2439 3586 2574 3630 non
2615 3564 3001 3650 probabitur
3042 3587 3266 3632 meum
3310 3566 3688 3646 consilium,
3735 3567 3879 3634 eius
3921 3575 4150 3634 tamen
4190 3569 4443 3635 multae

415 3684 704 3749 rationes
738 3681 905 3746 mihi
949 3687 1272 3758 constant,
1316 3699 1479 3762 quas
1521 3701 1696 3746 nunc
1731 3680 1976 3746 referre
2021 3698 2251 3744 omnes
2306 3676 2478 3744 nihil
2513 3678 2778 3743 attinet:
2825 3697 2935 3744 eas
2950 3675 3006 3760 2)
3043 3683 3306 3744 tantum
3337 3678 3601 3764 eligam,
3643 3699 3814 3763 quac
3847 3679 3932 3745 ad
3965 3679 4301 3747 vitandam
4334 3701 4442 3748 re-

418 3794 923 3882 prehensionem
958 3791 1258 3858 sufficere
1292 3790 1658 3857 videantur.
1730 3791 2034 3857 Primum
2065 3791 2139 3855 in
2174 3791 2299 3857 hoc
2340 3796 2481 3856 tam
2523 3789 2794 3858 confuso
2839 3788 3283 3874 dissipatoque
3326 3789 3670 3857 christiani
3709 3792 3994 3857 nominis
4039 3800 4233 3872 statu,
4275 3792 4441 3860 utile

421 3929 567 3973 esse
607 3905 841 3984 iudico,
887 3911 1146 3969 exstare
1187 3902 1455 3987 publica
1494 3903 1872 3969 testimonia
1887 3953 1904 3981 ,
1950 3902 2186 3986 quibus
2232 3901 2571 3982 ecclesiae,
2615 3921 2782 3986 quae
2823 3900 3040 3987 longis
3083 3900 3325 3986 alioqui
3363 3903 3657 3968 locorum
3701 3904 3929 3986 spatiis
3973 3903 4239 3970 dissitas
4281 3925 4440 3970 con-

421 4017 819 4086 sentientem
861 4014 1109 4080 habent
1149 4015 1221 4080 in
1265 4013 1532 4081 Christo
1576 4012 1960 4094 doctrinan,
2007 4034 2078 4079 se
2123 4018 2354 4079 mutuo
2399 4019 2776 4097 agnoscant.
2866 4011 3342 4097 Praeterquam
3386 4016 3562 4080 enim
3603 4014 3777 4097 quod
3820 4013 3905 4079 ad
3948 4020 4245 4080 mutuam
4286 4035 4442 4082 con·

417 4130 863 4198 firmationem
905 4149 1038 4194 non
1078 4149 1316 4212 parum
1356 4126 1537 4193 istud
1572 4126 1778 4192 valet:
1824 4124 1980 4210 quid
2022 4126 2235 4209 magis
2278 4123 2742 4207 expetendum,
2788 4145 2986 4209 quam
3027 4130 3104 4190 ut
3142 4125 3269 4192 sibi
3309 4126 3485 4191 ultro
3521 4125 3814 4209 citroque
3850 4125 4277 4209 gratulantes,
4315 4127 4442 4211 piis

421 4245 596 4312 votis
641 4243 810 4308 aliae
853 4240 1013 4305 alias
1055 4238 1345 4303 Domino
1398 4237 1860 4304 commendent
1873 4237 1904 4299 ⁴?
1964 4236 2264 4303 solebant
2318 4235 2479 4301 olim
2533 4237 2606 4302 in
2657 4237 2835 4304 hunc
2888 4238 3092 4303 finem
3147 4238 3449 4320 episcopi,
3493 4257 3701 4320 quum
3743 4236 3956 4303 adhuc
4009 4244 4215 4304 staret
4266 4240 4444 4305 inter

424 4376 651 4423 omnes
674 4355 1055 4438 vigeretque
1087 4350 1241 4416 fidei
1277 4370 1654 4431 consensus,
1693 4347 2042 4435 synodales
2077 4347 2385 4433 epistolas
2419 4354 2608 4415 trans
2641 4370 2825 4414 mare
2860 4350 3147 4414 mittere:
3196 4347 3454 4432 quibus,
3502 4357 3812 4432 tanquam
3857 4350 4141 4430 tesseris,
4184 4370 4438 4417 sacram

426 4471 601 4535 inter
649 4464 955 4532 ecclesias
1000 4461 1530 4529 communionem
1573 4462 1924 4529 sancirent.
2016 4459 2286 4542 Quanto
2330 4480 2511 4526 nunc
2524 4511 2541 4539 ,
2597 4460 2670 4525 in
2711 4461 2836 4526 hac
2886 4468 3027 4526 tam
3079 4459 3413 4526 horrenda
3467 4459 3814 4526 christiani
3855 4460 4043 4527 orbis
4101 4462 4436 4542 vastitate,

426 4579 640 4665 magis
683 4596 949 4643 necesse
994 4581 1111 4652 est,
1159 4592 1403 4656 paucas
1447 4573 1783 4653 ecclesias,
1841 4592 2010 4656 quae
2052 4573 2275 4637 Deum
2317 4571 2447 4637 rite
2487 4572 2827 4652 invocant,
2883 4579 2951 4637 et
2991 4591 3101 4637 eas
3146 4571 3411 4656 quidem
3455 4570 3812 4655 dispersas,
3869 4580 3936 4637 et
3977 4563 4265 4670 undique
4308 4573 4437 4639 cir-

423 4695 799 4773 cumseptas
841 4686 1133 4771 profanis
1177 4684 1570 4751 Antichristi
1615 4684 1966 4769 synagogis
1982 4735 1998 4764 ,
2060 4683 2184 4749 hoc
2237 4688 2504 4749 sanctae
2546 4683 3019 4749 coniunctionis
3063 4682 3437 4768 symbolum
3478 4682 3635 4750 dare
3679 4682 3971 4749 vicissim
4012 4688 4080 4747 et
4122 4682 4434 4766 accipere,

424 4801 599 4868 unde
651 4800 735 4866 ad
786 4797 1010 4878 illum,
1069 4817 1265 4881 quem
1312 4795 1481 4875 dixi,
1538 4795 1953 4879 complexum
1997 4793 2402 4860 incitentur?
2497 4792 2697 4876 Quod
2741 4794 2799 4860 si
2842 4795 2966 4859 hoc
3023 4794 3186 4860 adeo
3230 4801 3329 4861 est
3388 4793 3580 4860 hodie
3626 4794 4101 4874 necessarium,
4158 4794 4316 4877 quid
4360 4794 4443 4862 de

422 4913 805 4998 posteritate
850 4907 1254 4975 sentiemus?
1345 4906 1452 4972 De
1496 4929 1626 4991 qua
1664 4928 1783 4992 ego
1828 4906 1923 4972 sic
1966 4927 2117 4972 sum
2162 4905 2433 4986 anxius,
2490 4913 2571 4970 ut
2612 4913 2837 4971 tamen
2881 4906 2995 4970 vix
3039 4906 3325 4990 cogitare
3370 4906 3665 4972 audeam.
3754 4905 3902 4970 Nisi
3945 4906 4122 4971 enim
4165 4907 4437 4973 mirabi-

423 5026 577 5091 liter
619 5023 805 5089 Deus
854 5042 890 5086 e
944 5021 1121 5089 coelo
1176 5020 1613 5104 succurrerit,
1655 5017 1880 5085 videre
1933 5017 2102 5083 mihi
2141 5017 2369 5085 videor
2425 5023 2793 5083 extremam
2849 5017 3217 5083 barbariem
3271 5017 3649 5101 impendere
3699 5022 3812 5094 [fol.
3852 5020 3918 5096 4]
3965 5016 4121 5082 orbi.
4213 5019 4432 5100 Atque

430 5197 999 5208 -—-———-——-—-——-——-———
1036 5197 1245 5202 ’ἡκ-«-

738 5314 797 5379 1)
835 5313 990 5367 Haec
1029 5311 1309 5380 praefatio
1352 5309 1618 5364 omittitur
1655 5309 1715 5362 in
1749 5307 1871 5362 edd.
1915 5309 2262 5362 manualibus
2301 5305 2433 5361 1561
2471 5323 2610 5378 seqq.
2889 5306 2950 5373 2)
2988 5323 3107 5376 eas,
3156 5322 3256 5361 om.
3273 5308 3492 5375 primus
3533 5305 3818 5362 Gallasius
3853 5303 4015 5375 1552,
4059 5310 4248 5374 postea
4283 5305 4438 5361 Beza

428 5401 528 5458 157
530 5401 565 5455 6
597 5416 738 5471 seqq.
3957 5476 4019 5529 1*
