4999 6179
403 412 525 472 529

397 599 631 685 longas
663 599 965 667 inducias
995 597 1335 666 habituros
1366 622 1438 667 se
1471 601 1874 683 existimant,
1903 602 1962 668 si
1984 602 2069 669 ad
2090 604 2359 670 univer-

399 686 534 752 sale
578 685 930 754 concilium
961 685 1231 752 reiicere
1268 707 1390 753 nos
1423 689 1695 772 possint.
1767 688 2081 775 Agedum
2103 695 2358 754 tamen:

397 771 725 858 fingamus
788 773 923 838 iam
978 770 1147 837 nihil
1216 771 1504 852 obstare,
1578 775 1929 858 quominus
1984 774 2358 841 universale

403 857 754 925 concilium
808 878 967 923 mox
1021 867 1325 943 cogatur:
1382 861 1712 944 fingamus
1768 862 1970 927 etiam
2025 861 2197 927 serio
2251 861 2357 925 in-

399 944 650 1013 dictum
702 966 876 1025 esse,
931 944 1161 1011 adesse
1219 945 1425 1026 diem,
1484 948 1707 1012 omnia
1764 968 1907 1013 esse
1958 954 2353 1031 comparata.

396 1031 547 1098 Illic
590 1032 903 1097 nimirum
946 1031 1345 1115 praesidebit
1386 1053 1699 1099 romanus
1752 1033 2077 1116 pontifex:
2140 1040 2256 1098 aut
2298 1032 2358 1098 si

397 1119 627 1187 venire
670 1117 1072 1202 gravabitur,
1114 1140 1328 1184 unum
1370 1118 1747 1202 quempiam
1789 1140 1874 1185 ex
1916 1117 2358 1185 cardinalibus

397 1206 460 1273 le
544 1203 666 1284 bit,
730 1205 842 1287 qui
885 1225 1005 1270 suo
1045 1204 1190 1271 loco
1231 1205 1508 1289 praesit:
1565 1226 1846 1288 eumque
1888 1203 2120 1288 procul
2161 1203 2356 1270 dubio

398 1227 657 1375 deffiget,
704 1312 900 1374 quem
934 1290 1328 1357 fidissimum
1362 1290 1489 1357 sibi
1528 1291 1666 1357 fore
1701 1289 2144 1357 arbitrabitur.
2225 1292 2355 1356 As-

395 1378 703 1446 sidebunt
744 1376 1112 1444 cardinales
1146 1377 1401 1460 reliqui,
1446 1377 1734 1462 episcopi
1775 1377 2012 1443 deinde
2047 1385 2115 1441 et
2158 1375 2355 1444 abba-

396 1473 523 1531 tes:
579 1463 892 1529 subsellia
929 1463 1340 1547 occupabunt
1380 1463 1763 1530 consiliarii:
1824 1484 1987 1547 quos
2030 1472 2107 1529 ut
2148 1462 2356 1547 pluri-

396 1572 582 1617 mum
624 1547 912 1635 deligere
954 1570 1090 1614 non
1134 1548 1367 1629 solent,
1415 1550 1544 1615 nisi
1588 1549 1673 1615 ad
1715 1571 1905 1616 suam
1948 1551 2361 1616 voluntatem

400 1641 549 1717 [pag.
593 1640 742 1718 133]
795 1637 959 1702 bene
1003 1636 1332 1703 formatos.
1420 1636 1605 1702 Fieri
1649 1635 1915 1720 quidem
1959 1636 2225 1721 poterit,
2284 1643 2360 1700 ιιι

398 1722 587 1808 pauci
657 1719 924 1806 quidam
992 1721 1150 1787 boni
1215 1723 1393 1788 inter
1461 1742 1572 1788 eos
1638 1721 1941 1789 sedeant:
2010 1744 2242 1788 verum
2292 1731 2362 1788 et

397 1817 666 1893 propter
708 1830 896 1874 suam
937 1809 1336 1892 paucitatem
1395 1809 1730 1893 despectui
1774 1815 1999 1888 erunt,
2060 1816 2128 1873 et
2177 1814 2360 1873 metu

400 1895 752 1973 debilitati,
812 1894 915 1960 vel
973 1894 1356 1978 proficiendi
1400 1894 1859 1980 desperatione
1902 1896 2125 1974 fracti,
2183 1901 2360 1960 tace-

399 1982 581 2048 bunt.
673 1979 869 2062 Quod
935 1982 992 2047 si
1049 1983 1198 2065 quis
1252 1982 1419 2047 forte
1484 1979 1765 2047 verbum
1826 1983 2039 2048 facere
2105 1980 2359 2060 audeat,

399 2069 683 2152 strepitu
727 2075 797 2132 et
834 2067 1246 2146 clamoribus,
1294 2067 1467 2135 dicto
1501 2067 1718 2147 citius,
1764 2069 2096 2133 obruetur.
2182 2066 2360 2133 Mul-

399 2154 614 2220 titudo
656 2163 880 2219 autem
921 2156 1014 2220 sic
1055 2155 1181 2220 erit
1222 2164 1616 2238 comparata,
1663 2162 1739 2218 ut
1782 2152 2044 2237 quidvis
2087 2173 2365 2236 passura

400 2242 488 2308 sit
530 2242 769 2325 potius,
813 2261 1010 2323 quam
1057 2240 1398 2307 ecclesiam
1432 2239 1696 2307 restitui
1737 2241 1809 2304 in
1850 2246 2101 2305 statum
2135 2238 2363 2303 melio-

399 2349 558 2393 rem.
652 2327 755 2393 De
796 2326 1096 2393 doctrina
1139 2335 1338 2393 taceo.
1428 2326 1706 2393 Utinam
1749 2324 1943 2391 modo
1998 2324 2245 2410 integri
2288 2344 2363 2390 ac

401 2414 644 2481 dociles
696 2413 780 2479 ad
836 2435 1103 2480 causam
1164 2414 1481 2480 venirent.
1571 2413 1663 2478 At
1721 2418 1897 2478 certo
1932 2412 2176 2478 certius
2242 2419 2361 2486 est,

400 2521 605 2565 unam
657 2501 831 2567 hanc
889 2500 1027 2565 fore
1072 2500 1363 2565 omnium
1423 2497 1987 2565 deliberationem:
2044 2494 2363 2581 quidquid

403 2586 691 2665 dicatur,
743 2606 1168 2669 quaecunque
1224 2586 1587 2651 afferantur
1641 2585 1956 2663 rationes,
2022 2594 2161 2649 non
2217 2603 2363 2649 esse

403 2670 928 2739 auscultandum.
1018 2670 1163 2736 Imo
1217 2693 1354 2737 non
1394 2671 1760 2756 pertinacia
1814 2670 2005 2736 modo
2047 2678 2116 2736 et
2158 2669 2361 2735 obsti-

404 2760 673 2824 natione
728 2779 920 2823 aures
975 2756 1098 2823 sibi
1154 2757 1527 2838 obstruent,
1580 2779 1666 2823 ne
1722 2756 2031 2823 obediant
2080 2754 2361 2833 veritati,

404 2843 522 2912 sed
554 2843 798 2910 ferocia
829 2844 1033 2909 etiam
1067 2843 1152 2909 ad
1175 2844 1614 2910 resistendum
1649 2866 1720 2910 se
1743 2841 2111 2908 armabunt.
2186 2841 2364 2924 Quid

404 2929 622 2997 enim?
696 2952 783 2996 an
835 2929 954 3013 qui
1005 2930 1258 2996 nullam
1312 2950 1509 2997 sanae
1573 2929 1906 2997 doctrinae
1961 2930 2364 2995 mentionem

325 3025 336 3034 “
402 3018 672 3084 auribus
731 3015 1118 3097 admittunt,
1176 3037 1286 3082 eos
1339 3016 1650 3082 credibile
1709 3022 1841 3096 est,
1900 3014 2094 3080 simul
2157 3035 2233 3079 ac
2292 3014 2363 3078 in

403 3127 548 3171 rem
599 3111 1018 3188 praesentem
1081 3110 1360 3170 ventum
1425 3103 1654 3183 fuerit,
1720 3110 1953 3188 sponte
2021 3100 2361 3167 cessuros?

403 3215 494 3257 an
537 3190 649 3275 qui
691 3190 915 3256 omnia
956 3190 1349 3270 moliuntur,
1396 3212 1482 3254 ne
1517 3189 1879 3274 collapsum
1914 3187 2164 3254 Christi
2214 3197 2362 3271 re'g-

403 3299 569 3343 num
623 3277 867 3342 iterum
930 3277 1002 3342 in
1064 3275 1311 3342 mundo
1377 3285 1710 3360 resurgat,
1777 3295 1889 3339 eos
1956 3273 2363 3358 sperabimus

405 3362 740 3430 excitandi
791 3362 970 3428 illius
1029 3372 1096 3428 et
1142 3360 1572 3446 promovendi
1631 3360 1961 3427 adiutores
2029 3358 2209 3425 fore?
2279 3379 2364 3423 an

404 3450 519 3535 qui
561 3472 739 3515 nunc
782 3450 955 3514 ferro
987 3458 1055 3514 et
1084 3448 1227 3534 igni
1262 3449 1608 3515 insaniunt
1638 3447 1961 3514 adversus
1995 3448 2362 3525 veritatem,

402 3537 694 3620 aliosque
738 3534 822 3600 ad
867 3536 1229 3615 saevitiam,
1276 3534 1490 3619 quoad
1534 3545 1830 3618 possunt,
1867 3543 2111 3599 acuunt
2153 3540 2220 3597 et
2260 3531 2364 3596 in-

403 3624 778 3700 flammant,
831 3619 1160 3687 humanos
1216 3644 1288 3688 se
1348 3630 1414 3687 et
1456 3620 1827 3686 moderatos
1873 3628 2033 3686 tunc
2076 3624 2365 3703 praesta-

404 3708 616 3777 bunt?
705 3708 992 3787 Verum,
1046 3718 1121 3774 ut
1165 3707 1335 3773 nihil
1392 3705 1573 3772 aliud
1640 3707 1753 3787 sit,
1822 3714 1977 3772 tuae
2028 3704 2153 3772 hoc
2207 3726 2366 3788 pru-

403 3796 684 3876 dentiae,
721 3793 1153 3861 invictissime
1189 3794 1455 3873 Caesar,
1495 3801 1898 3877 vestraeque,
1936 3790 2366 3857 illustrissimi

399 3882 767 3965 Principes,
802 3880 1104 3965 relinquo
1147 3879 1657 3958 aestimandum,
1711 3900 1877 3944 num
1920 3878 2215 3962 pontifici
2259 3896 2366 3940 ro-

403 3990 603 4035 mano
647 3968 1129 4052 universaeque
1185 3968 1327 4034 eius
1367 3966 1641 4032 factioni
1683 3965 1998 4050 privatim
2043 3962 2366 4047 expediat,

404 4054 666 4122 restitui
709 4054 781 4119 in
825 4075 1060 4121 verum
1103 4055 1402 4121 ordinem
1446 4052 1822 4130 ecclesiam,
1882 4061 1950 4116 et
1993 4049 2076 4115 ad
2121 4055 2368 4115 rectam

406 4140 738 4226 evangelii
767 4161 1068 4206 normam
1100 4141 1671 4224 corruptissimum
1705 4138 1845 4203 eius
1875 4144 2122 4202 statum
2144 4156 2366 4200 emen-

410 4228 572 4295 dari.
663 4232 811 4307 [pag.
856 4231 1003 4307 134]
1047 4226 1270 4309 Quam
1324 4234 1548 4292 autem
1600 4224 1787 4290 facile
1845 4245 1966 4289 sua
2030 4218 2370 4288 commoda

408 4313 708 4381 oblivisci
750 4312 1033 4394 soleant,
1090 4322 1165 4378 ut
1206 4313 1390 4378 nulla
1430 4333 1660 4378 eorum
1715 4309 1943 4375 habita
1986 4307 2243 4373 ratione
2286 4304 2371 4370 ad

408 4398 896 4484 suscipiendam
948 4401 1316 4465 communis
1372 4399 1604 4465 salutis
1646 4418 1873 4464 curam
1921 4395 2260 4462 voluntate
2307 4402 2373 4457 et

408 4486 627 4553 studio
671 4486 969 4553 ferantur
1024 4506 1280 4565 omnes,
1337 4484 1536 4551 certis
1592 4482 2063 4566 experimentis
2116 4479 2372 4545 habetis

405 4580 840 4660 compertum.
2273 4649 2285 4662 ·

585 4658 746 4737 His,
807 4656 1087 4738 Caesar,
1143 4656 1483 4722 ecclesiam
1526 4656 1906 4740 permittes,
1961 4664 2038 4719 ut
2096 4652 2176 4717 de
2230 4671 2374 4717 eius

414 4744 849 4831 reparatione,
895 4764 1015 4810 suo
1045 4743 1336 4822 arbitrio,
1384 4742 1490 4808 vel
1517 4761 1638 4806 sua
1679 4740 1899 4825 potius
1942 4738 2216 4836 libidine
2240 4744 2377 4803 sta-

413 4831 654 4899 tuant?
745 4829 853 4895 Ab
928 4850 1156 4895 eorum
1220 4838 1389 4894 nutu
1464 4849 1827 4912 suspensus
1892 4822 2222 4903 haerebis,
2301 4828 2377 4887 ut

413 4938 759 5003 nunquam
773 4966 789 4994 ,
836 4915 1043 4983 donec
1085 4914 1216 4999 ipsi
1257 4914 1738 4993 consenserint,
1786 4910 2099 4979 ecclesiae
2141 4931 2375 4976 consu-

415 5003 689 5071 lendum
735 5000 1096 5069 decernas?
1153 4999 1233 5068 Si
1274 5001 1540 5066 illorum
1575 5000 1703 5065 erit
1733 4997 2040 5084 cognitio,
2084 4994 2260 5063 facili
2303 5016 2375 5063 se

417 5112 566 5159 com
647 5088 806 5155 ndio
840 5111 924 5156 ex
1056 5089 1209 5154 'ent
1297 5086 1847 5154 Pronunciabunt
1885 5085 2066 5150 enim
2099 5083 2193 5148 sic
2223 5104 2376 5150 -ma-

420 5199 555 5244 nen
598 5197 732 5242 um.
821 5174 873 5242 S
1011 5176 1341 5260 fingamus
1354 5226 1370 5254 ,
1426 5172 1536 5240 vel
1591 5171 1839 5256 pudore
1891 5168 2000 5239 vel
2049 5175 2171 5234 tua
2215 5168 2377 5236 alio-

419 5283 701 5346 rumque
739 5261 1114 5345 principum
1145 5260 1494 5327 autoritate
1525 5259 1776 5326 victum
1816 5257 1921 5337 iri,
1965 5262 2043 5320 ut
2069 5254 2380 5322 nonnihil

421 5347 781 5415 adhibeant
819 5346 1289 5414 moderationis
1331 5347 1404 5411 in
1443 5345 1750 5431 speciem,
1789 5352 1859 5410 et
1898 5341 1979 5409 de
2023 5363 2141 5409 sno
2176 5343 2381 5410 etiam

639 5448 864 5508 odoini
887 5466 1076 5521 opera.
1153 5451 1268 5506 Vol.
1307 5449 1405 5507 VI.

1748 410 2474 482 REFORMANDAE
2519 414 3065 485 EGOLESIAE.
3192 420 3199 426 ’

4309 435 4436 499 530

2460 604 2739 687 imperio
2761 606 3244 690 aliquantulum
3277 610 3639 693 remittant,
3685 635 3846 680 eone
3878 625 4111 700 sponte
4134 641 4429 705 unquam

2463 688 2891 790 descendent,
2950 702 3028 759 ut
3084 717 3155 762 se
3210 697 3280 764 in
3336 697 3633 764 ordinem
3690 702 3929 767 coactis
3974 703 4230 771 Christi
4274 730 4425 792 reg-

2460 798 2623 842 num
2669 779 3010 862 erigatur?
3102 780 3438 863 Quorsum
3492 784 3697 869 igitur
3751 785 3884 851 illis
3926 790 4276 859 mandetur
4319 817 4425 860 re-

2459 862 2841 931 formandae
2884 866 3193 934 ecclesiae
3237 890 3431 950 cura,
3483 871 3613 936 nisi
3668 879 3743 936 ut
3784 894 3954 940 oves
4007 875 4182 959 lupis
4223 900 4422 963 expo-

2462 949 2753 1014 nantur?
2844 949 2922 1018 Si
2962 952 3359 1020 alterutrum
3414 955 3706 1022 accidere
3752 979 4017 1026 necesse
4061 963 4174 1041 sit,
4231 987 4423 1048 prae-

2463 1042 2685 1134 staret·
2725 1043 2950 1103 tamen
3002 1040 3342 1106 ecclesiam
3399 1062 3515 1124 pro
3581 1042 3895 1111 derelicta
3950 1045 4421 1134 desperataque

2460 1117 2719 1201 haberi,
2776 1144 2978 1205 quam
3037 1127 3110 1190 in
3154 1126 3318 1192 tales
3360 1127 3650 1195 medicos
3693 1130 3999 1197 incidere.
4089 1133 4423 1202 Decuerat

2461 1205 2727 1289 quidem
2784 1230 2922 1289 eOS,
2991 1213 3103 1294 qui
3155 1219 3497 1296 pastorum
3551 1237 3793 1281 nomen
3848 1216 4195 1302 locumque
4218 1220 4420 1287 -obti-

2459 1301 2652 1373 nent,
2711 1295 2959 1378 primos
3002 1299 3296 1364 omnium
3351 1298 3659 1367 advolare
3703 1300 3787 1366 ad
3832 1324 4021 1386 opem
4064 1305 4162 1370 illi
4206 1307 4423 1376 feren-

2460 1376 2631 1476 dam.
2703 1378 3052 1461 Decuerat,
3096 1384 3328 1466 fateor,
3371 1384 3569 1452 duces
3612 1407 3722 1454 eos
3765 1409 3837 1453 se
3873 1391 4189 1472 profiteri:
4238 1395 4420 1476 prin-

2459 1486 2641 1548 cipes
2683 1487 2842 1534 vero
2886 1490 2955 1534 se
3012 1468 3142 1536 illis
3186 1471 3456 1537 comites
3499 1472 3858 1559 adiungere
3910 1475 3982 1540 in
4033 1498 4228 1560 opere
4282 1487 4419 1545 tam

2461 1560 2717 1631 sanct0,
2777 1559 2845 1619 et
2911 1553 3256 1622 adiutores.
3347 1555 3484 1623 Sed
3549 1560 3738 1641 quid,
3805 1560 3865 1624 si
3929 1583 4065 1627 non
4118 1564 4414 1631 faciunt?

2463 1635 2661 1718 Quid,
2714 1639 2772 1703 si
2812 1641 2960 1705 fieri
3013 1640 3095 1706 ab
3156 1641 3302 1707 aliis
3347 1643 3626 1708 nolunt?
3718 1644 3917 1727 Quid,
3977 1649 4035 1713 si
4082 1648 4167 1715 ad
4218 1651 4429 1734 impe-

2463 1722 2781 1789 diendum
2850 1725 3115 1791 nullum
3184 1748 3321 1793 non
3387 1740 3658 1795 movent
3721 1729 4053 1816 lapidem?
4152 1737 4263 1801 An
4327 1759 4431 1802 re-

2462 1809 2784 1893 spiciendi
2806 1822 2950 1876 tum
2975 1834 3234 1897 quoque
3271 1816 3459 1880 nobis
3498 1825 3670 1894 sunt,
3718 1839 3800 1882 ne
3845 1819 3991 1900 quis
4029 1841 4098 1885 sc
4144 1832 4427 1900 moveat,

2466 1893 2672 1962 donec
2722 1897 2852 1981 ipsi
2908 1897 3191 1982 digitum
3245 1900 3679 1967 sustulerint?
3761 1902 4061 1971 adhucne
4106 1907 4433 1973 audienda

2466 1981 2584 2046 illa
2626 1982 2915 2050 solennis
2959 2005 3190 2052 eorum
3240 1986 3599 2052 cantilena:
3657 1988 3825 2053 nihil
3871 1993 4019 2068 [pag.
4072 1999 4220 2072 135]
4280 2001 4426 2060 ten-

2465 2067 2743 2133 tandum
2785 2068 2989 2134 donec
3029 2071 3325 2154 pontifex
3361 2073 3825 2156 approbaverit
3845 2074 3876 2137 ?
3967 2075 4081 2144 Sic
4115 2100 4271 2163 ergo
4313 2079 4432 2145 ha-

2465 2154 2617 2219 beat
2659 2163 2773 2219 tua
2814 2155 3160 2222 Maiestas:
3210 2156 3497 2242 adeoque
3541 2179 3662 2225 vos
3720 2160 3919 2225 simul
3965 2182 4192 2231 omnes
4236 2187 4432 2249 repu—

2471 2247 2604 2305 tate
2647 2262 2797 2306 cum
2841 2242 3079 2308 animis
3124 2244 3381 2323 vestris,
3426 2243 3855 2311 illustrissimi
3895 2246 4274 2332 Principes,
4332 2251 4429 2317 vi-

2464 2327 2653 2409 rique
2696 2327 3117 2407 ornatissimi,
3165 2329 3509 2395 ecclesiam
3569 2353 3609 2395 a
3663 2332 3802 2398 suis
3862 2334 4237 2415 pastoribus
4292 2356 4426 2400 non

2467 2411 2660 2477 modo
2694 2412 3021 2496 proditam
3039 2466 3054 2494 ,
3097 2413 3452 2493 desertam,
3492 2415 3876 2482 destitutam
3894 2470 3912 2499 ,
3950 2419 4067 2484 sed
4101 2429 4427 2500 vexatam,

2466 2497 2780 2563 afflictam
2815 2506 3114 2566 extrema
3165 2501 3536 2567 calamitate
3552 2553 3567 2580 ‚
3627 2501 3909 2586 denique
3967 2506 4168 2571 exitio
4229 2506 4429 2572 desti-

2467 2591 2725 2662 natam,
2782 2584 2866 2650 ad
2925 2584 3123 2652 fidem
3180 2593 3469 2653 vestram
3526 2589 3895 2674 confugere.
3989 2589 4172 2672 Quin
4215 2593 4429 2675 potius

2468 2669 2562 2737 sic
2620 2671 3017 2738 existimate:
3088 2673 3311 2738 offerri
3367 2674 3476 2739 hic
3536 2675 3720 2741 vobis
3777 2697 3816 2740 a
3871 2674 4017 2742 Deo
4066 2678 4430 2758 materiam,

2465 2757 2540 2821 in
2584 2778 2714 2840 qua
2754 2759 3086 2840 specimen
3129 2758 3339 2825 edatis
3380 2759 3642 2844 insigne
3686 2781 3762 2826 ac
3808 2770 4127 2828 testatum
4167 2772 4429 2830 vestrae

2469 2864 2630 2928 erga
2655 2865 2726 2910 se
2751 2844 3225 2910 observantiae.
3299 2844 3486 2911 Nihil
3519 2855 3637 2924 est,
3683 2847 3856 2929 quod
3901 2849 4091 2915 nobis
4130 2849 4432 2915 omnibus

2469 2929 2702 2995 maiori
2759 2952 2954 2996 curae
2999 2951 3172 3008 esse,
3231 2939 3300 2997 et
3341 2931 3414 2996 in
3464 2954 3595 3016 quo
3650 2933 3988 3000 elaborare
4044 2955 4167 3002 nos
4210 2935 4432 3000 inten-

2469 3016 2634 3081 tiore
2690 3016 2910 3081 studio
2969 3017 3128 3082 velit
3180 3016 3395 3098 Deus,
3464 3039 3663 3101 quam
3718 3026 3797 3083 ut
3853 3019 4110 3086 illibata
4165 3029 4435 3087 maneat

2467 3102 2760 3167 nominis
2797 3103 2899 3168 sui
2921 3104 3148 3186 gloria,
3194 3112 3269 3168 ut
3306 3125 3586 3188 regnum
3609 3126 3805 3170 suum
3848 3108 4099 3185 floreat,
4148 3117 4224 3171 ut
4264 3129 4434 3191 pura

2467 3188 2696 3272 vigeat
2737 3188 2853 3254 illa
2894 3186 3213 3267 doctrina,
3256 3211 3422 3273 quae
3466 3189 3606 3254 sola
3659 3191 3745 3256 ad
3786 3192 4005 3275 ipsum
4046 3193 4173 3257 rite
4216 3192 4432 3257 colen-

2469 3272 2629 3339 dum
2671 3273 3048 3358 praelucere
3106 3275 3293 3341 nobis
3344 3274 3553 3342 debet.
3645 3275 3913 3358 Quanto
3965 3278 4174 3362 igitur
4221 3279 4433 3362 magis

2468 3361 2633 3426 haec
2675 3359 3008 3445 principes
3051 3381 3299 3441 curare,
3346 3361 3509 3427 haec
3544 3360 3878 3443 meditari,
3925 3363 4088 3431 haec
4133 3385 4328 3449 agere
4369 3372 4437 3428 et

2468 3446 2774 3530 persequi
2817 3445 3043 3513 decet?
3104 3468 3265 3530 quos
3310 3447 3458 3513 ideo
3502 3449 3792 3515 nominis
3838 3449 3941 3514 sui
3990 3451 4435 3516 communica-

2469 3532 2650 3597 tione
2697 3532 3007 3617 dignatus
3051 3540 3179 3614 est,
3225 3541 3301 3599 ut
3343 3533 3590 3618 gloriae
3636 3555 3796 3601 suae
3841 3535 4147 3602 custodes
4190 3537 4325 3601 sint
4366 3537 4438 3601 in

2469 3619 2666 3683 terris
2710 3639 2786 3684 ac
2828 3618 3138 3686 vindices.

2644 3703 2894 3785 Nolite,
2941 3705 3236 3786 obsecro,
3292 3706 3587 3790 profanis
3631 3707 4010 3772 hominibus
4050 3728 4276 3772 aurem
4322 3726 4430 3769 ao-

2471 3791 2908 3873 commodare,
2954 3793 3065 3875 qui
3110 3792 3218 3859 vel
3259 3792 3475 3859 fallaci
3519 3793 3777 3859 concilii
3824 3792 4262 3858 ostentatione
4307 3812 4429 3857 vos

2470 3878 2739 3956 lactant,
2780 3898 2863 3942 ne
2898 3876 3057 3961 quid
3100 3878 3447 3944 levationis
3482 3901 3566 3944 ex
3610 3878 3794 3944 vobis
3838 3879 4080 3943 sentiat
4124 3878 4428 3944 ecclesia:

2471 3964 2583 4030 vel
2626 3964 2798 4029 hanc
2839 3983 3122 4044 causam,
3169 3985 3373 4048 quum
3416 3964 3504 4030 sit
3545 3964 3840 4028 omnium
3882 3964 4200 4043 maxima,
4247 3972 4432 4029 exte-

2472 4060 2715 4128 nuant,
2773 4069 2902 4133 quo
2947 4048 3093 4115 sitis
3142 4049 3226 4114 ad
3280 4071 3427 4115 eam
3470 4048 3952 4133 suscipiendam
3995 4049 4432 4115 remissiores:

2475 4136 2582 4203 vel
2637 4135 2723 4203 ad
2774 4134 3095 4201 violentas
3150 4136 3292 4200 eius
3348 4133 3816 4219 transigendae
3866 4136 4155 4201 rationes
4197 4135 4434 4220 impel-

2475 4220 2640 4287 lunt.
2720 4221 3063 4289 Hactenus
3103 4242 3369 4305 operam
3407 4220 3855 4304 perdiderunt,
3900 4221 4012 4304 qui
4054 4232 4121 4285 te
4165 4220 4249 4286 ad
4291 4241 4434 4287 sae-

2475 4308 2708 4375 vitiam
2750 4307 3178 4386 inflammare,
3220 4307 3654 4373 invictissime
3697 4307 3961 4388 Caesar,
4004 4314 4072 4372 et
4105 4306 4227 4372 tibi
4269 4328 4433 4391 quo-

2477 4392 2828 4460 dammodo
2883 4415 3069 4459 arma
3132 4392 3406 4458 induere
3470 4393 3687 4459 conati
3752 4400 3923 4458 sunt.
4013 4392 4435 4459 Praeclaram

2477 4488 2658 4547 certe
2721 4486 2790 4544 et
2853 4478 3377 4546 mansuetudinis
3445 4486 3510 4544 et
3574 4478 3966 4563 prudentiae
4030 4478 4293 4544 laudem
4351 4476 4436 4543 ad

2474 4574 2772 4650 posteros
2815 4572 3255 4651 consequutus
3299 4588 3370 4632 es
3386 4617 3403 4645 ,
3460 4565 3631 4649 quod
3673 4565 4075 4631 turbulentis
4125 4562 4435 4644 consiliis,

2477 4652 2715 4736 quibus
2746 4673 2938 4737 saepe
2978 4658 3132 4734 [pag.
3176 4657 3325 4733 136]
3361 4651 3771 4735 multumque
3804 4658 4091 4716 tentatus
4126 4671 4216 4730 es,
4261 4671 4438 4715 nun-

2479 4760 2680 4822 quam
2734 4746 2803 4803 te
2859 4759 2899 4804 a
2948 4747 3273 4824 perpetua
3328 4737 3776 4804 moderatione
3827 4756 4062 4820 passus
4109 4757 4179 4801 es
4226 4734 4436 4801 dimo-

2477 4824 2637 4891 veri.
2709 4824 2815 4890 Ea
2850 4824 2997 4890 laus
3041 4846 3126 4891 ne
3169 4825 3427 4909 quando
3470 4824 3587 4890 tibi
3632 4828 4103 4906 extorqueatur
4144 4820 4433 4888 hostium

2479 4917 2859 4975 nostrorum
2909 4910 3436 4996 importunitate,
3497 4910 3695 4975 etiam
3755 4917 3950 4992 atque
4008 4908 4211 4973 etiam
4266 4907 4436 4974 vide.

2480 4994 2560 5062 Si
2614 5002 2993 5063 terreantur
3044 4997 3358 5064 haeretici
3373 5047 3389 5077 ,
3442 5017 3576 5061 non
3626 4996 3983 5063 doceantur
3997 5046 4014 5073 ,
4070 4994 4437 5078 improbam

2478 5104 2622 5150 esse
2674 5082 3182 5151 dominationem
3234 5082 3650 5169 Augustinus
3675 5084 3725 5167 ¹)
3778 5080 4092 5166 agnoscit.
4182 5077 4258 5146 Si
4314 5079 4442 5144 hac
4550 5148 4555 5153 ,

2623 5356 2682 5424 1)
2719 5357 2822 5427 Ep.
2855 5356 2927 5412 48
2960 5358 3031 5414 ad
3066 5358 3421 5414 vincentium.
