4999 6179
641 458 719 522 15
1954 453 2079 521 LE
2123 451 2723 521 cAmnomsm
2757 452 2887 521 nn
2924 454 3327 523 anunm.
3901 496 3907 503 -
4500 414 4513 432 ⁸
4573 460 4654 525 1ss

1431 681 1497 715 m
1533 679 1792 715 mm
3534 682 3793 717 mmm

806 731 1164 815 Pom-quoy
1205 730 1270 794 le
1314 749 1609 795 nommes
1651 736 1729 795 tu
1766 728 1981 795 Pero?
2863 728 3003 796 Gur
3044 738 3304 814 patrem
3345 731 3693 797 nominas?

805 901 985 969 O’est
1025 921 1111 982 au
1136 850 1393 987 ⁸regal-d
1446 833 1842 968 ‹ssmffingUS
1886 899 2140 967 Christ:
2196 901 2309 984 qui
2364 906 2466 966 est
2518 900 2586 964 la
2862 900 3115 969 Christi
3151 903 3446 986 primum
3487 852 3752 987 quiffezi
3794 873 4080 969 intuitu?
4112 905 4224 988 qui
4267 912 4336 971 et
4378 905 4641 989 sapien-

631 988 898 1055 Parolle
941 987 1283 1068 eternelle,
1329 986 1699 1073 engendree
1743 986 1823 1052 de
1867 985 1986 1072 luy
2030 986 2276 1053 devant
2316 985 2415 1051 les
2456 986 2584 1051 sie-
2686 987 2783 1052 tia
2836 989 2976 1053 eius
3021 994 3149 1068 est,
3208 989 3290 1054 ab
3313 989 3487 1071 ²ipso
3531 990 3757 1074 genita
3798 997 3954 1055 ante
3992 1010 4185 1055 omne
4227 997 4489 1075 tempus
4503 1044 4519 1071 ,
4579 1000 4648 1059 et

631 1074 795 1142 cles:
851 1075 1001 1159 puis
1054 1080 1276 1140 estant
1330 1074 1673 1140 manifeste
1724 1095 1808 1138 au
1861 1072 2099 1138 monde
2112 1125 2129 1152 ‚
2186 1094 2226 1138 a
2278 1078 2415 1138 este
2467 1092 2584 1155 ap-
2686 1073 2926 1139 missus
2967 1074 3043 1140 in
3083 1074 3264 1140 hunc
3306 1073 3644 1154 mundum,
3691 1073 4057 1142 declaratus
4093 1077 4220 1142 fuit
4260 1078 4403 1144 eius
4446 1077 4643 1145 filius.

678 1168 880 1228 rouve
924 1167 994 1226 et
1034 1159 1316 1227 declaire
1359 1166 1531 1226 estre
1574 1181 1696 1225 son
1729 1158 1892 1224 Filz.
1981 1159 2156 1225 Mais
2191 1164 2425 1224 entant
2457 1179 2584 1241 que
2643 1204 2648 1209 -
2687 1158 2868 1226 Hinc
2910 1166 3138 1226 tamen
3179 1160 3561 1244 colligimus,
3606 1184 3810 1245 quum
3850 1162 4036 1229 Deus
4077 1162 4234 1229 Iesu
4266 1162 4522 1231 Christi
4559 1165 4648 1231 sit

701 1246 810 1312 ieu
880 1256 980 1312 est
1034 1246 1205 1311 Pers
1261 1245 1341 1311 de
1395 1243 1665 1313 IESUS
1724 1244 1954 1312 Christ
1967 1297 1984 1325 ,
2054 1244 2135 1312 de
2188 1244 2261 1311 la
2312 1244 2586 1311 s'ensuit
2689 1252 2895 1328 pater,
2941 1247 3128 1312 nobis
3171 1268 3427 1331 quoque
3469 1268 3611 1314 esse
3644 1253 3919 1331 patrem.

630 1332 788 1416 qu’il
832 1340 934 1399 est
975 1333 1156 1398 aussi
1196 1331 1260 1397 le
1300 1338 1539 1399 nostre.

1426 1454 1492 1488 m
1526 1451 1787 1488 mm
3530 1453 3791 1490 mmm.

801 1503 1151 1571 comment
1192 1509 1534 1570 entens-tu
1574 1501 1736 1586 q'u’il
1778 1510 1879 1568 est
1920 1502 2439 1586 tout-puissant?
2863 1501 3015 1584 Quo
3059 1522 3257 1569 sensu
3299 1523 3539 1571 nomen
3580 1504 3681 1568 ini
3725 1505 4189 1589 omnipotentis
4232 1506 4514 1574 tribuis?

764 1676 895 1744 'Oe
940 1662 1109 1743 n’est
1140 1698 1261 1762 pas
1297 1624 1739 1742 seuletmnghffi
1773 1673 1931 1753 dire,
1978 1674 2136 1758 qu’il
2183 1675 2277 1739 ait
2321 1674 2384 1740 le
2420 1695 2583 1758 pou-
2620 1712 2626 1718 -
2861 1674 3012 1741 Non
3057 1675 3181 1742 hoc
3224 1674 3420 1741 modo
3463 1625 3830 1759 potgffism
3871 1678 4091 1760 ipsum
4135 1678 4399 1759 habere,
4444 1700 4642 1763 quam

628 1763 790 1843 voir,
827 1784 914 1830 ne
946 1761 1350 1829 l'exerceant
1383 1761 1561 1845 plus:
1591 1762 1644 1845 ¹)
1679 1762 1845 1826 mais
1881 1760 2038 1844 qu’il
2073 1780 2115 1824 a
2148 1766 2363 1825 toutes
2400 1781 2583 1826 crea-
2685 1779 2826 1824 non*
2877 1766 3212 1828 exerceat:
3269 1760 3387 1827 sed
3439 1763 3662 1828 omnia
3713 1763 3933 1846 ipsum
3971 1763 4215 1831 habere
4257 1764 4382 1831 sub
4425 1771 4643 1849 potes-

625 1856 811 1915 tures
854 1870 939 1914 en
984 1871 1061 1915 sa
1100 1849 1285 1914 main
1327 1855 1394 1913 et
1434 1846 1825 1913 subiection:
1872 1846 2027 1930 qu'il
2064 1846 2321 1930 dispose
2364 1854 2582 1912 toutes
2683 1851 2820 1910 tate
2873 1852 2942 1912 et
2992 1848 3224 1913 manu:
3269 1847 3688 1931 providentia
3731 1869 3854 1915 sua
3888 1851 4255 1935 gubernare
4298 1850 4640 1931 mundum,

625 1936 856 2002 choses
898 1954 1023 2018 par
1064 1955 1139 2001 sa
1180 1933 1604 2019 providence:
1660 1953 1991 2017 gouverne
2046 1931 2111 1997 le
2163 1931 2404 1998 monde
2458 1954 2583 2017 par
2686 1932 2958 1998 arbitrio
2996 1954 3115 2000 suo
3158 1934 3381 1999 omnia
3401 1936 3834 2001 constituere:
3881 1936 4186 2003 omnibus
4220 1938 4557 2018 creaturis,
4578 1938 4637 2021 ⁸)

625 2042 701 2088 sa
741 2021 1043 2089 volunte:
1092 2027 1159 2172 εξ
1202 2018 1470 2086 conduit
1511 2023 1654 2084 tout
1686 2039 1759 2084 ce
1794 2019 1906 2102 qui
1950 2039 2022 2084 se
2062 2017 2185 2083 fait
2225 2019 2410 2084 selon
2452 2040 2580 2102 que
2682 2024 2881 2100 prout
2922 2018 3141 2086 visum
3183 2026 3303 2100 est,
3348 2021 3690 2104 imperare.

625 2107 758 2173 bon
799 2107 922 2191 luy
963 2126 1104 2173 sem
1147 2107 1229 2173 le.
1451 2124 1457 2133 ·
2028 2140 2032 2144 ·

796 2279 988 2344 Ainsi
1022 2278 1204 2344 selon
1238 2284 1352 2343 ton
1387 2227 1661 2357 dli-ettalus
1663 2226 2038 2361 1'ptuissance
2082 2274 2163 2341 de
2196 2275 2374 2341 Dieu
2408 2279 2580 2341 n’est
2857 2283 2971 2356 [fol.
3017 2280 3119 2357 10]
3165 2276 3398 2361 Itaque
3440 2229 3627 2343 noi:1¹¹
3620 2227 3893 2345 fftlg'sam
3940 2280 4068 2345 Dei
4109 2282 4472 2363 potentiam
4513 2283 4642 2349 fin-

621 2385 741 2450 pas
783 2366 1028 2450 oysive‚
1070 2364 1235 2431 mais
1278 2368 1573 2448 emporte
1631 2361 2031 2447 davantage:
2088 2361 2382 2428 assavoir
2422 2362 2580 2445 qu'il
2681 2362 2814 2447 gis:
2855 2361 2973 2452 sed
3006 2364 3209 2429 talem
3242 2384 3386 2429 esse
3426 2371 3709 2448 reputas,
3747 2385 3912 2449 quae
3944 2386 4219 2432 manum
4252 2367 4437 2451 operi
4468 2389 4640 2435 sem-

623 2473 664 2517 a
704 2451 1030 2517 tousiours
1082 2448 1149 2517 la
1190 2449 1376 2516 main
1418 2457 1460 2515 a
1499 2448 1567 2514 la
1607 2448 1968 2534 besongne:
2025 2453 2093 2513 et
2133 2466 2261 2531 que
2303 2448 2450 2514 rien
2491 2470 2578 2514 ne
2683 2470 2802 2532 per
2845 2448 3180 2516 admotam
3221 2449 3490 2516 habeat:
3553 2451 3647 2518 sic
3683 2458 3761 2517 ut
3803 2450 3973 2517 nihil
3988 2503 4006 2532 ‚
4062 2452 4194 2519 nisi
4235 2472 4356 2537 per
4396 2454 4640 2538 ipsum,

622 2557 695 2604 se
735 2538 908 2618 faict,
953 2537 1143 2603 sinon
1186 2558 1309 2619 par
1348 2535 1484 2622 luy,
1543 2556 1629 2600 ou
1685 2554 1846 2602 avec
1898 2554 2018 2600 son
2070 2541 2277 2619 conge
2331 2540 2400 2600 et
2419 2542 2423 2546 ’
2445 2554 2576 2638 son
2683 2534 2950 2619 eiusque
2993 2535 3274 2614 decreto,
3317 2536 3453 2609 fiat.

621 2621 1052 2691 ordonnance.

1468 2723 1733 2778 n’mm.
2885 2725 2894 2738 '
3579 2744 3733 2780 ruta.

793 2794 857 2859 11
899 2799 1001 2860 est
1041 2793 1227 2859 ainsi.
2360 2864 2369 2869 ⁶
2853 2793 2969 2860 Sic
3012 2800 3129 2861 est.

1377 2913 1446 2950 u
1480 2913 1739 2949 mmm.
1753 2894 1805 2961 ²)
3528 2917 3786 2953 mma.

791 2967 1150 3050 Pourquoy
1208 2964 1667 3031 adicustes-tu
1725 2963 1883 3047 qu‘il
1946 2969 2050 3030 est
2107 2961 2431 3029 Oreateur
2485 2963 2576 3030 du
2856 2964 3193 3048 Quorsum
3237 2965 3426 3033 addis
3468 2974 3825 3034 creatorem
3870 2968 4034 3034 coeli
4068 2975 4136 3035 et
4178 2968 4438 3043 terrae?

512 3084 523 3096 κ
612 3053 745 3122 ,ciel
788 3058 859 3119 et
901 3051 982 3120 de
1022 3050 1090 3117 la
1130 3049 1351 3120 terre?
3723 3133 3730 3148 ῃ

1381 3171 1389 3179 ·
1459 3153 1729 3208 n’nrur.
3579 3175 3717 3212 1111111

790 3198 1050 3291 Ρ611166
1085 3223 1245 3307 qu’il
1289 3228 1447 3290 s’est
1477 3223 1826 3288 manifeste
1860 3228 1904 3289 a
1935 3244 2112 3298 nous,
2138 3243 2259 3307 par
2293 3245 2397 3290 ses
2432 3244 2575 3290 6311-
2853 3223 3186 3307 Quoniam
3237 3245 3356 3307 per
3399 3246 3597 3309 opera
3652 3196 3732 3292 se‘
3762 3222 3952 3293 nobis
3991 3226 4327 3310 patefecit:
4386 3229 4457 3293 in
4500 3226 4635 3296 illis

618 3331 803 3391 vres,
857 3310 909 3374 il
951 3310 1095 3375 faut
1137 3314 1331 3393 qu’en
1384 3309 1604 3376 icelles
1646 3329 1813 3375 nous
1867 3308 1929 3373 le
1983 3308 2373 3376 chel-chiens
2427 3310 2569 3395 (Ps.
2677 3330 2934 3395 quoque
2985 3309 3177 3376 nobis
3232 3311 3643 3394 quaerendus
3699 3318 3816 3378 est.
3904 3312 3971 3378 N
4051 3334 4133 3378 ue
4188 3313 4367 3379 enim
4410 3335 4632 3381 essen-

624 3400 779 3478 1043
824 3396 1017 3462 Rom.
1071 3400 1126 3476 1,
1174 3395 1308 3480 20).
1397 3393 1532 3463 Car
1582 3401 1805 3461 nostre
1871 3394 2342 3461 entendement
2402 3402 2573 3480 nlest
2675 3398 2811 3463 tiae
2855 3396 2995 3462 eius
3052 3416 3260 3480 capax
3302 3402 3405 3463 est
3455 3418 3643 3464 mens
3687 3405 3933 3464 nostra.
4085 3403 4150 3465 st
4188 3399 4395 3485 igitur
4433 3422 4634 3467 mun-

617 3503 739 3567 pas
778 3479 1062 3634 gapable
1117 3479 1213 3632 ἀεὶ
1252 3479 1682 3632 66111111ἒ111116
1737 3502 1874 3630 soni
1915 3500 2233 3631 6663111166ἐι
2285 3480 2463 3631 ¹{lais
2507 3480 2571 3632 {e
2677 3481 2800 3582 dus
2833 3482 2977 3582 ipse
3011 3482 3218 3584 veluti
3251 3483 3588 3635 specuhgn
3625 3483 3969 3568 quoddam,
4011 3485 4085 3550 in
4116 3506 4245 3569 quo
4287 3507 4441 3553 eum
4478 3507 4630 3571 pos-

616 3587 1638 3737 m21¹²v⁰322¹²⁰0¹231t⁰03np522⁰2³010¹1ssn
1649 3587 1848 3736 11¹3?
1859 3587 2024 3717 ζόῃ,
2034 3577 2179 3718 ¹¹33
2220 3589 2572 3737 exffien}
2672 3589 2892 3721 3222
2936 3588 3284 3653 mspmore-
3350 3590 3482 3653 ‘¹¹¹³
3548 3590 3675 3636 ¹²⁰⁵
3730 3590 3884 3635 Μ
3950 3590 4341 3656 ⁰⁰⁸⁰⁰⁶⁰⁰¹⁰
4405 3578 4632 3639 ”⁰⁸³⁸

663 3761 701 3807 6
741 3740 806 3807 16
848 3739 1279 3826 congnoistre.

784 3914 924 3979 Par
965 3911 1028 3977 16
1072 3908 1197 3978 6161
1239 3917 1308 3976 et
1349 3860 1634 3977 lauterre
1648 3962 1665 3989 ‚
1721 3911 2152 3977 n'entens-tu
2193 3929 2315 3996 pas
2355 3911 2420 3977 le
2461 3931 2569 3977 re·
2844 3913 2981 3978 Per
3032 3911 3288 3980 coelum
3336 3917 3406 3977 et
3456 3861 3845 3978 terli-'antuman
3897 3932 4035 3978 non
4076 3912 4393 3999 quidquid
4434 3934 4630 4001 prae-

612 3997 762 4067 sidu
805 3998 921 4064 des
964 3994 1336 4090 creaturos?
2671 4005 2853 4065 terea
2891 4005 3350 4065 creaturarum
3391 4004 3627 4078 exstat,
3672 3997 4029 4083 intelligis?

787 4167 865 4236 Si
906 4169 1035 4255 fay.
1124 4169 1298 4236 Mais
1352 4098 1722 4236 ellgsngffi
1774 4167 2173 4251 comprinses
2218 4167 2414 4234 soubz
2459 4188 2569 4236 ces
2841 4170 2988 4236 Imo
3030 4189 3216 4238 voroz
3261 4167 3379 4235 sed
3421 4168 3530 4236 his
3573 4118 3826 4237 dixi-ms
3867 4169 4241 4238 nominibus
4286 4173 4624 4239 continen-

613 4255 792 4323 deux
848 4261 1052 4320 metz:
1114 4260 1158 4321 a
1211 4276 1406 4323 cause
1459 4253 1731 4338 qu’elles
1796 4259 1948 4319 sont
2001 4259 2222 4320 toutes
2273 4254 2566 4336 celestes,
2668 4262 2782 4323 tur
2824 4266 3050 4323 omnes
3064 4307 3082 4336 ,
3128 4252 3305 4340 quod
3336 4261 3452 4322 aut
3484 4255 3795 4322 coelestes
3830 4256 3967 4322 sint
3999 4276 4226 4324 omnes
4242 4257 4300 4342 ⁴)
4335 4264 4451 4324 aut
4485 4265 4620 4324 ter-

610 4363 697 4409 ou
740 4339 1124 4407 terriennes.
2669 4363 2887 4410 renae.

1404 4460 1470 4496 u
1504 4460 1763 4498 mm.
2613 4385 2622 4550 ι

782 4512 880 4577 Et
913 4530 1255 4597 pom-quoy
1275 4510 1669 4594 appelles-tu
1703 4511 1936 4579 DmU
1955 4512 2320 4578 seulement
2355 4517 2470 4591 [fol
2497 4518 2562 4592 6]
2612 4553 2619 4636 ι

614 4595 987 4666 orestem-‘e
1045 4618 1176 4663 veu
1220 4597 1699 4681 qu’entretenir
1739 4603 1808 4661 et
1849 4618 2199 4664 conserver
2239 4599 2569 4665 tousiours
2612 4641 2619 4688 ,
2666 4616 2817 4683 pas:
2872 4618 3078 4682 quum
3130 4600 3306 4666 tueri
3361 4619 3882 4684 conservat-eque
3934 4598 4010 4665 in
4054 4622 4175 4667 6116
4214 4608 4394 4670 statu
4435 4623 4621 4671 crea-

609 4684 709 4750 les
750 4689 1081 4751 creaturos
1125 4703 1210 4748 en
1263 4681 1410 4748 leur
1451 4688 1651 4762 estat,
1707 4688 1810 4749 est
1861 4682 2196 4768 beaucoup
2238 4682 2392 4769 plus
2434 4704 2564 4769 que
2666 4693 2851 4751 turas
2907 4684 3118 4753 multo
3172 4686 3259 4751 sit
3324 4686 3773 4769 praestantius
3786 4737 3804 4766 ,
3870 4707 4068 4770 quam
4134 4688 4339 4756 semel
4396 4686 4620 4757 condi-

2838 4511 2982 4580 Gur
3036 4518 3259 4579 autem
3299 4462 3943 4580 mmmmm
3984 4512 4311 4582 duntaxat
4364 4537 4624 4584 nuncu-

608 4770 709 4838 les
753 4769 939 4838 avoir
976 4790 1109 4835 une
1151 4767 1275 4836 fois
1315 4767 1580 4898 croces?
2666 4769 2885 4838 disse?

784 4939 991 5007 Aussi
1044 4960 1165 5023 par
1216 4941 1358 5008 cela
1406 4891 1709 5006 616ξὲ111111Τ
1707 4910 1853 5025 ’pas
1898 4941 2262 5009 seulement
2301 4941 2563 5027 signifie
2837 4943 2903 5009 N
2904 4899 3084 5027 eque⁸
3107 4890 3269 5009 rere
3306 4941 3431 5008 hac
3471 4893 3793 5028 parffila
3833 4942 4165 5010 indicatur
4198 4952 4481 5028 tantum,
4524 4946 4623 5015 sic

609 5027 771 5113 qu’il
825 5027 919 5100 ait
971 5045 1137 5110 pour
1191 5048 1286 5094 un
1341 5047 1509 5110 coup
1561 5028 1689 5095 mis
1730 5047 1837 5095 ses
1880 5049 2138 5096 oeuvres
2178 5049 2267 5094 en
2302 5034 2561 5107 nature,
2666 5048 2866 5114 opera
2919 5050 3041 5097 sua
3079 5028 3299 5094 Deum
3355 5029 3558 5096 semel
3612 5050 3894 5110 creoese,
3948 5036 4028 5095 ut
4080 5030 4346 5099 illorum
4394 5038 4621 5117 postea

917 5249 979 5317 1)
1016 5248 1181 5304 1545:
1218 5250 1372 5320 plus;
1409 5248 1549 5306 1548
1582 5252 1752 5307 suiv„-
1795 5266 1913 5320 pas.
2119 5250 2179 5320 2)
2217 5251 2297 5307 Le
2330 5250 2383 5305 4.
2418 5250 2719 5308 dimanchs.
2753 5280 2821 5291 —-
2854 5250 3043 5306 Miroir
3075 5265 3218 5321 pour
3252 5252 3589 5322 contempler
3621 5251 3778 5307 Dieu.
3824 5281 3890 5291 —
3936 5252 4020 5308 De
4067 5254 4124 5310 la
4169 5255 4499 5325 providence
4546 5255 4621 5311 de

604 5320 762 5377 Dieu-
798 5347 862 5360 —-
900 5318 1015 5376 Des
1050 5319 1275 5376 diables.
1314 5346 1381 5358 —-
1413 5319 1494 5375 Le
1530 5321 1707 5377 diablo
1741 5335 1812 5375 ne
1846 5326 1981 5391 peut
2012 5322 2129 5376 rien
2165 5336 2295 5376 sans
2326 5318 2483 5377 Dieu.

804 5429 819 5450 ,
919 5386 984 5457 3)
1020 5388 1279 5459 quidquid
1313 5390 1572 5458 contingit
1607 5430 1620 5443 .
1660 5432 1673 5442 .
1711 5431 1724 5443 .
1763 5430 1776 5443 .
1810 5389 2097 5446 moderari.
2133 5387 2285 5444 1563.
2561 5386 2623 5454 4)
2659 5403 2864 5458 omnes,
2899 5387 3047 5445 deest
3084 5390 3237 5459 apud
3266 5388 3474 5445 Boram
3509 5386 3648 5444 1576
3679 5404 3820 5465 seqq.
