4999 6179
598 434 777 501 xlv
1783 430 2333 501 TRAOTATUS
2379 429 2970 498 THEOLOGIOI
3013 430 3461 500 MINORES.

595 630 853 693 menta·
868 626 878 709 Ι
892 625 996 690 ria
1038 621 1359 707 quaedam
1404 620 1765 689 institutio:
1815 642 2016 704 quam
2062 619 2261 686 Cate-
2277 620 2289 706 1
2305 618 2635 686 chismum
2677 627 2938 686 veteres
2995 619 3433 704 appellarunt.
3489 620 3503 706 Ι
3557 629 3712 686 Huic
3755 612 3954 686 addita
3996 636 4077 686 est
4123 629 4643 689 Εοοῐεείαοιὲοαναηι

588 762 817 817 precum
847 746 856 813 Ι
883 744 1145 812 formula.
1184 743 1196 811 Ι
1247 740 1454 797 Graece
1491 747 1549 797 et
1584 741 1804 796 Latine.
1900 732 2124 817 (Oliva
2155 730 2656 816 Stephanorum.)
2701 740 2904 796 ANNO
2948 743 3026 798 M.
3059 742 3127 797 D.
3160 742 3344 798 LXIII
3393 731 3402 818 Ι
3452 742 3902 800 EXCVDEBA'I'
3944 744 4012 798 H.
4059 744 4312 802 STEPH.
4348 745 4358 814 Ι
4409 745 4643 801 musto-is

597 850 719 905 uiri
751 847 1021 904 Baldo-im·
1054 844 1304 916 Παρθενί
1336 850 1546 915 typoqr.

910 942 1170 1006 Forma
1210 939 1416 1006 libelli
1450 946 1553 1004 est
1581 939 1881 1018 minima,
1927 941 2396 1022 quaterniones
2439 946 2599 1004 sunt
2641 938 2883 1023 viginti
2928 938 3056 1003 duo
3094 937 3397 1024 (A-Y),
3441 940 3726 1023 paginae
3759 948 4158 1031 numeratae*
4184 943 4328 1006 352.
4398 943 4641 1009 'textui

593 1050 1117 1139 praemittuntur
1158 1051 1434 1117 Henrici
1471 1048 1799 1134 Stephani
1842 1050 2257 1117 translatoris
2298 1057 2367 1115 et
2399 1048 2669 1117 editoris
2716 1049 3157 1133 praefationes
3203 1048 3371 1115 duae
3414 1071 3708 1135 graecae,
3754 1051 3960 1117 altera
3987 1051 4276 1135 pedestri
4317 1074 4637 1131 sermone,

596 1166 809 1232 altera
848 1163 1086 1231 iambis
1128 1167 1455 1245 concepta.
1555 1162 1640 1227 In
1693 1164 1828 1228 fine
1884 1161 2063 1228 idem
2118 1162 2344 1228 scribit
2383 1162 2710 1227 nonnulla
2752 1183 2938 1245 quae,
2983 1181 3188 1244 quum
3232 1159 3314 1226 ad
3360 1168 3620 1229 nostras
3666 1182 3774 1228 res
3829 1164 4119 1229 maxime
4170 1163 4453 1244 faciant,
4508 1164 4637 1234 hoc

595 1277 738 1343 loco
782 1275 1045 1342 silentio
1087 1275 1446 1360 praeterire
1488 1274 1829 1340 nolumus:
1881 1273 2223 1355 Posterior,
2267 1273 2498 1358 inquit,
2544 1273 2694 1339 haec
2724 1271 3098 1339 Gatechismi
3126 1273 3341 1357 qraeci
3380 1273 3571 1339 editio
3602 1293 3670 1339 eo
3713 1295 3756 1338 a
3784 1275 4009 1355 priore
4050 1275 4277 1357 differt,
4322 1276 4487 1358 quod
4518 1276 4641 1344 illa

592 1388 835 1473 gallico,
881 1387 1033 1453 haee
1079 1392 1288 1452 antem
1331 1385 1528 1451 latino
1562 1386 1805 1452 autoris
1849 1385 2214 1452 catechismo
2255 1387 2463 1471 magis
2504 1385 2969 1468 respondentem
3011 1385 3577 1466 interpretationem
3619 1385 3858 1451 habeat.
3944 1385 4154 1451 Autor
4196 1388 4367 1453 enim
4380 1439 4396 1469 ‚
4440 1409 4640 1472 quum

595 1520 741 1565 eum
769 1500 988 1584 primo
1028 1498 1366 1564 vernacula
1409 1498 1634 1582 linqua
1673 1498 2060 1579 scripsisset,
2104 1501 2328 1579 postea
2370 1498 2442 1561 in
2501 1497 2771 1562 latinam
2811 1496 3152 1562 transtulit.
3245 1495 3370 1562 Sed
3407 1498 3480 1560 in
3521 1497 3628 1562 sui
3666 1497 3956 1579 opusculi
3997 1498 4409 1566 &anslatione
4449 1500 4635 1566 liber-

594 1617 746 1691 tate,
790 1631 917 1694 pro
972 1630 1090 1676 sno
1139 1611 1308 1690 iare,
1362 1629 1523 1675 usus
1565 1612 1680 1688 est,
1735 1610 2192 1691 sententiasque
2232 1608 2620 1691 ponderavit
2653 1608 2882 1689 'potius
2923 1628 3117 1689 quam
3159 1608 3526 1673 numeravit.
3619 1606 3890 1673 Interim
3931 1607 4039 1675 hoe
4083 1630 4322 1694 quoque
4365 1612 4630 1696 inqenue

594 1723 801 1805 fateor
841 1742 940 1787 me
979 1721 1280 1787 nonnulla
1320 1723 1539 1799 etiam,
1596 1720 1756 1801 quod
1808 1720 1881 1784 in
1911 1722 2135 1802 priore
2186 1721 2450 1787 editione
2493 1740 2538 1785 a
2578 1739 2677 1784 me
2719 1724 2977 1801 peecata
3021 1724 3237 1798 essent,
3280 1725 3573 1785 mutasse.
3653 1720 3916 1787 Veniam
3959 1726 4166 1786 autem
4213 1722 4373 1787 mihi
4426 1724 4521 1790 vel
4561 1724 4634 1790 ob

595 1838 860 1900 aetatem
898 1832 1111 1900 deberi
1165 1833 1485 1912 existimo,
1545 1832 1781 1914 quippe
1836 1852 2032 1913 quum
2074 1852 2118 1898 a
2161 1852 2261 1897 me
2305 1850 2516 1913 paene
2556 1830 2765 1898 adhue
2805 1852 3010 1913 puero
3053 1831 3238 1897 editio
3279 1831 3397 1897 illa
3433 1831 3748 1913 prodierit
3790 1839 3984 1898 caett.
4076 1831 4344 1900 Scilicet
4386 1855 4633 1902 excusa

593 1948 813 2014 fuerat
867 1966 923 2011 a.
973 1951 1002 2008 l
1015 1949 1133 2010 551
1185 1944 1284 2029 (et
1324 1943 1570 2010 iterum
1619 1945 1813 2026 1554)
1873 1952 1951 2010 ut
2004 1966 2089 2009 ex
2140 1943 2455 2027 catalogis
2511 1944 3055 2026 paucissimarum
3109 1944 3180 2006 in
3236 1940 3471 2026 quibus
3529 1948 3796 2008 exstant
3837 1944 4242 2028 exemplaria
4285 1943 4632 2013 bibliothe-

594 2078 821 2125 carum
867 2055 1206 2135 discimus,
1263 2078 1390 2140 quo
1443 2062 1738 2141 tempore
1792 2065 1983 2122 autor
2027 2056 2424 2140 vigesimum
2465 2055 2739 2120 tertium
2794 2055 3028 2120 aetatis
3086 2075 3340 2119 aunum
3381 2051 3634 2138 agebat.
3726 2054 3917 2139 Ipsae
3960 2056 4084 2123 has
4128 2056 4445 2124 editiones
4488 2079 4626 2124 non

592 2168 904 2236 vidimus.
991 2167 1349 2233 Caeterum
1394 2165 1578 2233 vides
1623 2164 2041 2251 Stephanum
2084 2187 2340 2251 quoque
2383 2165 2574 2259 nobis
2618 2172 2858 2232 testem
2901 2185 3045 2231 esse
3089 2165 3228 2231 eius
3272 2166 3368 2231 rei
3412 2186 3610 2248 quam
3665 2187 3870 2250 supra
3912 2168 4406 2250 affirmavimus,
4441 2170 4628 2237 scili-

590 2286 695 2347 cet
745 2280 1032 2346 latinum
1103 2279 1442 2363 exemplar
1498 2279 1732 2365 gallico
1801 2279 2133 2345 recentius
2186 2278 2408 2344 fuisse.
2501 2276 2690 2359 Quae
2743 2284 2966 2344 autem
3021 2276 3103 2342 de
3153 2276 3499 2361 utriusque
3566 2276 4006 2361 discrepantia
4063 2278 4274 2361 addit,
4351 2281 4460 2348 hic
4505 2304 4623 2348 ex-

592 2398 817 2459 cutere
858 2390 1363 2475 supersedemus
1405 2412 1610 2475 quum
1656 2390 1777 2457 tibi
1821 2390 2149 2473 duplicem
2190 2394 2451 2455 textum
2493 2388 2803 2454 facillime
2845 2388 3309 2455 conferendum
3353 2396 3508 2454 ante
3552 2388 3775 2455 oculos
3818 2391 4095 2472 posituri
4140 2392 4365 2459 simus.

903 2502 1052 2570 Hoc
1106 2525 1318 2568 unum
1381 2509 1608 2568 tamen
1667 2500 2017 2568 addemus:
2071 2502 2143 2567 in
2197 2499 2589 2568 recudendis
2639 2499 3124 2584 precationibus
3179 2519 3348 2582 quae
3403 2497 3488 2564 ad
3531 2499 3778 2565 calcem
3829 2500 4175 2585 utriusque
4225 2502 4629 2573 Catechismi

589 2614 936 2700 leguntur,
1003 2635 1126 2679 nos
1194 2632 1306 2680 eas
1370 2619 1637 2679 tantum
1688 2613 1894 2679 latine
1955 2614 2365 2698 apposituros
2409 2633 2576 2697 quae
2627 2612 2700 2677 in
2754 2609 3042 2676 editione
3097 2610 3398 2695 principe
3421 2624 3430 2629 ’
3450 2610 3664 2677 latina
3707 2632 3761 2676 a.
3816 2615 3982 2675 1545
4031 2613 4112 2679 ab
4152 2614 4296 2698 ipso
4342 2614 4626 2683 Calvino

588 2731 943 2812 procurata
998 2724 1343 2792 habentur.
1444 2724 1920 2792 Additamenta
1972 2725 2161 2793 varia
2215 2722 2582 2789 editionum
2632 2722 3072 2809 posteriorum
3129 2742 3265 2787 non
3319 2723 3451 2788 nisi
3504 2722 3581 2787 in
3634 2722 3871 2807 gallico
3924 2730 4114 2789 textu
4161 2723 4622 2809 describemus,

592 2837 836 2920 quippe
893 2856 1062 2920 quae
1118 2838 1395 2903 fortasse
1448 2836 1663 2903 eidem
1721 2837 1957 2921 aliquis
2002 2835 2218 2901 autori
2283 2835 2636 2902 tribuenda
2688 2833 3040 2900 existimet.
3139 2833 3456 2899 Latinam
3520 2834 3699 2900 enim
3760 2834 4134 2901 versionem
4191 2858 4343 2904 eum
4398 2845 4626 2922 postea

592 2947 823 3013 eodem
864 2947 1059 3014 modo
1102 2948 1558 3033 locupletasse,
1608 2949 1831 3014 minus
1872 2945 2210 3032 probabile
2253 2946 2533 3013 videtur.

2237 3327 2650 3416 CAPUT
2711 3331 2966 3416 XIII.

586 3533 765 3630 LA
811 3532 1289 3632 FORME
1322 3532 1580 3630 oss
1625 3505 2199 3630 PRIERES
2243 3531 2416 3630 ET
2461 3533 2986 3634 CHANTs
3031 3534 4254 3642 ECCLESIASTIQUES.
4320 3533 4612 3635 1542.

898 3736 1045 3801 Iam
1087 3735 1423 3818 superiore
1467 3734 1700 3819 capite,
1747 3734 1862 3801 ubi
1906 3733 1989 3800 de
2030 3734 2448 3802 Gatechismo
2489 3734 2870 3805 dicebamus
2884 3790 2901 3819 ,
2953 3738 3204 3822 passim
3247 3738 3518 3805 alterius
3561 3738 3904 3806 cuiusdam
3944 3740 4155 3807 libelli
4197 3743 4618 3816 ecclesiastici

584 3847 998 3914 mentionem
1040 3846 1408 3925 iniecimus,
1452 3844 1760 3911 similiter
1801 3848 1946 3913 usui
1991 3847 2253 3932 publico
2297 3846 2611 3914 destinati
2628 3900 2646 3929 ,
2692 3849 2951 3933 qualem
2995 3871 3116 3917 nos
3157 3850 3352 3917 hodie
3392 3852 3454 3916 L
3469 3849 3495 3915 i
3509 3852 3732 3935 turgi
3749 3873 3868 3918 am
3911 3852 4421 3938 appellaremus,
4473 3859 4615 3942 ipse

584 3965 779 4024 autor
822 3963 1048 4024 noster
1098 3956 1488 4040 simpliciter
1533 3957 1912 4024 Formam
1967 3959 2108 4026 sive
2150 3958 2626 4025 Formulam
2681 3963 3249 4044 precationum
3305 3961 4070 4029 ecclesiasticarum
4125 3968 4407 4034 vocavit.
4507 3969 4612 4036 Eo

583 4068 838 4136 scilicet
878 4075 1176 4153 tempore
1233 4089 1364 4152 quo
1418 4089 1527 4136 res
1584 4089 1805 4137 sacras
1847 4070 2164 4138 Genevae
2215 4072 2358 4155 ipso
2417 4072 2691 4137 absente
2745 4073 3063 4157 collapsas
3105 4073 3364 4140 fortiter
3408 4081 3476 4138 et
3529 4074 3722 4140 enixe
3775 4075 4098 4155 restituit,
4152 4076 4332 4144 inter
4372 4078 4504 4147 alia
4544 4089 4615 4148 et

583 4180 879 4247 coetibus
925 4177 1305 4245 solennibus
1344 4179 1728 4247 ordinandis
1770 4182 2066 4248 animum
2110 4181 2442 4266 applicuit,
2486 4183 2727 4249 seriem
2771 4184 3052 4269 singulis
3096 4183 3325 4251 diebus
3367 4184 3552 4251 festis
3587 4184 3993 4270 agendorum
4029 4185 4349 4269 definivit,
4396 4211 4615 4260 sacra-

584 4297 961 4356 mentorum
1006 4289 1687 4357 administrandorum
1729 4293 1897 4361 ritus
1941 4293 2026 4359 ad
2067 4300 2359 4360 mentem
2407 4294 2778 4379 theologiae
2826 4295 3220 4362 reformatae
3261 4303 3332 4361 et
3384 4297 3821 4380 antiquiorem
3862 4296 4171 4364 ecclesiae
4213 4300 4614 4370 christianae

579 4423 835 4468 morem
890 4400 1242 4487 disposuit,
1299 4403 1580 4488 singulis
1633 4405 1852 4473 cultus
1894 4405 2135 4490 publici
2189 4404 2490 4490 partibus
2540 4428 2693 4473 suas
2734 4427 3009 4490 precum
3062 4407 3380 4473 formulas
3433 4406 3764 4489 conceptis
3806 4408 4030 4475 verbis
4075 4413 4608 4481 accommodavit.

576 4514 767 4582 Haec
811 4515 1036 4580 omnia
1077 4514 1297 4581 libello
1341 4515 1576 4599 gallice
1619 4519 1990 4604 conscripto
2033 4517 2507 4601 comprehensa
2546 4518 2621 4583 in
2667 4540 2862 4584 usum
2905 4526 2973 4584 et
3014 4524 3356 4603 pastorum
3405 4524 3474 4584 et
3516 4518 3738 4602 gregis
3784 4519 3959 4604 typis
4004 4519 4378 4603 mandavit,
4425 4526 4610 4592 cuius

575 4627 803 4691 variae
848 4632 1120 4692 exstant
1161 4646 1297 4692 non
1342 4627 1559 4694 solum
1602 4627 1921 4697 editiones
1964 4630 2081 4696 sed
2124 4637 2192 4696 et
2232 4629 2649 4696 recensiones
2693 4651 2858 4713 quas
2901 4631 3038 4696 iam
3081 4629 3450 4697 accuratius
3489 4627 3948 4711 indicabimus,
3991 4639 4316 4715 quatenus
4359 4636 4612 4704 scilicet

576 4737 766 4804 nobis
810 4737 1263 4804 innotuerunt.

891 4847 1218 4917 Editionis
1261 4851 1531 4935 quidem
1572 4852 1911 4939 principis,
1958 4853 2071 4920 diu
2111 4853 2362 4919 frustra
2406 4847 2742 4935 quaesitae
2756 4904 2774 4933 ,
2825 4852 3201 4936 nuperrime
3244 4848 3513 4916 tandem
3557 4852 3858 4932 unicum,
3904 4853 4080 4938 quod
4122 4877 4464 4942 superesse
4508 4862 4609 4926 vi-

578 4960 804 5039 detur,
864 4960 1200 5044 exemplar
1258 4962 1331 5028 in
1385 4963 1779 5031 bibliotheca
1828 4964 2014 5051 regia
2067 4963 2530 5049 Stuttgardiae
2592 4965 2883 5047 reperire
2949 4961 3228 5045 contigit
3279 4960 3608 5029 indicante
3663 4964 3889 5030 Felice
3940 4966 4188 5048 Bovet,
4237 4969 4610 5052 professore

575 5070 1031 5150 Neocomensi,
1078 5072 1222 5139 viro
1265 5079 1413 5141 tum
1457 5075 1663 5144 variis
1704 5077 1965 5162 scriptis
2010 5075 2188 5143 claro
2204 5128 2221 5156 ,
2268 5081 2411 5142 tum
2457 5076 2530 5141 in
2572 5075 2698 5142 hac
2740 5081 2932 5158 parte
2971 5073 3286 5140 historiae
3328 5073 3660 5142 literariae
3705 5075 4098 5144 doctissimo.
4186 5078 4363 5147 Ecce
4404 5083 4607 5153 raris-

574 5183 723 5248 simi
767 5182 1127 5251 voluminis
1142 5235 1157 5264 ,
1212 5188 1589 5270 petentibus
1642 5191 1788 5255 sine
1830 5209 2019 5254 mora
2062 5188 2347 5272 benigne
2390 5187 2684 5253 concessi
2730 5206 2770 5251 a
2814 5185 2897 5250 V.
2956 5182 3026 5250 S.
3077 5185 3159 5250 V.
3207 5183 3487 5267 Stalino,
3544 5186 3976 5255 bibliothecae
4031 5188 4215 5256 illius
4258 5195 4606 5275 praefecto,

574 5292 1106 5377 descriptionem:
