4999 6179
571 456 700 519 4⁷5

572 642 715 709 eius
759 640 1031 722 bonitas,
1078 641 1435 727 sapientia,
1480 643 1796 727 potentia,
1844 643 2091 709 veritas
2136 649 2202 707 et
2244 641 2535 724 reliquae

569 729 854 795 virtutes
899 731 1048 807 [pag.
1089 733 1194 809 34]
1235 729 1534 807 uberius,
1578 751 1778 813 quam
1821 729 1978 794 alibi
2020 749 2097 794 us
2142 748 2299 793 uam
2342 747 2534 810 prae-

572 813 906 894 dicentur,
963 835 1169 898 quum
1226 835 1386 881 vera
1440 780 1570 881 fide
1611 816 1958 882 invocetur
1999 814 2073 879 in
2174 813 2372 879 hristi
2415 833 2534 878 no-

570 901 776 979 mine,
831 921 1038 985 quum
1084 899 1494 967 celebrentur
1528 902 1672 966 eius
1715 900 2033 967 beneficia
2074 906 2143 966 et
2185 899 2426 965 animis
2469 905 2537 964 ει

567 952 844 1073 linguis,
899 1007 1108 1070 quum
1150 986 1234 1052 ad
1290 986 1655 1070 simplicem
1698 987 2152 1069 sinceramque
2196 985 2338 1050 eius
2382 985 2535 1051 obe-

569 1072 889 1140 dientiam
930 1078 1245 1156 perpetuo
1288 1083 1680 1139 revocentur
1721 1073 2055 1151 homines,
2099 1092 2305 1155 quum
2349 1070 2534 1135 deni-

568 1180 697 1245 que
739 1158 910 1224 nihil
950 1158 1085 1224 illic
1126 1156 1451 1239 audiatur,
1493 1158 1672 1242 quod
1714 1180 1850 1224 non
1892 1158 1976 1223 ad
2019 1156 2533 1243 promovendam

568 1245 856 1312 nominis
897 1243 1078 1310 illius
1123 1244 1711 1311 sanctificationem
1756 1251 2029 1345 spectet:
2091 1241 2249 1328 quid
2291 1261 2532 1310 causae

569 1338 692 1411 est,
735 1351 857 1396 our
899 1350 1022 1396 nos
1064 1338 1205 1396 tam
1246 1329 1420 1396 male
1460 1332 1810 1415 excipiant,
1855 1332 1967 1414 qui
2011 1352 2083 1396 se
2119 1328 2535 1395 Christianos

565 1414 1001 1516 profitentur?
1072 1416 1398 1496 Primum,
1435 1416 1611 1500 quod
1644 1424 1784 1482 tam
1820 1437 2073 1483 crassas
2111 1414 2532 1493 idololatrias,

568 1522 738 1587 quae
779 1502 1026 1587 passim
1082 1504 1155 1567 in
1199 1468 1449 1568 mundo
1493 1503 1817 1583 visuntur,
1875 1503 2147 1581 acriter,
2205 1502 2375 1567 sicut
2416 1521 2535 1565 ne-

567 1608 749 1655 eesse
791 1595 923 1669 est,
978 1587 1559 1673 reprehendimus,
1612 1590 1737 1654 hoc
1780 1555 1954 1655 ferre
1996 1592 2362 1671 nequeunt,
2422 1586 2535 1669 qui

567 1675 873 1741 tenebras
915 1675 1178 1741 malunt
1217 1696 1416 1758 quam
1457 1675 1689 1742 lucem.
1780 1676 2003 1741 Deum
2048 1676 2121 1739 in
2164 1671 2535 1739 simulacris

567 1759 858 1840 adorari,
936 1760 1203 1826 fictitios
1267 1762 1526 1826 institui
1591 1762 1808 1827 cultus
1873 1761 2018 1826 eius
2085 1760 2382 1837 nomine,
2449 1756 2534 1822 ad

567 1854 950 1914 sanctorum
1000 1847 1324 1932 imagines
1378 1847 1765 1930 supplicari,
1820 1854 2237 1911 mortuorum
2276 1843 2534 1910 ossibus

569 1931 832 2001 divinos
878 1931 1178 1998 exhiberi
1221 1931 1522 2013 honores,
1570 1940 1638 1997 et
1679 1934 1823 1998 eius
1866 1932 2131 2017 generis
2175 1931 2334 2010 alia,
2380 1929 2535 1995 abo-

566 2019 995 2097 minationes,
1054 2019 1224 2085 sicut
1276 2026 1463 2097 sunt,
1532 2019 1628 2083 ita
1683 2039 1828 2083 esse
1882 2017 2258 2082 clamamus.
2285 2017 2335 2101 ¹)
2425 2013 2534 2080 Ob

567 2104 741 2171 hanc
784 2124 1051 2171 causam
1093 2105 1164 2168 in
1205 2123 1329 2169 nos
1370 2104 1783 2170 invehuntur
1823 2105 1939 2187 qui
1978 2103 2343 2170 doctrinam
2378 2122 2535 2200 nos-.-

567 2198 746 2256 tram
799 2210 1072 2257 exosam
1125 2190 1398 2270 habent3
1467 2189 1829 2256 haereticos
1895 2211 2017 2255 nos
2068 2188 2348 2267 faciunt,
2421 2187 2535 2271 qui

567 2276 820 2344 cultum
883 2275 1017 2341 Dei
1088 2275 1170 2341 ab
1240 2276 1515 2343 ecclesia
1578 2277 1712 2340 iam
1774 2273 2033 2358 pridem
2098 2275 2535 2359 approbatum

567 2361 940 2431 convellere
975 2360 1355 2427 audeamus.
1431 2360 1628 2442 Quod
1667 2361 1981 2427 ecclesiae
2014 2381 2275 2437 nomen,
2320 2359 2535 2444 clypei

566 2447 730 2527 loco,
777 2445 1054 2515 subinde
1096 2447 1441 2526 obiectant,
1489 2446 1570 2511 de
1607 2467 1685 2511 eo
1721 2445 1919 2530 paulo
1955 2453 2107 2530 post
2138 2446 2530 2512 videbimus.

565 2534 864 2615 Interea,
924 2554 1091 2617 quae
1145 2534 1275 2599 ista
1331 2539 1433 2597 est
1490 2532 1923 2615 perversitas,
1981 2532 2097 2598 ubi
2150 2539 2289 2597 tam
2343 2532 2533 2616 flagi-

564 2621 772 2688 tiosae
829 2626 1152 2703 apparent
1205 2618 1425 2685 cultus
1466 2618 1598 2683 Dei
1652 2618 2093 2701 corruptelae,
2149 2639 2284 2684 non
2335 2617 2533 2682 modo

563 2727 676 2775 eas
720 2707 910 2784 tueri,
959 2703 1077 2770 sed
1112 2704 1198 2769 ad
1240 2726 1352 2770 eas
1386 2723 1517 2787 quo
1565 2725 1647 2770 ue
1690 2704 2098 2788 operiendas,
2133 2705 2354 2788 ipsum
2397 2704 2530 2770 Dei

564 2791 822 2861 cultum
858 2787 1276 2874 impudenter
1313 2790 1508 2857 obten
1556 2789 1708 2856 ere?

739 2876 1191 2947 Idololatriam
1224 2877 1535 2958 utrinque
1560 2876 1847 2941 fatemur
1875 2874 2276 2942 exsecrabile
2311 2895 2531 2942 coram

565 2965 712 3031 Deo
757 2964 971 3030 scelus
1014 2983 1175 3028 esse.
1265 2961 1492 3043 Quum
1549 2963 1919 3047 imaginum
1963 2962 2216 3027 cultum
2258 2962 2529 3046 attingi-

566 3073 733 3130 mus,
780 3049 887 3116 hic
929 3048 1234 3133 protinus
1277 3069 1348 3115 se
1392 3055 1734 3134 opponunt
1776 3048 2155 3128 adversarii,
2199 3054 2276 3115 ut
2310 3054 2529 3132 patro-

565 3138 815 3205 cinium
871 3157 1070 3202 suum
1125 3134 1617 3202 wcommodent
1659 3136 1916 3216 sceleri,
1968 3134 2144 3235 quod
2185 3134 2530 3200 nobiscum

564 3223 769 3292 verbo
823 3222 1321 3289 damnaverant.
1407 3221 1588 3301 Ιιιιο,
1653 3221 1827 3305 quod
1894 3223 2108 3307 magis
2172 3221 2529 3287 ridiculum

568 3313 720 3389 [pag.
759 3312 869 3388 35]
907 3314 1027 3388 est,
1072 3329 1275 3391 quum
1309 3307 1498 3375 nobis
1543 3309 1987 3374 assentiantur
2020 3307 2103 3373 de
2138 3329 2372 3393 graeco
2413 3328 2530 3372 vo-

567 3393 826 3474 cabulo,
883 3393 1001 3459 ubi
1052 3393 1124 3460 id
1180 3394 1386 3460 latine
1442 3394 1754 3475 vertitur,
1809 3395 2132 3479 refragari
2185 3401 2348 3460 tunc
2389 3394 2527 3476 pri-

564 3501 754 3547 mum
795 3479 1138 3563 incipiunt.
1225 3480 1605 3564 Imaginum
1648 3481 1829 3545 enim
1861 3481 2351 3547 venerationem
2395 3480 2528 3544 for-

566 3567 725 3632 titer
777 3565 1171 3646 defendunt,
1224 3588 1427 3649 quum
1479 3566 1921 3632 idololatriam
1962 3565 2298 3633 damnent.
2389 3563 2527 3631 sod

565 3653 870 3720 homines
940 3652 1271 3736 ingeniosi
1337 3660 1590 3737 negant
1663 3672 1808 3718 esse
1876 3652 2108 3718 latriae
2186 3652 2524 3730 honorem,

610 3761 765 3805 uem
810 3738 1131 3805 exhibent
1173 3739 1311 3804 suis
1346 3738 1731 3803 simulacris.
1805 3737 2015 3819 Quasi
2058 3759 2233 3818 vero,
2278 3739 2334 3802 si
2369 3757 2526 3804 con-

591 3832 864 3891 erantur
906 3841 1057 3890 cum
1112 3824 1445 3890 veteribus
1500 3822 1901 3904 idololatris,
1952 3824 2309 3907 quidquam
2351 3825 2527 3889 inter

564 3932 680 3978 eos
732 3910 1012 3976 intersit.
1102 3911 1638 3977 Praetexuerunt
1687 3909 1820 3990 illi,
1877 3910 2187 3977 coelestes
2242 3931 2313 3976 se
2371 3909 2527 3976 deos

563 3997 795 4076 colere,
840 3996 957 4062 sed
1001 3995 1126 4062 sub
1172 3996 1405 4083 figuris
1441 3997 1798 4097 corporeis,
1843 4017 2012 4080 quae
2049 3999 2228 4081 ipsos
2260 4017 2525 4080 reprae-

564 4089 923 4149 sentarent.
1015 4081 1199 4163 Quid
1272 4082 1451 4149 aliud
1524 4082 1637 4149 isti
1710 4083 2156 4168 praetexunt?
2244 4083 2525 4163 Verum,

565 4190 656 4235 an
698 4169 883 4235 Deus
928 4168 1248 4234 eiusmodi
1302 4170 1835 4237 excusationibus
1890 4170 2196 4236 satisfieri
2240 4169 2364 4235 sibi
2407 4189 2525 4253 pa-

566 4254 776 4330 titur?
865 4254 978 4319 An
1029 4262 1380 4339 propterea
1436 4255 1778 4321 desierunt
1877 4255 2194 4340 rophetae
2250 4256 2526 4339 Aegyp-

561 4340 810 4407 tiorum
853 4340 1197 4423 increpare
1240 4340 1656 4422 dementiam,
1695 4278 1874 4425 quod
1910 4363 1994 4408 ex
2037 4342 2296 4407 arcanis
2338 4341 2416 4405 ιιι
2418 4361 2528 4406 eo-

559 4426 774 4512 logiae
839 4446 998 4492 suae
1057 4447 1128 4492 m
1177 4427 1398 4493 steriis
1463 4429 1836 4513 proferrent
1899 4428 2223 4512 argutias,
2288 4427 2528 4510 quibus

562 4509 1023 4579 elaberentur?
1169 4520 1511 4596 erpentem
1575 4535 1835 4598 quoque
1900 4534 2182 4579 aeneum
2219 4511 2529 4615 qualiter

561 4599 1023 4665 existimamus
1078 4599 1425 4664 adoratum
1477 4600 1681 4666 fuisse
1736 4620 1777 4664 a
1817 4599 2112 4681 Iudaeis,
2166 4599 2297 4666 nisi
2351 4599 2527 4683 quod

561 4692 881 4769 tanquam
920 4685 1051 4751 Dei
1097 4684 1444 4751 simulacro
1485 4685 1698 4752 honor
1750 4692 1852 4752 est
1890 4685 2197 4753 habitus?
2289 4684 2528 4752 Genti-

561 4770 694 4849 les,
752 4771 970 4856 inquit
1012 4769 1400 4838 Ambrosius
1412 4771 1506 4857 ,²)
1548 4771 1807 4857 lignum
1851 4770 2155 4852 adorant,
2201 4772 2356 4858 quia
2395 4772 2529 4839 Dei

560 4862 806 4957 putant
861 4878 1007 4923 esse
1063 4858 1439 4942 imaginem.
1530 4856 1668 4926 Sed
1715 4859 2070 4926 invisibilis
2113 4824 2244 4926 1301
2284 4860 2525 4944 imago,

560 4963 699 5008 non
741 4943 816 5007 in
858 4962 936 5007 eo
981 4950 1083 5010 est
1125 4943 1300 5028 quod
1346 4944 1638 5026 videtur,
1693 4944 1809 5011 sed
1856 4947 1925 5010 in
1969 4967 2047 5012 eo
2080 4946 2309 5030 utique
2354 4945 2530 5030 quod

702 5112 762 5179 1)
813 5110 910 5170 Sic
953 5114 1038 5170 ed.
1077 5116 1340 5185 μύωψιν
1386 5123 1438 5173 ct
1488 5115 1792 5172 Gallaaius.
1868 5116 2065 5172 Gallus
2329 5136 2348 5169 .-
2393 5115 2527 5172 c’est

560 5183 946 5239 abomination.
1016 5183 1172 5240 Besa
1198 5187 1466 5268 scripsit.-
1522 5193 1579 5241 et
1635 5187 1753 5241 eius
1798 5187 2012 5255 generis
2137 5202 2199 5241 as
2251 5185 2523 5242 abomina-

560 5253 766 5324 tiones,
814 5253 956 5309 sicut
991 5261 1145 5321 sunt,
1195 5255 1273 5310 ita
1309 5270 1438 5312 asse
1475 5256 1782 5312 clamamus.
1860 5253 2022 5324 Quod
2053 5255 2381 5311 recentiores
2414 5268 2524 5309 m·

557 5335 596 5378 θ
697 5391 761 5459 2)
796 5391 1114 5449 Ambrosius
1149 5391 1206 5448 ιιι
1240 5391 1386 5450 Pssl.
1422 5390 1542 5446 118

2177 451 2305 518 DE
2348 450 2989 520 NECESSITATE

4471 457 4600 519 476

2640 661 2777 706 non
2820 640 3100 708 videtur.
3193 638 3372 723 Quid
3425 648 3647 707 autem
3700 640 3895 708 hodie
3935 640 4083 708 fit?
4150 640 4263 707 An
4314 663 4453 708 non
4491 663 4601 708 oo-

2638 747 2787 792 ram
2825 727 3247 812 imaginibus,
3292 734 3612 812 tanquam
3655 733 4071 811 praesentem
4110 726 4246 794 illic
4284 726 4603 794 haberent

2639 814 2878 892 Deum,
2924 834 2996 880 se
3038 813 3509 898 prosternunt?
3578 813 3711 880 Dei
3751 834 3948 897 porro
3989 813 4308 879 virtutem
4340 821 4408 880 et
4448 835 4603 899 gra-

2641 900 2806 964 tiam
2846 900 2978 965 nisi
3036 899 3273 967 statuis
3332 905 3401 965 et
3454 900 3734 983 picturis
3790 899 4172 985 alligarent,
4230 921 4317 965 an
4361 899 4445 966 ad
4488 921 4604 968 eas

2640 986 3088 1070 confugerent,
3133 1006 3337 1070 quum
3381 1006 3456 1050 or
3458 1007 3572 1051 are
3606 985 3882 1053 volunt?

2811 1071 2905 1137 Et
2936 1072 3235 1137 nondum
3267 1071 3619 1139 crassiores
3640 1070 4142 1154 superstitiones
4177 1071 4399 1157 attigi:
4433 1092 4603 1156 quae

2638 1163 2865 1222 tamen
2918 1156 3197 1223 rudibus
3258 1158 3578 1241 imputari
3641 1167 4004 1241 nequeant,
4070 1179 4277 1242 quum
4339 1156 4603 1243 publico

2639 1263 2963 1309 consensu
3006 1244 3467 1343 approbentur.
3560 1241 3826 1309 Ornant
3867 1264 3990 1309 sua
4024 1243 4216 1323 idola,
4258 1263 4439 1309 nunc
4479 1245 4602 1312 flo-

2638 1329 2821 1395 ribus
2867 1336 2936 1394 et
2978 1330 3264 1407 coronis,
3311 1352 3486 1397 nunc
3527 1329 3769 1413 peplis,
3828 1330 4153 1409 vestibus,
4189 1331 4402 1409 zonis,
4448 1352 4601 1397 cru-

2638 1416 2871 1495 menis,
2930 1423 2998 1481 et
3040 1380 3310 1499 ineptiis
3355 1436 3552 1481 omne
3609 1436 3837 1500 genus.
3910 1414 4156 1482 Coram
4196 1415 4332 1481 illis
4377 1437 4602 1483 cereos

2640 1466 3025 1582 accendunt,
3071 1507 3227 1583 [pag.
3269 1506 3379 1582 36]
3413 1501 3571 1568 thus
3595 1501 3879 1582 adolent,
3905 1509 4169 1586 gestant
4202 1523 4280 1568 ea
4304 1501 4602 1568 humeris

2637 1588 2712 1652 in
2753 1609 3008 1671 pompa.
3100 1586 3460 1653 Oonfluunt
3517 1608 3603 1653 ex
3658 1588 4038 1673 longinquis
4091 1588 4471 1671 regionibus
4513 1586 4603 1654 ad

2640 1679 2928 1738 statuam
2970 1694 3197 1753 unam,
3243 1693 3447 1757 quum
3490 1672 3669 1739 domi
3712 1674 3960 1740 similes
4001 1672 4306 1740 habeant.
4396 1673 4602 1740 Simi-

2637 1759 2790 1824 ιιιει
2830 1780 3033 1842 quum
3075 1760 3148 1825 ιιι
3189 1780 3322 1824 ιιιιο
3365 1759 3611 1844 templo
3654 1759 3881 1842 plures
3924 1761 4059 1825 sint
4099 1759 4438 1859 imagines,
4485 1767 4603 1826 aut

2640 1844 2917 1928 virginis
2960 1846 3245 1923 Mariae,
3293 1852 3413 1910 aut
3453 1846 3755 1925 alterius,
3801 1845 3950 1912 aliis
3992 1845 4396 1931 praeteritis,
4441 1865 4600 1926 una,

2637 1930 2830 2013 quasi
2867 1931 3168 2010 divinior,
3203 1896 3676 2014 frequentatur.
3754 1931 3986 2013 Quum
4020 1930 4105 1996 ad
4139 1897 4602 2015 Christophori

2636 2024 2991 2100 precantur
3030 2017 3389 2101 imaginem
3432 2024 3550 2083 aut
3591 2016 3956 2096 Barbarae,
4001 2017 4445 2139 precationem
4483 2016 4603 2083 do-

2635 2102 2985 2182 minicam,
3043 2124 3196 2170 cum
3250 2103 3646 2169 salutatione
3701 2103 4041 2188 angelica,
4091 2103 4224 2169 illis
4268 2104 4596 2171 occinunt.

2636 2189 2849 2255 Pr0ut
2910 2188 3018 2256 vel
3083 2189 3437 2269 formosae,
3504 2189 3612 2255 vel
3670 2189 3964 2256 fumosae
4031 2195 4190 2255 sunt
4251 2190 4598 2274 imagines,

2636 2275 2956 2340 maiorem
2989 2274 3120 2341 illis
3161 2241 3634 2359 praestantiam
3678 2276 4025 2359 affingunt.
4096 2275 4373 2341 Accedit
4406 2282 4472 2342 et
4512 2297 4603 2342 ex

2634 2360 2946 2427 fabulosis
2980 2360 3317 2427 miraculis
3360 2382 3538 2426 nova
3566 2361 4063 2427 commendatio,
4134 2361 4324 2427 Alias
4366 2360 4602 2444 loquu-

2636 2452 2740 2512 tas
2797 2467 2941 2513 esse
2993 2448 3290 2531 fingunt,
3346 2447 3511 2513 alias
3564 2446 3795 2530 templi
3852 2445 4237 2512 incendium
4275 2446 4443 2531 pede
4492 2469 4603 2513 re-

2637 2532 2968 2611 stinxisse,
3016 2532 3177 2598 alias
3223 2532 3624 2617 demigrasse
3667 2553 3790 2598 sua
3812 2542 4044 2616 sponte
4086 2533 4156 2598 in
4199 2553 4449 2599 novum
4481 2533 4602 2599 do-

2635 2618 2982 2698 micilium,
3044 2618 3209 2685 alias
3265 2640 3301 2684 e
3345 2618 3525 2684 coelo
3582 2618 3901 2702 delapsas.
3990 2618 4120 2685 His
4163 2626 4231 2685 et
4272 2618 4603 2686 similibus

2634 2701 3081 2770 deliramentis
3124 2725 3330 2787 quum
3372 2710 3550 2769 totus
3591 2704 3880 2771 mundus
3923 2712 4197 2786 scateat,
4256 2705 4457 2789 idque
4512 2705 4606 2773 sit

2634 2791 2937 2856 omnibus
2988 2791 3061 2855 ιιι
3118 2790 3488 2873 propatulo,
3541 2812 3662 2856 nos
3718 2798 3969 2869 tamen,
4038 2792 4151 2874 qui
4220 2793 4421 2858 unius
4467 2791 4602 2859 Dei

2635 2876 2886 2941 cultum
2938 2876 3022 2941 ad
3081 2875 3265 2941 verbi
3299 2875 3403 2941 sui
3447 2896 3746 2941 normam
3788 2877 4235 2957 restituimus,
4294 2884 4363 2943 et
4404 2876 4604 2943 resti-

2632 2968 2853 3027 tutum
2907 2983 3248 3028 servamus
3288 2961 3670 3047 diligenter,
3727 2964 3843 3046 qui
3890 2966 4039 3047 puri
4085 2985 4345 3042 sumus,
4392 2963 4604 3030 eccle-

2632 3048 2889 3133 siasque
2928 3055 3188 3114 nostras
3221 3048 3657 3149 purgavimus
3697 3049 3779 3115 ab
3814 3049 4013 3129 omni,
4059 3070 4197 3116 non
4229 3049 4426 3116 modo
4458 3049 4603 3116 ido-

2631 3133 2910 3214 lolatria,
2940 3134 3055 3200 sed
3081 3136 3281 3200 etiam
3315 3136 3797 3219 superstitione,
3819 3156 4206 3202 accusamur
4238 3136 4322 3203 de
4361 3135 4605 3203 violato

2631 3221 2761 3286 Dei
2804 3222 3020 3303 cultu,
3081 3220 3254 3304 quod
3309 3221 3679 3306 imaginum
3732 3223 4258 3302 venerationem,
4317 3221 4442 3290 hoc
4496 3231 4605 3289 est

2629 3242 3123 3386 idololatriam,q
3130 3316 3205 3372 ut
3237 3327 3361 3373 nos
3394 3307 3656 3391 quidem
3691 3309 4225 3392 interpretamur,
4263 3316 4341 3374 ut
4375 3315 4605 3375 autem

2628 3393 2890 3459 malunt
2930 3394 3152 3460 hostes
3189 3394 3419 3473 nostri,
3456 3393 3883 3461 idoloduliam
3922 3393 4395 3463 sustulerimus.

2803 3481 2868 3546 A
2942 3482 3010 3544 ιιι
3064 3488 3325 3564 praeter
3381 3487 3523 3546 tam
3566 3480 3745 3547 clara
3788 3480 4160 3581 scripturae
4202 3481 4601 3563 testimonia,

2633 3586 2876 3666 quaes
2878 3564 3121 3631 uinde
3164 3574 3546 3647 occurrunt,
3592 3569 3792 3632 etiam
3832 3568 4077 3634 veteris
4123 3566 4435 3635 ecclesiae
4462 3590 4602 3634 au-

2634 3653 2865 3718 toritas
2878 3588 3107 3717 unobis
3173 3652 3594 3753 suffragatur.
3686 3652 4025 3736 Quotquot
4090 3655 4267 3719 enim
4332 3660 4604 3721 exstant

2630 3739 2915 3822 purioris
2960 3737 3204 3804 saeculi
3248 3740 3618 3823 scriptores,
3664 3759 3803 3804 non
3848 3739 4055 3805 alium
4094 3741 4460 3841 imaginum
4482 3740 4603 3806 ab·

2629 3844 2827 3889 usum
2869 3825 3043 3889 inter
3077 3825 3360 3908 gentiles
3396 3825 3799 3904 describunt,
3845 3846 4048 3926 quam
4093 3827 4207 3910 qui
4242 3827 4314 3891 in
4348 3825 4603 3893 mundo

2628 3910 2825 3976 hodie
2862 3910 3129 3990 visitur3
3165 3931 3288 3976 nec
3320 3912 3541 3978 minus
3578 3911 3841 3995 proprie
3875 3912 3944 3976 in
3980 3919 4264 3978 aetatem
4303 3919 4603 3979 nostram

2633 4001 2781 4077 [pag.
2823 4001 2931 4077 37]
2981 4006 3397 4082 competunt,
3455 4018 3886 4082 quaecunque
3938 3996 4018 4062 ab
4074 3998 4210 4063 illis
4265 3997 4598 4079 dicuntur,

2630 4102 2832 4166 quam
2864 4084 2937 4148 in
2973 4105 3083 4149 eos
3116 4083 3311 4167 ipsos,
3351 4105 3514 4168 quos
3548 4091 3713 4150 tune
3747 4082 4339 4166 reprehendebant.
4394 4083 4599 4166 Quod

2633 4175 2856 4234 autem
2900 4169 2982 4234 de
3040 4170 3346 4250 sublatis,
3405 4177 3547 4236 tam
3602 4169 4030 4254 imaginibus,
4084 4191 4285 4254 quam
4338 4170 4597 4238 ossibus

2633 4261 2701 4321 et
2743 4254 3039 4339 reliquiis
3077 4263 3470 4335 sanctorum,
3523 4254 3713 4322 nobis
3757 4255 4007 4322 crimen
4050 4254 4436 4335 intendunt,
4493 4256 4595 4321 fa-

2634 4342 2779 4408 cilis
2837 4350 2940 4407 est
3011 4343 3369 4426 responsi0.
3459 4341 3690 4424 Neque
3754 4342 3931 4407 enim
3995 4341 4206 4426 pluris
4261 4342 4599 4409 aestimari

2634 4427 2924 4511 oportuit
2972 4427 3134 4494 haec
3177 4429 3416 4507 omnia,
3461 4446 3659 4510 quam
3702 4434 4080 4510 serpentem
4122 4449 4429 4495 aeneum:
4473 4449 4595 4494 ne-

2631 4534 2758 4597 que
2800 4533 2960 4581 vero
3002 4515 3224 4579 minor
3262 4514 3388 4579 fuit
3431 4533 3656 4592 causa,
3712 4534 3832 4579 cur
3873 4512 4036 4580 haec
4072 4522 4595 4596 removerentur,

2633 4619 2832 4684 quam
2870 4620 2990 4667 cur
3023 4600 3546 4684 confringeretur
3580 4599 3662 4665 ab
3694 4599 3983 4666 Ezechia
4022 4620 4295 4685 serpens
4328 4621 4594 4667 aeneus.

2633 4685 2910 4752 Certum
2954 4691 3083 4766 est,
3138 4684 3636 4765 idolomaniam,
3692 4685 3978 4769 qualiter
4019 4707 4199 4754 nunc
4246 4688 4362 4754 illa
4400 4688 4599 4755 asci-

2632 4779 2832 4838 natae
2877 4778 3037 4839 sunt
3079 4770 3422 4837 hominum
3470 4777 3744 4852 mentes,
3784 4792 3919 4838 non
3962 4771 4156 4838 aliter
4198 4794 4396 4856 quam
4438 4774 4599 4841 sub-

2635 4856 2838 4925 ducta
2911 4856 3288 4923 insaniendi
3350 4857 3660 4938 materia,
3738 4859 3956 4924 curari
4020 4879 4227 4944 pooee.
4315 4859 4410 4926 Et
4472 4880 4598 4927 nos

2635 4942 2785 5027 plus
2832 4944 2994 5009 satis
3038 4944 3433 5027 experimur,
3477 4943 3896 5010 verissimum
3941 4965 4084 5011 esse
4127 4944 4295 5011 illud
4327 4946 4598 5047 Augus·

2634 5030 2875 5112 t1m:¹)
2917 5029 3250 5095 neminem
3293 5049 3482 5096 orare
3522 5028 3633 5096 vel
3676 5028 3977 5110 adorare,
4023 5030 4511 5099 simulacrum
4490 5055 4599 5098 ιιι-

2628 5120 2952 5193 ιιιειιιειιι,
2998 5115 3111 5199 qui
3152 5137 3289 5181 non
3329 5116 3424 5183 sic
3466 5115 3770 5195 afficimr,
3814 5124 3892 5181 ut
3934 5115 4016 5183 ab
4063 5138 4140 5184 eo
4182 5116 4484 5185 exaudiri
4521 5140 4597 5187 se

2626 5205 2832 5285 putet.
2917 5166 3125 5283 Item,
3180 5201 3330 5287 plus
3371 5201 3592 5269 valere
3650 5201 4003 5270 simulacra
4061 5201 4149 5270 ad
4189 5204 4605 5274 curvandam

2772 5390 2833 5456 1)
2867 5390 3045 5462 Epist.
3077 5389 3165 5446 49.
3232 5390 3399 5459 Idem,
3433 5392 3489 5447 ιιι
3522 5389 3724 5447 Psalm.
3759 5389 3878 5446 113.
