4999 6179
18 59 26 120 ---

1258 1707 1857 1773 RESPONSUM
1895 1707 2268 1774 PASTOR
2283 1708 2424 1776 ΠΜ
2469 1708 2637 1774 ‘HG
2652 1707 3031 1774 URINAE
3071 1709 3623 1780 ECCLESIAE.

564 1896 1074 1954 CLARISSIMO
1123 1894 1339 1964 VIRO,
1375 1895 1454 1949 D.
1494 1893 1805 1950 IOANNI
1845 1894 2228 1968 CALVINO,

425 1983 755 2039 Geneecnsis
803 1982 1086 2048 Ecclesiae
1133 1980 1289 2048 fideli
1339 1977 1632 2046 Ministro,
1686 1980 1907 2038 domino
1976 1987 2025 2036 et
2059 1982 2188 2062 fra
2189 1985 2249 2036 ri
2296 1993 2377 2037 co·

1065 2051 1147 2103 len
1153 2049 1383 2104 dissimo
1417 2064 1536 2118 suo
1572 2047 1628 2102 S.
1667 2048 1744 2103 D.

2485 1896 3033 2047 gicmSCdffI‘SimM
3076 1903 3132 1963 et
3165 1900 3526 1981 prophetas,
3566 1901 3701 1982 fore
3743 1902 4107 1970 novissimis
4149 1909 4442 1986 tempori-

2485 1981 2715 2167 quinne
2737 1987 3053 2133 dociae?
3058 1982 3723 2153 f228i‚ugu501c⁹lregzctzsm
3742 1985 4445 2156 φξῑέοηῖἕὲζθέαέἒῗὲ

597 2161 745 2234 [pag.
787 2157 938 2232 837]
963 2155 1015 2236 ¹)
1062 2153 1364 2236 Leqimus
1415 2150 1648 2216 librum
1690 2155 1884 2231 tuum,
1935 2127 2206 2232 Calvine,
2243 2155 2381 2237 fra·
2485 2153 2690 2234 sionis
2741 2158 2925 2235 atque
2970 2154 3307 2220 miraculis
3361 2156 3680 2236 plurimos
3730 2159 4056 2238 seducant,
4121 2164 4283 2225 tum
4314 2163 4443 2246 vio-

425 2247 517 2307 ter
558 2243 628 2306 in
668 2240 946 2307 Domino
987 2237 1358 2303 venerabilis
1401 2241 1458 2302 et
1499 2238 1739 2319 dilea‘e,
1783 2258 1963 2335 quem
2004 2204 2262 2306 edidisti
2306 2242 2383 2306 dc
2486 2240 2636 2304 lenti
2678 2246 3193 2326 persequutores,
3249 2241 3360 2322 qui
3403 2242 3600 2306 minis
3642 2248 3700 2305 et
3741 2244 4116 2324 terroribus,
4174 2252 4233 2310 et
4273 2252 4443 2312 omni

423 2327 498 2392 de
534 2325 812 2392 vitandis
850 2322 1410 2407 superstitionibus.
1469 2322 1729 2390 Placuit
1774 2324 1834 2388 is
1876 2344 2020 2389 non-
2042 2325 2203 2391 mihi
2246 2327 2383 2408 qui-

424 2411 562 2478 dem
605 2411 745 2489 soli,
790 2410 900 2475 sed
926 2408 1213 2474 omnibus
1257 2408 1430 2490 apud
1469 2429 1584 2474 nos
1615 2409 1771 2491 piis,
1805 2429 1931 2474 non
1958 2415 2087 2474 tam
2118 2418 2383 2494 propter

423 2499 832 2564 eruditionem
873 2495 1272 2572 excellentem,
1315 2515 1507 2576 quam
1535 2501 1796 2576 propter
1834 2496 2160 2578 reliqionis
2193 2499 2386 2580 puri-

423 2590 635 2662 tatem,
692 2588 748 2648 et
800 2582 1203 2664 confessionis
1243 2601 1427 2646 verae
1457 2580 1627 2660 fidei
1685 2583 2100 2647 sinceritatem
2138 2584 2385 2664 fortiter

423 2674 746 2735 assertam.
833 2666 1207 2733 Laudamus
1260 2668 1561 2748 pietatem
1617 2672 1671 2732 ct
1725 2668 2136 2751 inteyritatem
2188 2674 2382 2747 tuam,

412 2773 867 2838 precamurque
899 2759 969 2817 ut
989 2773 1117 2833 pro
1146 2753 1298 2816 bono
1339 2773 1518 2834 opere
1550 2752 1863 2819 benedicat
1903 2752 2014 2818 tibi
2049 2753 2381 2821 Dominus.

426 2840 690 2905 Interim
755 2858 880 2903 non
953 2838 1321 2936 ignoramus
1382 2838 1496 2902 tibi
1558 2839 1899 2906 contradici
1965 2859 2040 2902 a
2065 2840 2382 2922 pluribus,

426 2923 848 2990 obiicientibus
910 2930 966 2989 te
1027 2925 1233 2990 solum
1285 2925 1358 2988 in
1423 2925 1542 2990 hac
1595 2945 1726 2990 esse
1779 2928 2100 2990 sententia.
2189 2926 2382 3011 Er90‚

427 3031 504 3074 ne
546 3012 827 3095 iynorent
868 3015 924 3075 et
965 3031 1080 3076 nos
1106 3010 1220 3074 illa
1263 3015 1376 3074 tua
1418 3010 1783 3093 approbare,
1828 3017 1886 3076 et
1926 3015 2123 3076 tecum
2156 3015 2384 3077 sentire

387 3107 392 3113 ’
427 3098 487 3161 si
528 3097 774 3180 quando
817 3097 1145 3164 recudetur
1188 3119 1230 3162 a
1275 3096 1656 3179 typoyrapho
1699 3097 1943 3163 libellus
1986 3102 2160 3178 tuus,
2218 3097 2383 3165 hunc

426 3188 703 3249 nostrum
753 3185 812 3249 ei
864 3185 1228 3267 coniunqere
1263 3183 1534 3265 poteris,
1590 3203 1710 3265 quo
1749 3185 1916 3250 idem
1957 3188 2153 3249 tecum
2198 3204 2386 3268 arqu—

424 3275 696 3335 mentum
751 3275 1112 3336 tractamus.
1204 3267 1594 3367 Scripsimus
1645 3290 1786 3335 eum
1842 3272 1914 3334 in
1964 3272 2241 3353 qratiam
2283 3291 2386 3336 cu-

426 3356 681 3421 iusdam
709 3356 838 3423 viri
870 3357 1103 3440 majoni,
1138 3356 1248 3437 pii
1279 3362 1333 3419 et
1376 3355 1550 3433 docti,
1595 3358 1750 3438 qui
1740 3361 2023 3421 nostrum
2075 3357 2388 3437 expetebat

425 3442 751 3508 iudicium.
855 3441 1022 3508 Vale.
1119 3441 1376 3524 Tiquri,
1434 3444 1543 3505 30.
1594 3440 1890 3523 Septemb.
1933 3440 2126 3506 Anno
2141 3379 2385 3508 Ρ1.549

1314 3578 1494 3642 Tuus
1537 3578 1623 3644 Η.
1668 3554 2095 3664 Rullinqerus.
2115 3582 2169 3687 ²)

432 3836 554 3890 ΔΝ
605 3833 922 3892 LIGEAT
973 3834 1304 3890 HOMINI
1366 3834 1880 3891 CHRISTIANO
1940 3834 2393 3891 SIMULARE'

433 3919 882 3977 ASSENSUM
940 3920 1274 3975 AEALSAE
1329 3918 1853 3989 DOCTRINAE,
1921 3921 2040 3975 ET
2088 3920 2388 3976 SUPER·

465 4004 968 4074 ..5T1T10NUM‚
1013 4006 1221 4076 QUAS
1265 4006 1564 4061 TAMEN
1597 4006 1930 4061 ANIMUS
1961 4006 2339 4062 DAMNAT.

598 4133 745 4209 [pag.
799 4134 950 4208 338]
1015 4130 1221 4211 Quum
1288 4130 1512 4195 solutio
1587 4130 2018 4208 quaestionum
2085 4131 2381 4206 omnium,

427 4235 586 4298 quae
627 4214 1038 4280 christianam
1070 4216 1420 4281 doctrinam
1464 4219 1518 4278 et
1558 4214 1747 4294 fidem
1790 4218 1846 4278 et
1877 4234 2064 4296 opera
2089 4219 2381 4295 spectant,

417 4302 685 4399 petenda
740 4302 827 4366 sit
881 4321 914 4365 e
981 4300 1317 4381 scripturis
1385 4301 1650 4376 sanctiS,
1723 4300 2001 4365 maxime
2051 4300 2123 4365 id
2174 4300 2384 4379 facere

426 4387 702 4451 convenit
744 4387 816 4451 in
858 4386 976 4451 hac
1022 4388 1391 4467 quaestione,
1436 4388 1506 4449 in
1549 4406 1679 4467 qua
1720 4385 1814 4451 vel
1855 4406 2084 4470 urqens
2125 4387 2385 4452 necessi-

426 4478 559 4552 tas,
601 4472 698 4538 vel
738 4471 1175 4537 misericordia
1202 4479 1614 4553 praepostera
1659 4473 1730 4536 in
1774 4471 2054 4553 afflictos,
2088 4492 2384 4557 maynam

415 4556 722 4641 praebent
760 4559 1133 4623 occasionem
1189 4558 1578 4641 excoqitandi
1646 4564 1757 4624 aut
1814 4557 2204 4641 approbandi
2259 4579 2384 4623 non

2481 2317 3205 2572 Ξῗξῖῑῗίΰέἒῗῖἶῗξῖ.
3233 2325 3735 2492 §amm
3756 2291 4446 2498 ἧᾜθξέῗέῗέἕῧὲῗὲἰ

2665 2578 3016 2661 Caeterum,
3083 2588 3154 2646 ut
3204 2581 3385 2647 Deus
3456 2585 3525 2646 in
3579 2585 3918 2665 scripturis
3981 2580 4216 2652 sanctis
4257 2603 4450 2669 prae-

2486 2666 2656 2733 dixit
2725 2667 2976 2749 foedam
3033 2666 3320 2734 ccclesiae
3384 2669 3923 2769 deformationem,
4002 2673 4218 2738 multis
4299 2678 4449 2753 [pag.

2487 2756 2646 2831 339]
2703 2774 2746 2817 a
2789 2751 3090 2836 reliyione
3142 2776 3292 2819 vera
3347 2749 3848 2836 desciscentibuS,
3904 2758 3999 2822 ita
4049 2758 4240 2824 etiam
4282 2778 4449 2824 mon-

2486 2840 2713 2906 stravit
2744 2837 3111 2921 praefioeum
3151 2860 3281 2905 esse
3316 2839 3506 2919 finem
3534 2846 3840 2906 extremae
3873 2842 4285 2925 infelicitatis,
4326 2864 4451 2909 non

2486 2925 2669 2990 modo
2713 2924 3165 3006 seductoribus,
3219 2928 3334 3008 qui
3365 2928 3611 3008 partim
3662 2932 3809 2991 astu
3850 2931 4110 3009 capiunt
4151 2929 4445 3010 homines,

2473 3011 2724 3092 partim
2807 3010 3149 3112 irroqando
3230 3013 3406 3078 mala
3474 3014 3886 3094 temporaria,
3966 3015 4060 3079 vel
4127 3016 4446 3099 eripiendo

2486 3095 2663 3177 bona,
2694 3097 3077 3178 pertrahunt
3115 3099 3189 3163 in
3220 3098 3548 3181 reliyionis
3586 3098 3859 3197 formam
3880 3108 4276 3184 puqnantem
4309 3122 4449 3168 cum

2486 3182 2729 3248 divinis
2761 3182 3059 3263 placitis:
3113 3183 3223 3249 sat
3265 3185 3453 3248 etiam
3495 3183 3612 3261 iis,
3671 3184 3784 3265 qui
3827 3190 4076 3251 autores
4115 3188 4273 3253 istos
4304 3209 4450 3269 per-

2487 3288 2698 3334 versos
2754 3272 3099 3347 sectantur,
3166 3274 3223 3333 et
3276 3289 3401 3333 non
3443 3269 3668 3349 potius
3727 3266 4048 3335 Christum
4090 3274 4447 3354 principem

2487 3356 2602 3436 qui
2645 3355 2826 3421 salus
2867 3359 2974 3433 est,
3019 3354 3148 3434 lux,
3191 3357 3318 3432 via,
3363 3356 3597 3420 veritas
3628 3360 3696 3418 et
3734 3356 3882 3421 vita.

2670 3436 2841 3524 Quae
2883 3405 3148 3523 Quidem
3176 3440 3500 3507 Dominus
3541 3438 3748 3520 Deus,
3792 3443 3901 3523 qui
3945 3443 4111 3509 docet
4153 3464 4228 3509 ac
4258 3465 4449 3526 prae-

2489 3527 2643 3610 cipit
2697 3527 3010 3592 duntaxat
3064 3525 3283 3609 utilia,
3356 3547 3476 3591 non
3529 3526 3667 3590 sine
3718 3546 3913 3593 causa
3981 3530 4156 3593 toties
4209 3533 4265 3593 et
4318 3526 4473 3594 tam'

2490 3613 2817 3696 diliqenter
2858 3613 3123 3696 inqessit
3141 3630 3261 3695 per
3298 3612 3549 3679 divinos
3591 3611 3883 3693 homines,
3927 3634 4146 3685 verum
4176 3616 4447 3681 maximi

2491 3700 2639 3763 boni
2680 3720 2892 3779 causa,
2936 3699 3103 3781 quod
3125 3700 3213 3765 ad
3246 3698 4225 3782 homines·universospertineat.·
4260 3703 4449 3767 nimi-

2490 3805 2638 3850 rum
2692 3791 2765 3850 ut
2817 3785 3124 3851 admoniti
3176 3784 3481 3865 homines,
3540 3790 3798 3850 caveant
3827 3786 4121 3867 pericula
4177 3794 4235 3852 et
4274 3788 4448 3854 mala

2492 3871 2910 3949 imminentia,
2977 3876 3034 3935 et
3094 3871 3395 3938 iudicare.
3421 3870 3702 3951 possint,
3771 3875 3825 3934 ct
3878 3871 4322 3954 confirmentur
4378 3875 4447 3939 in

2487 3956 2785 4037 religione
2825 3956 3138 4022 divinitus
3181 3957 3451 4022 tradita.-
3507 3960 3619 4021 aut
3672 3956 3733 4019 si
3778 3958 3924 4038 quis
3978 3958 4116 4022 dolo
4161 3960 4449 4041 imposto-

2487 4062 2661 4121 rum,
2719 4046 2775 4107 et
2814 4041 3108 4109 violentia
3141 4041 3651 4123 persequutionis
3688 4041 3887 4122 fuerit
3928 4042 4444 4126 praeoccupatus,

2485 4133 2795 4195 revocetur
2834 4128 2905 4191 in
2944 4128 3118 4191 viam
3160 4126 3404 4194 salutis.

2667 4212 2875 4278 Simul
2931 4213 3094 4277 enim
3138 4212 3301 4278 docet
3342 4232 3457 4279 nos
3496 4211 3817 4279 Dominus
3870 4233 3944 4278 ac
3985 4213 4174 4283 Deus
4228 4222 4448 4296 noster,

2488 4299 2718 4383 quibus
2771 4298 2973 4363 modis
3030 4317 3105 4362 ac
3159 4298 3511 4363 rationibus
3557 4299 3809 4379 possint
3860 4319 3934 4364 ac
3975 4300 4236 4366 debeant
4274 4307 4449 4367 tanta

2485 4386 2661 4450 mala
2706 4390 2763 4448 et
2798 4383 3095 4483 pericula
3138 4383 3397 4449 ultimae
3437 4386 3818 4465 tempestatis
3859 4386 4084 4450 mundi
4123 4388 4449 4469 superari:

2487 4491 2737 4554 quaque
2773 4472 2881 4535 via
2924 4468 3202 4535 homines
3248 4490 3324 4534 ex
3360 4470 3645 4535 omnibus
3678 4471 3998 4551 procellis,
4045 4474 4454 4553 quantumvis

2483 4559 2694 4624 saevis
2752 4562 2807 4620 et
2858 4555 3274 4639 naufrayium
3328 4555 3859 4637 machinantibus,
3916 4558 4093 4624 modo
4138 4580 4267 4625 sese
4309 4580 4450 4626 con-

415 4663 661 4725 pauca,
728 4664 888 4740 quae
942 4647 1297 4726 repuqnant
1366 4645 1606 4709 divinis
1663 4645 1996 4722 institutis,
2071 4648 2125 4708 et
2178 4649 2380 4709 tamen
2487 4640 2724 4709 tineant
2774 4642 2945 4708 intra
2997 4642 3213 4706 navim
3279 4642 3567 4715 ecclesiae
3634 4643 3998 4723 catholicae,
4064 4645 4136 4709 in
4163 4651 4449 4726 portum

427 4729 543 4794 sub
584 4730 786 4809 specie
827 4734 968 4791 tum
988 4728 1399 4808 prudentiae,
1454 4734 1587 4793 tum
1630 4730 1938 4809 iustitiae,·
1976 4734 2109 4794 tum
2150 4731 2385 4839 modes·
2488 4730 2898 4812 sempiternae
2938 4729 3279 4794 beatitatis·
3299 4727 3649 4795 evehantwr.

409 4806 569 4893 tiae,
614 4820 749 4879 tum
780 4814 1059 4895 pietatis.

2661 4819 2809 4893 [pag.
2850 4817 3000 4891 340]
3053 4812 3378 4897 Praecipit
3429 4833 3727 4895 namque,
3782 4835 3859 4879 ne
3911 4815 4190 4881 homines
4232 4817 4449 4899 supini

604 4898 1032 4971 Praemonnit·
1053 4902 1257 4993 autem
1289 4899 1472 4965 Deus
1513 4900 1587 4965 in
1629 4902 1963 4983 scripturis
1996 4903 2231 4967 sanctis
2264 4922 2387 4985 per
2489 4905 2751 4967 stertant
2792 4919 2867 4964 ac
2908 4898 3223 4998 neyliqant
3261 4901 3527 4965 salutem
3569 4920 3786 4965 suam.-
3822 4921 4041 4966 verum
4085 4901 4308 4966 levatis
4351 4922 4451 4967 ca-

571 5138 627 5202 1)
667 5136 759 5191 Dc
791 5139 891 5191 hoc
923 5155 1154 5193 numero
1189 5145 1242 5193 ct
1275 5139 1622 5221 sequentibus
1657 5140 1785 5194 vide
1887 5140 1969 5194 ole
2004 5158 2210 5197 onena.

566 5205 627 5270 2)
675 5205 1070 5275 Typoqraphus
1104 5207 1194 5262 hic
1224 5208 1515 5263 subiunxit
1549 5205 1771 5274 (1550):
1998 5211 2129 5276 .10,
2205 5210 2388 5271 Omiu's

432 5276 524 5344 qui
558 5274 904 5330 confitebitur
936 5291 1023 5330 me
1059 5291 1243 5330 coram
1277 5277 1636 5345 hominibus,.-
1659 5276 1962 5334 confitebor
1995 5287 2053 5343 et
2099 5295 2202 5349 ego
2238 5280 2390 5337 inum

433 5360 614 5398 coram
649 5344 811 5398 Patre
846 5359 968 5398 meo
1006 5346 1096 5412 qui
1129 5346 1184 5399 in
1219 5344 1387 5400 coelis
1424 5352 1526 5403 est.

640 5430 1061 5500 Gabiniam«.
1144 5428 1263 5486 Vol.
1316 5429 1444 5485 Vr.

2478 4987 2755 5071 pitibus‚
2823 4978 3333 5067 circumspiciant
3385 4985 3687 5071 pericula
3756 4987 4042 5063 maxima
4098 4985 4169 5051 in
4225 4986 4453 5069 quibus

2488 5077 2842 5141 versantur.
2922 5069 3271 5152 Praecipit
3277 5056 3634 5143 diiudicare
3669 5072 3960 5154 spiritus,
4003 5092 4157 5137 num
4178 5093 4277 5141 ecc
4313 5071 4450 5138 Deo
4532 5099 4549 5115 ·
4634 5082 4645 5093 '

2489 5161 2652 5227 sint:
2725 5177 2807 5222 an
2872 5155 3223 5235 Christum,
3290 5177 3371 5221 an
3418 5157 3638 5237 potius
3696 5157 4136 5224 antichristum
4193 5159 4452 5258 spirent.

2509 5246 2687 5312 Vetat
2727 5243 3103 5309 consortium
3144 5241 3511 5323 infidelium,
3557 5262 3634 5307 ne
3673 5238 3925 5326 frustra
3965 5245 4327 5309 moliantur
4341 5246 4489 5344 pii.

2493 5324 2713 5399 ducere
2754 5329 2975 5413 iuqum
3030 5348 3171 5396 cum
3216 5329 3468 5409 impiis,
3512 5333 3639 5393 aut
3694 5328 3888 5396 lucem
3944 5329 4208 5396 tenebris
4249 5330 4451 5409 unire,

3956 5430 4029 5485 41
