4999 6179
633 426 759 487 279

629 608 943 688 siasticos,
992 612 1263 690 excepto
1305 603 1704 689 Augustino,
1744 604 1839 671 ita
1882 602 2203 686 ambigue,
2254 606 2369 667 aut
2402 602 2586 667 varie

627 695 701 759 in
744 695 871 760 1130
914 713 986 757 10
1029 692 1334 775 10000100
1378 689 1677 770 dixerim,
1724 697 1799 755 ut
1841 685 2463 786 eertum-quidpiam
2503 708 2588 753 ex

630 802 856 846 eorum
902 778 1164 862 scriptis
1204 776 1435 843 haberi
1478 783 1775 859 nequeat.
1845 773 1980 841 Sed
2024 794 2237 858 primo
2283 794 2451 856 quae
2485 772 2617 839 vis>

630 874 699 930 et
763 865 944 931 notio
1009 865 1096 931 sit
1149 862 1453 929 vocabuli
1518 861 1762 927 definit.
1851 859 2222 926 Arbitrium
2289 865 2404 924 aut
2467 879 2588 942 pro

630 952 975 1030 electione,
1029 957 1145 1015 aut
1199 947 1692 1015 convenientius
1744 968 1865 1031 pro
1908 946 2247 1014 voluntate
2289 945 2437 1029 ipsa
2480 966 2588 1011 ac-

629 1038 759 1122 cipi
802 1036 976 1103 vult:
1023 1034 1304 1101 liberum
1348 1040 1568 1099 autem
1612 1033 1835 1100 vocari
1875 1034 2375 1116 interpretatur,
2418 1030 2592 1114 quod

630 1124 736 1189 sui
768 1123 935 1188 iuris
972 1128 1088 1201 est,
1127 1127 1245 1185 aut
1278 1121 1377 1185 sui
1414 1120 1623 1209 ipsius
1659 1118 1860 1185 habet
1895 1124 2313 1204 potestatem:
2352 1137 2592 1200 nempe

627 1209 726 1274 ita
767 1207 1048 1273 faciendi
1090 1205 1406 1290 quidquid
1451 1205 1622 1284 facit,
1668 1212 1747 1269 ut
1788 1226 1922 1270 non
1967 1204 2332 1270 necessario
2374 1202 2591 1282 faciat,

629 1293 746 1361 sed
786 1294 993 1378 possit
1043 1313 1179 1358 non
1234 1293 1462 1357 faeere.
1548 1291 1696 1376 Ego
1738 1311 1897 1358 vero
1913 1342 1929 1370 ,
1989 1299 2308 1374 quantum
2348 1288 2432 1352 ad
2474 1309 2592 1355 vo-

629 1400 771 1445 cem
813 1379 1118 1462 pertinet,
1166 1375 1380 1443 adhuc
1423 1377 1749 1460 profiteor,
1796 1373 1969 1460 quod
2012 1376 2084 1439 in
2128 1395 2278 1440 11103
2308 1374 2592 1439 Institu-

628 1466 806 1531 tione
842 1470 1123 1530 testatus
1158 1484 1323 1540 sum,
1368 1484 1501 1527 non
1539 1462 1699 1528 adeo
1744 1483 1851 1528 me
1886 1460 2415 1545 superstitiosum
2451 1480 2594 1525 0000

625 1550 700 1615 111
743 1551 979 1629 verbis,
1026 1556 1102 1614 ut
1136 1549 1277 1613 eius
1321 1569 1519 1614 causa
1551 1548 1749 1614 velim
1786 1547 2272 1613 contentionem
2306 1544 2592 1629 aliquam

624 1657 923 1702 movere:
993 1632 1185 1699 modo
1253 1635 1348 1699 rei
1422 1633 1862 1718 intelligentia
1914 1653 2078 1697 sana
2142 1638 2424 1696 maneat.
2516 1628 2593 1696 81

628 1721 947 1787 0030110111
989 1720 1342 1804 opponitur
1379 1718 1668 1799 libertae,
1710 1718 1996 1785 liberum
2038 1736 2181 1782 esse
2226 1715 2592 1796 arbitrium,

628 1816 696 1873 et
737 1807 980 1886 fateor,
1045 1814 1111 1871 et
1154 1811 1533 1871 const-anter
1574 1824 1902 1870 assevero:
1961 1822 2037 1868 30
2090 1823 2210 1885 pro
2262 1802 2593 1867 haeretico

630 1892 874 1973 babeo,
900 1892 1193 1975 quisquis
1226 1912 1417 1957 secus
1448 1891 1707 1956 sentiat.
1779 1888 1855 1955 81
1892 1889 2033 1967 hoc,
2068 1889 2358 1970 inquam,
2395 1908 2597 1953 001100

627 1978 909 2044 1111010111
966 1984 1269 2056 vocetur,
1337 1977 1490 2058 quia
1539 1997 1673 2041 non
1731 1980 2033 2058 cogatur,
2100 1982 2217 2039 aut
2266 1973 2596 2039 violenter

629 2064 941 2129 trahatur
983 2070 1253 2127 externo
1295 2068 1475 2127 motu
1490 2113 1506 2140 ,
1564 2059 1681 2126 sed
1724 2067 1962 2146 sponte
2008 2068 2245 2144 agatur
2289 2078 2436 2138 sua,
2490 2060 2593 2123 111-

627 2148 725 2214 hil
776 2170 1012 2213 moror.
1117 2146 1253 2213 8011
1307 2168 1508 2230 quum
1565 2146 1744 2211 aliud
1795 2166 2067 2229 prorsus
2124 2144 2322 2229 vulgo
2379 2146 2595 2211 conci-

673 2235 839 2315 iant,
897 2233 1055 2299 dum
1114 2232 1236 2298 hoc
1289 2232 1626 2316 epitheton
1680 2232 1968 2297 hominis
2019 2230 2351 2296 voluntati
2405 2231 2593 2296 attri-

627 2256 861 2385 butum
916 2320 1022 2385 vel
1091 2318 1372 2384 audiunt
1414 2318 1521 2385 vel
1565 2318 1826 2402 legunt,
1884 2317 2049 2381 haec
2091 2335 2288 2382 eausa
2331 2323 2434 2381 est
2476 2336 2596 2381 cur

626 2404 792 2471 mihi
835 2405 1191 2490 displiceat.
1282 2402 1358 2470 Si
1418 2403 1684 2487 quidem
1737 2401 1820 2467 ad
1876 2402 2251 2469 facultatem
2300 2408 2446 2481 [pag.
2483 2406 2593 2481 65]

1929 409 2461 485 RESPONSIO
2509 406 2884 477 CONTRA
2927 409 3345 479 PIGHIUM

4525 408 4650 471 280

2693 621 2836 666 cem
2862 599 2912 684 ¹)
2956 606 3296 683 usurpent.
3387 601 3488 665 Ae
3531 620 3615 666 ne
3659 598 3743 666 ad
3791 598 4129 683 populum·
4150 594 4420 679 quidem
4461 615 4655 660 usur-

2690 705 2851 769 pare
2893 684 3207 770 prohibeo
3224 737 3241 765 ,
3300 684 3356 750 si
3400 706 3508 752 res
3550 687 3809 771 signata
3848 684 4037 757 beno
4061 682 4440 766 explicetur.
4518 679 4657 745 Ve-

2692 792 2846 837 rum
2904 771 3016 837 ubi
3066 772 3193 837 1100
3248 773 3588 856 impetrari
3631 772 3889 855 nequit,
3931 771 4211 835 lectores
4251 768 4359 833 hic
4402 786 4655 847 monce,

2692 865 2769 923 ut
2823 857 2907 922 ad
2961 878 3104 922 rem
3160 859 3373 942 magis
3429 878 3628 942 quam
3684 857 3767 923 ad
3819 877 4063 922 nomen
4105 851 4656 921 animadvertant.

2695 941 2833 1010 Sed
2875 945 3185 1028 quoniam
3244 951 3459 1010 astute
3509 943 3795 1028 Pighius
3839 962 3992 1007 cum
4044 940 4433 1008 necessitate
4477 958 4660 1006 coae-

2695 1030 2944 1096 tionem
2985 1035 3133 1110 [pag.
3174 1034 3281 1109 66]
3325 1035 3642 1113 perpetuo
3687 1027 4058 1107 confundit,
4103 1047 4386 1112 quarum
4430 1024 4659 1091 discri-

2693 1136 2848 1181 men
2902 1124 3126 1182 tenere
3180 1124 3249 1180 et
3303 1115 3653 1201 diligenter
3694 1114 4103 1194 meminisse,
4161 1111 4520 1196 plurimum
4577 1110 4663 1176 ad

2695 1203 3095 1285 propositam
3148 1203 3595 1284 quaestionem
3646 1202 3876 1281 refert,
3948 1200 4112 1267 haec
4166 1204 4447 1282 quatuor
4503 1196 4660 1280 quid

2694 1287 2874 1352 inter
2924 1309 2994 1353 se
3053 1285 3390 1367 differant,
3452 1288 3799 1354 observare
3856 1286 4191 1353 convenit:
4249 1284 4661 1350 voluntatem

2698 1379 2815 1437 aut
2854 1373 3133 1439 liberam
3176 1395 3336 1453 esse,
3385 1381 3499 1439 aut
3542 1393 3831 1452 servam,
3876 1378 3993 1438 aut
4035 1377 4466 1455 spontaneam
4481 1423 4498 1450 ,
4545 1375 4663 1435 aut

2697 1464 3006 1525 coactam.
3096 1459 3411 1525 Liberam
3456 1459 3866 1526 voluntatem
3900 1458 4105 1542 vulgo
4146 1455 4549 1542 intelligunt,
4596 1461 4665 1521 et

2697 1544 2791 1609 sic
2828 1544 3108 1628 Pighius
3152 1565 3409 1628 quoque
3454 1544 3712 1625 definit,
3759 1565 3925 1629 quae
3969 1544 4214 1610 bonum
4253 1549 4369 1609 aut
4410 1541 4660 1607 111310111

2698 1629 2942 1713 eligere
2998 1629 3241 1695 habeat
3303 1632 3375 1696 in
3443 1652 3564 1697 sua
3616 1637 3954 1714 potestate.
4058 1628 4303 1695 Coacta
4357 1627 4661 1695 voluntas

2698 1715 2884 1780 nulla
2947 1736 3090 1781 esse
3146 1722 3375 1798 potest,
3457 1737 3659 1801 quum
3726 1717 4014 1782 alterum
4056 1714 4251 1782 alteri
4313 1719 4656 1798 repugnet.

2696 1800 2952 1865 Verum
2988 1800 3261 1866 docendi
3304 1822 3519 1882 causa,
3565 1801 3726 1886 00111
3763 1802 4104 1887 significet,
4148 1798 4499 1867 dicendum
4543 1816 4662 1879 est,

2698 1902 2774 1951 ut
2813 1886 3247 1977 intelligatur·
3278 1887 3437 1972 quid
3491 1888 3578 1955 sit
3630 1889 3893 1956 coactio.
3994 1888 4165 1953 Eam
4209 1907 4364 1971 ergo
4408 1887 4501 1952 sic
4543 1906 4660 1951 vo-

2698 1993 2952 2054 camus,
3007 1994 3174 2057 quae
3230 1996 3360 2039 non
3404 1981 3635 2058 sponte
3679 1996 3831 2055 sua,
3878 1995 4000 2040 nec
4043 1973 4357 2039 interiore
4400 1971 4699 2057 electio-x

2698 2060 2804 2123 nis
2845 2067 3048 2139 motu,
3088 2060 3451 2126 ‘inclinatur
3484 2061 3616 2128 1100
3650 2061 3757 2128 vel
3791 2059 3967 2139 illuc,
4016 2058 4131 2126 sed
4165 2064 4441 2125 externo
4476 2063 4663 2123 motu

2697 2143 3028 2211 violenter
3081 2146 3309 2211 fertur.
3401 2144 3852 2230 Spontaneam
3895 2144 4205 2225 dicimus,
4264 2165 4431 2229 quae
4483 2144 4662 2210 ultro

2699 2251 2770 2295 se
2823 2231 3056 2311 flectit,
3113 2252 3500 2317 quocunque
3558 2232 3848 2311 ducitur,
3921 2253 4056 2298 non
4111 2238 4331 2297 autem
4386 2231 4659 2314 rapitur,

2699 2324 2818 2380 aut
2859 2317 3150 2382 trahitur
3201 2318 3428 2384 invita.
3533 2315 3746 2386 Serva
3796 2326 4124 2401 postremo
4176 2317 4487 2383 voluntas
4540 2322 4661 2397 est,

2684 2412 2870 2487 {quae
2927 2410 3195 2486 propter
3250 2404 3736 2489 corruptionem
3789 2404 3909 2470 sub
3964 2403 4293 2470 malarum
4337 2401 4661 2486 cupidita-

624 2491 930 2575 viresque
988 2492 1311 2570 referunt,
1367 2511 1490 2554 nec
1539 2488 1858 2571 impedire
1901 2487 2139 2571 possis,
2194 2488 2353 2571 quin
2397 2486 2596 2552 simul
2680 2494 2845 2571 ⁸tum
2886 2488 3163 2572 imperio
3203 2490 3466 2572 captiva
3502 2497 3798 2570 tenetur,
3844 2496 3922 2556 ut
3960 2489 4128 2554 nihil
4172 2510 4371 2574 quam
4411 2489 4663 2555 malum

629 2598 705 2644 ac
748 2577 957 2643 libera
1020 2577 1222 2641 fuerit
1261 2575 1575 2642 voluntas
1622 2573 1822 2653 dieta,
1878 2575 2041 2639 haec
2131 2572 2385 2640 iuribus
2425 2574 2593 2639 ima-

628 2663 879 2747 ginatio
934 2661 1235 2745 protinus
1288 2661 1357 2725 in
1424 2666 1716 2725 mentem
1768 2660 2026 2725 veniat:
2145 2660 2338 2726 abere
2389 2659 2595 2743 igitur

629 2749 750 2814 0011
808 2752 1130 2830 potestate
1186 2767 1306 2811 sua
1348 2747 1594 2811 bonum
1638 2752 1705 2811 et
1739 2745 2023 2824 malum,
2079 2752 2156 2809 ut
2200 2744 2595 2810 alterutrum

627 2832 873 2917 eligere
916 2839 1146 2915 suapte
1190 2832 1437 2898 virtute
1492 2838 1705 2914 queat.
1794 2831 1860 2896 N
1861 2851 1947 2896 on
1989 2832 2195 2914 igitur
2236 2831 2434 2897 011100
2476 2851 2595 2896 vo-

628 2918 818 2985 culae
860 2939 1061 2985 eausa
1102 2918 1348 2983 frustra
1389 2917 1604 3002 litigo:
1667 2916 1784 2982 sed
1828 2936 2094 2983 causam
2137 2915 2301 2981 mihi
2344 2917 2594 2982 iustam

625 3002 870 3070 habere
917 3004 1175 3083 videor,
1236 3024 1354 3069 eur
1396 3003 1699 3069 voculam
1743 3010 1964 3087 optem
2005 3002 2330 3068 sublatam
2376 3024 2412 3067 0
2457 3024 2592 3068 1110-

627 3089 764 3171 1110,
831 3089 915 3155 311
958 3111 1152 3174 003111
1211 3091 1421 3156 maior
1473 3111 1674 3174 prope
1719 3088 1948 3155 mundi
1989 3110 2142 3173 pars
2187 3095 2373 3154 tanto
2417 3089 2594 3173 peri-

627 3175 771 3242 culo
813 3176 1137 3276 impingit.
1228 3175 1632 3259 Quanquam
1686 3197 1770 3241 ne
1830 3197 1979 3242 cum
2033 3176 2395 3258 scripturae
2447 3177 2594 3259 qui-

625 3262 779 3327 dem
817 3283 944 3328 usu
987 3260 1251 3329 videtur
1294 3262 1649 3327 admodum
1690 3261 1856 3328 bene
1898 3263 2265 3328 convenire.
2355 3262 2592 3328 Liber-

624 3355 728 3412 tas
772 3347 948 3413 enim
990 3355 1057 3412 et
1098 3348 1382 3414 servitus
1423 3349 1602 3412 inter
1645 3368 1716 3413 se
1764 3354 2093 3431 pugnant:
2153 3356 2230 3412 ut
2271 3348 2385 3431 qui
2428 3348 2593 3413 alte-

625 3455 775 3498 rum
833 3431 1106 3513 dixerit,
1161 3432 1444 3499 alterum
1486 3439 1702 3518 neget.
1791 3432 2110 3511 Proinde,
2156 3433 2214 3498 si
2257 3453 2450 3499 serva
2492 3440 2594 3499 est

624 3517 913 3583 hominis
957 3518 1291 3599 voluntas,
1336 3519 1546 3584 libera
1587 3518 1813 3598 simul,
1861 3518 1988 3583 nisi
2032 3518 2417 3602 improprie,
2463 3517 2591 3585 dici

622 3626 760 3670 non
815 3610 1043 3686 potest.
1133 3605 1329 3669 Nune
1373 3603 1751 3683 audiamus,
1809 3601 1966 3686 quid
2009 3603 2278 3686 spiritus
2323 3611 2590 3670 sanetus

623 3691 1034 3774 pronunciet.
1136 3689 1508 3755 Contentus
1558 3696 1781 3754 autem
1845 3709 1956 3754 ero
2013 3709 2147 3753 uno
2206 3689 2377 3754 loco:
2437 3691 2591 3771 quia

623 3797 759 3841 non
818 3774 897 3842 de
951 3798 1024 3841 re
1084 3775 1260 3859 ipsa,
1319 3774 1432 3840 sed
1490 3774 1570 3838 110
1626 3773 1762 3839 0010
1818 3773 2083 3838 nomine
2128 3775 2422 3857 quaestio
2467 3782 2585 3840 est.

624 3860 850 3942 Quum
887 3869 1270 3928 sanctorum
1306 3859 1741 3926 conditionem
1778 3857 2091 3925 describit
2126 3858 2395 3939 Paulus,
2433 3881 2587 3925 eon-

622 3946 858 4031 stringi
913 3948 1205 4031 captivos
1257 3946 1380 4012 sub
1437 3945 1683 4029 peccati
1748 3943 2030 4012 vinculis
2084 3950 2392 4023 testatur,
2462 3966 2590 4029 qua

621 4040 811 4118 parte
852 4032 1145 4099 nondum
1192 4053 1313 4117 per
1346 4032 1653 4115 spiritum
1692 4029 1822 4097 Dei
1864 4036 2024 4097 sunt
2054 4030 2314 4097 liberati
2360 4031 2583 4115 (Rom.

626 4124 684 4196 7,
724 4117 856 4202 23).
946 4118 1036 4182 Et
1081 4140 1282 4201 quum
1327 4116 1409 4183 de
1451 4117 1740 4183 hominis
1783 4123 2024 4182 natura
2066 4115 2382 4200 loquitur,
2430 4115 2588 4183 dicit

622 4223 776 4268 eum
821 4202 1164 4269 venditum
1220 4225 1363 4270 esse
1420 4203 1543 4270 sub
1595 4211 1860 4287 peccato
1922 4202 2141 4287 (Rom.
2189 4207 2246 4282 7,
2291 4203 2414 4285 14).
2508 4202 2587 4271 81

621 4288 799 4355 servi
841 4295 1000 4353 sunt
1056 4309 1140 4353 ex
1183 4310 1261 4354 03
1303 4297 1493 4372 parte
1536 4290 1775 4366 sancti,
1834 4309 1963 4371 qua
2006 4287 2128 4354 01111
2176 4295 2586 4373 naturaeque

620 4395 779 4440 suae
831 4371 1047 4440 adhue
1086 4373 1568 4458 relinquuntur,
1625 4373 1782 4458 quid
1827 4373 1907 4438 de
1950 4373 2321 4440 hominibus
2366 4374 2585 4442 dicen-

620 4459 780 4526 dum
831 4460 985 4541 erit,
1035 4460 1105 4525 in
1160 4459 1393 4543 quibus
1445 4460 1585 4526 sola
1639 4461 1828 4545 viget
1881 4481 1957 4526 ac
2009 4481 2082 4525 re
2179 4466 2247 4526 at
2297 4462 2580 4527 natura?

619 4544 700 4613 81
754 4553 902 4629 post
944 4546 1511 4646 regenerationem
1570 4566 1703 4610 non
1757 4547 1885 4611 nisi
1929 4543 2086 4612 dimi
2133 4547 2200 4612 ia
2242 4554 2342 4612 est
2382 4546 2581 4614 liber-

616 4637 749 4711 tas,
811 4630 967 4716 quid
1024 4655 1093 4697 111
1148 4632 1363 4714 prima
1415 4631 1630 4696 carnis
1684 4632 2132 4717 generatione,
2187 4634 2314 4699 nisi
2382 4633 2581 4716 plena

618 4717 943 4783 servitus?
1026 4715 1223 4799 Quod
1262 4718 1461 4782 etiam
1502 4718 1717 4800 ipsum
1763 4726 1958 4784 antea
2001 4717 2260 4786 dixerat
2299 4720 2573 4787 Paulus.

617 4801 784 4886 Agit
824 4803 1003 4867 enim
1045 4811 1233 4869 sexto
1276 4804 1489 4887 eapite
1524 4803 1770 4888 gratias
1812 4805 1974 4884 De0,
2021 4805 2193 4889 quod
2238 4828 2278 4871 a
2310 4816 2576 4890 peceato

616 4887 878 4953 liberati
934 4888 1181 4954 fuerint
1223 4890 1537 4969 Romani,
1584 4890 1690 4956 0111
1733 4899 1886 4957 31110
1929 4893 2306 4958 serviebant
2351 4892 2570 4977 (Rom.

618 4978 678 5053 6,
723 4977 799 5037 17
805 4973 882 5072 ).·
938 4973 1282 5052 Videmus,
1326 4982 1403 5039 ut
1445 4983 1598 5041 ante
1643 4978 2209 5075 regenerationem
2251 4998 2386 5043 non
2430 4998 2574 5043 ear-

615 5060 721 5126 nis
764 5057 1099 5142 rehquias,
1156 5058 1274 5125 0011
1312 5066 1528 5126 totum
1571 5062 1903 5129 hominem
1943 5063 2204 5130 addicat
2245 5062 2570 5130 servituti.

617 5143 753 5225 901
807 5162 965 5229 ergo
1026 5144 1304 5211 liberum
1360 5149 1593 5213 asserit
1646 5149 2019 5229 arbitrium,
2079 5151 2205 5215 alio
2257 5148 2572 5213 idiomate

614 5251 816 5314 quam
856 5252 889 5296 s
936 5230 1132 5297 iritus
1173 5239 1436 5299 sanctus
1487 5235 1714 5301 utitur.
1802 5237 1896 5301 Et
1937 5243 2160 5301 tamen
2203 5235 2380 5300 inter
2419 5233 2571 5301 doc·

613 5323 719 5384 tos
758 5316 816 5383 si
903 5338 940 5383 e
982 5317 1456 5401 significatione
1498 5323 1865 5402 conveniat,
1907 5323 2125 5406 patior
2158 5327 2236 5386 ut
2270 5342 2416 5388 eam
2450 5342 2569 5387 vo·

2662 2572 2943 2659 {2eligere
2995 2575 3230 2657 possit,
3288 2576 3485 2640 etiam
3544 2577 3599 2641 si
3654 2575 3720 2641 id
3775 2582 4007 2660 sponte
4050 2584 4119 2642 et
4159 2576 4469 2655 libenter,
4528 2595 4663 2639 non

2660 2654 2971 2739 {iexterno
3026 2666 3210 2725 motu
3272 2661 3586 2745 impulsa,
3642 2662 3854 2728 faciat.
3944 2661 4325 2728 Secundum
4381 2661 4504 2726 has
4550 2659 4662 2726 de-

2686 2745 3028 2811 'finitiones
3070 2746 3323 2811 homini
3363 2747 3710 2814 arbitrium
3754 2746 4185 2827 concedimus,
4228 2747 4423 2830 idque
4463 2768 4662 2831 spon-

2697 2836 2996 2911 taneum,
3054 2840 3159 2912 ut,
3215 2834 3274 2897 si
3316 2833 3470 2917 quid
3512 2833 3671 2899 mali
3714 2835 3899 2914 facit,
3954 2834 4079 2900 sibi
4124 2854 4201 2900 ao
4244 2833 4662 2899 voluntariae

2699 2938 2858 2982 suae
2902 2917 3202 2984 electioni
3245 2920 3569 3002 imputare
3613 2919 3860 2986 debeat.
3951 2918 4370 2985 Coactionem
4414 2925 4483 2983 et
4514 2919 4660 2984 vio-

2695 3001 2971 3068 lentiam
3013 3004 3330 3084 tollimus,
3388 3006 3539 3089 quia
3580 3011 3831 3092 pugnet
3871 3026 4025 3072 cum
4068 3011 4311 3070 natura
4353 3005 4660 3072 volunta-

2697 3089 2801 3168 tis,
2847 3111 2968 3157 nec
3012 3091 3207 3157 simul
3263 3092 3591 3178 consistat.
3692 3093 4011 3159 Liberum
4045 3099 4276 3177 ‚autem
4319 3113 4658 3176 negamus,

2697 3176 2850 3258 quia
2905 3187 3174 3260 propter
3226 3178 3591 3263 ingenitam
3642 3178 3895 3243 homini
3940 3179 4336 3260 pravitatem
4390 3176 4473 3243 ad
4517 3198 4659 3243 ma-

2694 3261 2834 3327 lum
2888 3266 3254 3328 necessario
3308 3265 3592 3343 feratur,
3665 3285 3786 3330 1100
3841 3264 3970 3330 11101
4035 3264 4281 3329 malum
4348 3273 4659 3347 appetere

2692 3355 2906 3429 queat.
2996 3349 3219 3431 Atque
3263 3349 3420 3416 hinc
3460 3348 3765 3433 colligere
3806 3350 3986 3429 licet,
4043 3357 4363 3433 quantum
4407 3350 4497 3415 sit
4538 3371 4658 3415 110-

2694 3434 3015 3499 cessitatis
3068 3442 3135 3499 et
3178 3436 3529 3501 coactionis
3588 3434 3954 3502 discrimen.
4038 3435 4268 3518 Neque
4313 3435 4492 3500 enim
4536 3434 4656 3500 ho-

2691 3518 2942 3584 minem
2994 3518 3271 3586 dicimus
3334 3521 3617 3586 invitum
3675 3523 3851 3587 trahi
3920 3519 4004 3587 ad
4067 3521 4486 3605 peccandum,
4541 3519 4657 3588 sed

2693 3605 3003 3686 quoniam
3046 3606 3290 3672 vitiosa
3332 3607 3420 3671 sit
3463 3608 3602 3672 eius
3646 3607 3981 3687 voluntas,
4043 3608 4165 3674 sub
4208 3608 4455 3692 peceati
4500 3606 4570 3673 iu

2692 3690 2901 3756 teneri
2945 3692 3293 3774 captivam,
3337 3691 3610 3777 ideoque
3653 3693 4019 3760 necessario
4063 3693 4235 3758 male
4271 3693 4458 3761 velle.
4523 3629 4657 3760 Πὶἳ

2693 3776 2872 3841 0111111
2917 3778 3219 3857 servitus,
3265 3778 3400 3844 illie
3446 3780 3819 3845 necessitas.
3884 3777 4021 3845 8011
4054 3780 4415 3864 plurimum
4449 3780 4657 3845 inter-

2692 3868 2822 3939 est,
2881 3863 3338 3930 voluntariane
3393 3866 3481 3930 sit
3524 3866 3837 3945 servitus,
3898 3886 3986 3930 an
4030 3871 4266 3932 coacta.
4355 3865 4493 3932 Nos
4536 3889 4654 3932 au-

2692 3954 2826 4012 tem
2862 3969 2997 4014 non
3033 3949 3189 4015 alibi
3226 3953 3577 4016 statuimus
3610 3949 3925 4034 peccandi
3966 3951 4419 4018 necessitatem
4455 3972 4655 4036 quam

2688 4032 2760 4096 in
2804 4033 2968 4098 vitio
3002 4035 3390 4101 voluntatis:
3435 4035 3612 4101 unde
3655 4045 4086 4119 spontaneam
4122 4058 4265 4105 esse
4298 4038 4512 4121 ipsam
4549 4060 4654 4104 se-

2689 4119 2930 4202 quitur.
3020 4120 3216 4186 Nune
3258 4121 3443 4187 vides
3487 4129 3924 4205 spontaneum
3967 4129 4035 4189 et
4075 4125 4517 4191 necessarium
4560 4124 4651 4188 si-

2687 4204 2828 4270 mul
2870 4207 3217 4272 convenire
3272 4229 3487 4291 posse,
3544 4208 3713 4290 quod
3758 4216 3907 4275 astu
3948 4219 4171 4295 tegere
4215 4219 4489 4276 conatur
4532 4211 4651 4276 Pi-

2688 4291 2884 4375 ghius
2939 4290 3098 4356 dum
3150 4291 3431 4359 liborum
3482 4294 3819 4359 hominem
3864 4299 4012 4374 [pag.
4052 4300 4162 4376 67]
4213 4296 4283 4361 in
4327 4317 4404 4361 eo
4450 4298 4649 4363 aesti-

2685 4383 2840 4456 mat,
2887 4378 2943 4441 si
2982 4398 3116 4443 non
3158 4379 3525 4446 necessario
3564 4380 3780 4460 faciat,
3826 4388 3940 4447 aut
3979 4381 4164 4462 bene,
4210 4391 4327 4447 aut
4367 4382 4557 4450 male.

2859 4460 3041 4544 Quid
3083 4472 3304 4530 autem
3349 4464 3720 4548 Origenes?
3810 4467 3947 4532 Eos
3988 4469 4382 4553 pronunciat
4414 4467 4647 4534 haere-

2683 4548 2878 4628 ticos,
2933 4550 3043 4632 qui
3096 4548 3374 4615 liberum
3434 4550 3687 4616 homini
3750 4553 4097 4619 arbitrium
4152 4554 4477 4620 auferunt.
4567 4553 4651 4621 81

2684 4633 2765 4699 de
2818 4635 3033 4718 prima
3085 4643 3363 4701 naturae
3417 4636 3784 4703 conditione
3838 4639 4158 4723 loquitur,
4216 4640 4386 4706 nihil
4430 4642 4644 4721 affert,

2681 4721 2853 4802 quod
2899 4742 3031 4785 non
3086 4721 3217 4802 ipsi
3260 4742 3515 4804 quoquo
3571 4725 4016 4806 profiteamur.
4109 4724 4186 4792 81
4227 4727 4405 4792 111101·
4448 4727 4643 4793 vitia-

2678 4813 2815 4871 tam
2858 4814 2926 4871 et
2965 4806 3298 4890 integram
3338 4814 3646 4874 naturam
3700 4832 3833 4876 non
3876 4810 4251 4896 distinguit,
4306 4834 4503 4879 nemo
4543 4820 4646 4880 est

2676 4893 2953 4974 piorum,
3000 4893 3112 4976 qui
3148 4914 3281 4958 non
3315 4893 3467 4960 fidei
3501 4895 3826 4979 principia
3859 4917 4010 4963 eum
4046 4897 4446 4964 confundere
4488 4920 4642 4984 pro-

2677 4979 2963 5043 nunciet.
3076 4978 3291 5063 Negat
3347 4980 3443 5045 ita
3502 5002 3625 5048 nos
3679 5003 3823 5048 esse
3867 4984 4252 5051 necessitati
4290 4985 4639 5064 subiectos,

2676 5070 2752 5128 01
2793 5064 2971 5128 omni
3012 5064 3223 5146 modo,
3266 5066 3465 5131 etiam
3509 5068 3565 5134 si
3609 5067 3919 5150 nolimus,
3958 5070 4064 5137 vel
4109 5071 4275 5137 bene
4319 5072 4425 5137 vel
4462 5069 4641 5138 male

2814 5338 2874 5406 1)
2908 5356 3094 5395 vocem
3132 5341 3330 5396 omittit
3358 5341 3633 5411 princeps.
