4999 6179
601 437 721 500 391

601 643 801 707 quam
857 623 1105 688 malum
1158 621 1501 705 concipere
1552 644 1637 688 ex
1689 642 1761 688 se
1815 630 2042 706 queat,
2086 629 2164 688 ut
2205 620 2563 689 anathema

604 710 907 775 omnibus
964 710 1078 792 qui
1132 710 1228 774 sic
1291 709 1587 773 sentiunt
1648 709 1893 775 centies
1960 711 2282 788 minetur,
2347 706 2561 773 nihilo

605 795 753 880 plus
796 796 916 860 tali
958 795 1247 861 clamore
1290 815 1489 877 quam
1529 794 1777 860 latratu
1820 796 2135 878 proficiet,
2181 795 2390 861 donec
2432 794 2564 858 alia

607 883 972 964 scripturae
1027 881 1407 946 testimonia
1470 882 1778 964 proferat.
1867 883 1993 947 Dei
2056 882 2235 947 enim
2292 883 2560 959 veritas,

603 988 800 1051 quam
846 967 1170 1045 docemus,
1206 968 1438 1031 maio‘ri
1481 966 1836 1032 stabilitate
1876 967 2158 1034 subnixa
2201 974 2318 1045 est,
2364 986 2566 1049 quam

605 1064 682 1118 ut
719 1054 1014 1119 ventosis
1058 1055 1198 1118 eius
1254 1052 1936 1136 argumentationibus
1991 1062 2128 1119 tam
2183 1054 2422 1119 leviter
2465 1050 2564 1117 di-

603 1148 856 1207 ruatur.

746 1210 925 1295 moe
966 1224 1448 1291 controversiae
1483 1224 1696 1307 eapite
1739 1231 1880 1289 tam
1923 1224 2089 1291 bene
2122 1230 2456 1291 transacto
2503 1231 2569 1288 et

607 1311 901 1377 absoluto
945 1311 1027 1376 ad
1072 1310 1354 1375 alterum
1397 1312 1652 1376 transit.
1741 1311 1914 1376 Nam
1960 1310 2133 1393 quod
2174 1312 2436 1396 scripsi,
2481 1331 2567 1374 ne

606 1396 1069 1482 pedissequam
1111 1395 1377 1480 quidem
1421 1397 1672 1482 gratiae
1722 1396 1869 1461 ideo
1915 1396 2152 1462 debere
2197 1396 2566 1464 existimari

607 1483 894 1549 hominis
943 1482 1355 1548 voluntatem
1373 1534 1387 1560 ,
1434 1483 1588 1565 quia
1629 1504 1749 1566 per
1787 1504 1877 1562 se,
1921 1484 2186 1567 proprio
2231 1493 2565 1567 separato·-

608 1590 735 1653 que
777 1576 980 1647 motu,
1027 1580 1438 1651 cooperetur:
1497 1568 1658 1651 quin
1702 1569 1923 1652 potius
1980 1569 2103 1635 hoc
2147 1590 2402 1653 quoque
2444 1588 2566 1632 vo-

608 1656 885 1721 luntatis
944 1655 1357 1737 obsequium,
1419 1655 1562 1720 sive
1616 1654 1700 1719 ad
1755 1655 2235 1739 recipiendum,
2293 1656 2436 1720 sive
2481 1653 2569 1718 ad

512 1765 516 1769 ·
608 1741 1028 1807 retinendum
1074 1740 1348 1823 spiritus
1403 1741 1613 1806 sancti
1667 1748 1917 1806 motum
1937 1792 1952 1819 ,
2009 1762 2208 1824 quam
2258 1759 2566 1825 coopera-

609 1829 857 1894 tionem
902 1827 1268 1909 appellant,
1324 1826 1480 1891 inde
1523 1846 1823 1906 manare,
1868 1826 2037 1910 quod
2081 1827 2388 1893 voluntas
2432 1828 2567 1891 iam

607 1914 967 1979 reformata
1040 1913 1302 1995 spiritui
1375 1919 1747 1995 promptam
1830 1912 2420 1997 obsequentemque
2497 1933 2569 1977 00

612 1999 976 2084 Ρ18011081ε1
1003 1999 1290 2080 primum
1339 1998 1410 2063 id
1464 2007 1603 2063 tam
1663 1999 2013 2064 obscurum
2070 2020 2216 2065 esse
2275 2020 2565 2083 pronun·

610 2087 760 2165 ciat,
804 2076 1041 2150 uff'nec
1084 2105 1206 2169 ego
1244 2084 1610 2168 intelligam
1653 2084 1811 2168 quid
1853 2084 2022 2149 mihi
2053 2087 2285 2164 velim3
2333 2083 2570 2150 deinde

611 2170 793 2237 hunc
836 2191 978 2236 esse
1020 2169 1377 2252 impietatis
1419 2170 1780 2249 cumulum,
1827 2171 1932 2237 cui
1977 2171 2146 2236 nihil
2187 2170 2383 2236 adiici
2426 2192 2567 2236 am-

611 2256 785 2340 plius
827 2265 1043 2340 queat,
1087 2257 1459 2339 frustraque
1501 2278 1609 2322 me
1652 2254 2008 2323 obtendere
2044 2259 2154 2323 Au
2249 2258 2405 2323 stini
2449 2276 2567 2340 pa-

608 2344 979 2423 trocinium,
1026 2363 1223 2425 quem
1263 2342 1432 2407 mihi
1473 2362 1742 2425 prorsus
1787 2342 2124 2409 adversari
2205 2349 2569 2408 emonstra-

609 2431 800 2495 verit.
865 2427 1062 2509 Quod
1103 2437 1324 2494 autem
1367 2428 1438 2493 in
1482 2430 1622 2494 eius
1663 2427 1885 2494 verbis
1929 2430 2165 2494 fuerim
2202 2429 2568 2495 hallucina-

609 2526 738 2595 tus,
783 2535 1050 2581 causam
1093 2513 1265 2578 hanc
1308 2535 1451 2580 esse
1466 2565 1480 2591 ,
1539 2514 1694 2596 quia
1736 2513 1946 2580 obiter
1988 2522 2246 2581 tantum
2292 2516 2567 2581 cursim-

611 2623 737 2686 que
781 2602 1147 2683 inspectus,
1210 2621 1547 2682 nunquam
1589 2608 1837 2666 attento
1882 2601 2102 2667 studio
2147 2602 2358 2667 lectus
2400 2599 2570 2665 mihi

608 2689 821 2754 fuerit.
877 2687 1149 2754 Utinam
1187 2706 1346 2751 vero
1382 2693 1569 2750 tanta
1612 2694 1680 2751 et
1715 2688 2081 2752 attentione
2125 2696 2192 2752 et
2227 2686 2570 2772 diligentia

612 2782 914 2840 versatus
958 2773 1127 2837 foret
1167 2774 1238 2837 in
1283 2771 1646 2854 scripturis,
1693 2781 1958 2856 tamque
2001 2774 2415 2838 familiariter
2450 2795 2567 2838 no·

610 2870 757 2925 tum
801 2858 1075 2924 haberet
1115 2878 1345 2924 earum
1380 2879 1680 2936 sensum,
1726 2879 1925 2942 quam
1970 2866 2038 2924 et
2080 2859 2432 2945 diligenter
2473 2859 2569 2923 le-

613 2946 787 3032 gisse
828 2965 937 3009 me
980 2944 1464 3028 Augustinum,
1511 2954 1578 3009 et
1619 2945 2031 3011 familiariter
2072 2947 2404 3030 cognitam
2449 2945 2567 3009 ha-

611 3033 766 3100 bere
810 3031 951 3097 eius
1006 3038 1327 3111 mentem,
1382 3031 1629 3097 iactare
1683 3031 1851 3096 mihi
1904 3031 2115 3098 liceat.
2198 3032 2456 3098 Verum
2499 3030 2568 3096 id

612 3142 694 3186 ex
746 3140 820 3184 re
862 3120 1008 3202 ipsa
1064 3118 1402 3184 aestimari
1469 3117 1662 3183 male.
1765 3115 1961 3200 Quod
2016 3117 2098 3183 ad
2151 3131 2568 3201 praesentem

610 3206 1058 3290 quaestionem
1104 3212 1374 3288 spectat,
1418 3203 1572 3287 quia
1613 3202 1778 3269 illud
1823 3204 2280 3290 Chrysostomi
2323 3206 2568 3288 impro-

609 3292 941 3369 baveram,
984 3310 1201 3373 neque
1244 3290 1651 3357 voluntatem
1694 3291 1839 3357 sine
1880 3292 2113 3375 gratia,
2160 3312 2371 3373 neque
2415 3311 2568 3375 grae

610 3380 773 3444 tiam
816 3378 958 3442 sine
1001 3377 1345 3442 voluntate
1388 3375 1748 3460 quidquam
1789 3399 1980 3463 posse
2022 3378 2203 3456 boni,
2260 3376 2568 3461 maligni-

611 3463 768 3530 tatis
825 3484 932 3527 me
992 3471 1281 3542 accusat,
1335 3464 1490 3547 quia
1530 3464 1651 3529 uni
1695 3463 2174 3548 Chrysostomo
2228 3469 2375 3544 [pag.
2415 3466 2567 3542 221]

612 3552 950 3633 imputem,
999 3548 1171 3632 quod
1218 3559 1287 3614 et
1329 3571 1412 3614 ex
1455 3552 1787 3615 communi
1833 3549 2144 3616 ecclesiae
2188 3547 2569 3614 definitione

612 3644 952 3719 sumptum
995 3635 1098 3713 sit,
1141 3644 1210 3700 et
1250 3633 1525 3700 totidem
1568 3656 1772 3718 prope
1812 3636 2034 3701 verbis
2077 3634 2159 3699 ab
2194 3635 2569 3719 Augustino

614 3729 969 3789 asseratur.
1059 3721 1310 3788 Locum
1371 3732 1593 3786 autem
1662 3723 1898 3788 recitat
1942 3743 2025 3786 011
2081 3721 2276 3786 tertio
2329 3721 2568 3804 Hypo-

613 3809 955 3894 gnost-icoev
992 3806 1176 3886 libro,
1224 3808 1411 3874 euius
1450 3806 1816 3873 clausulam
1859 3808 2078 3874 verbis
2121 3805 2388 3890 quidem
2430 3827 2569 3871 non

611 3895 900 3960 multum
957 3894 1322 3960 absimilem
1378 3915 1522 3960 esse
1576 3893 1784 3958 fateor
1854 3894 1936 3959 ab
1991 3915 2067 3959 eo
2083 3945 2099 3973 ,
2167 3892 2344 3977 quod
2410 3892 2572 3958 dicit

613 3980 1157 4066 Chrysostomus3
1201 3979 1317 4045 sed
1360 4000 1627 4045 sensum
1674 3979 2195 4046 diversissimum
2231 4001 2372 4045 esse
2413 3999 2569 4043 con-

609 4065 823 4132 tende.
923 4065 1116 4131 Bona
1169 4086 1370 4148 opera
1421 4087 1539 4150 per
1593 4068 1876 4150 gratiam
1933 4075 2002 4131 et
2053 4066 2336 4132 liberum
2392 4065 2567 4131 arbi-

608 4154 818 4217 trium
876 4153 1020 4217 fieri
1068 4151 1300 4232 tradit,
1367 4155 1738 4235 quicunque
1793 4153 1883 4219 sit
1925 4153 2101 4218 illius
2145 4151 2294 4217 libri
2340 4159 2562 4217 autor:

608 4240 787 4305 sicut
827 4239 940 4302 via
981 4236 1063 4301 ab
1108 4258 1274 4322 equo
1318 4239 1516 4305 simul
1560 4248 1630 4304 et
1683 4259 1938 4305 sessore
1981 4239 2352 4305 conficitur:
2404 4236 2567 4303 dum

607 4345 816 4407 equus
859 4322 1122 4406 quidem
1167 4327 1393 4402 currit,
1439 4325 1556 4390 sed
1601 4325 1887 4391 directus
1922 4324 2195 4391 sessoris
2229 4345 2452 4404 manu,
2492 4330 2570 4389 ut

608 4421 861 4476 rectum
928 4409 1055 4475 iter
1132 4417 1366 4475 teneat.
1476 4411 1688 4476 Porro
1742 4411 1919 4477 viam
1984 4412 2140 4477 facit
2202 4409 2563 4475 Christum.

607 4497 929 4564 Liberum
976 4495 1328 4560 arbitrium·
1363 4499 1577 4562 instar
1620 4499 1775 4582 vagi
1833 4506 1901 4563 et
1954 4497 2131 4564 devii
2173 4497 2452 4560 iumenti
2495 4497 2567 4561 in

605 4581 839 4649 mundi
893 4583 1187 4647 vanitate
1244 4603 1469 4647 errare
1518 4581 1734 4660 docet,
1777 4604 1984 4666 usque
2027 4582 2188 4648 dum
2230 4581 2328 4646 illi
2373 4582 2568 4666 spiri-

607 4679 717 4735 tus
756 4668 889 4734 Dei
925 4667 1226 4746 insideat,
1263 4690 1391 4752 quo
1426 4688 1466 4732 a
1492 4670 2171 4753 concupiscentiarum
2219 4690 2440 4734 errore
2483 4666 2568 4733 ad

605 4756 786 4820 viam
828 4756 1118 4821 iustitiae
1162 4754 1468 4835 reducat3
1511 4756 1855 4822 reductum
1890 4764 2204 4840 perpetuo
2242 4755 2566 4839 regimine

607 4839 960 4926 gubernet,
1020 4841 1226 4908 donec
1282 4840 1366 4906 ad
1429 4840 1824 4907 destinatam
1889 4851 2136 4908 metam
2199 4842 2562 4925 perveniat.

607 4927 896 4992 Currere
920 4948 1078 5011 ergo
1099 4928 1382 4994 liberum
1418 4949 1494 4993 ar
1543 4929 1555 4941 ’
1631 4930 1762 4992 'um
1788 4928 2150 5008 concludit;
2195 4928 2309 4995 sed
2345 4928 2566 4992 Deum

604 5015 839 5090 facere,
886 5019 965 5076 ut
1006 5024 1184 5079 recte
1230 5023 1467 5080 currat.
1549 5014 1644 5079 Et
1677 5013 1834 5098 quid
1879 5014 2001 5081 hoe
2046 5014 2228 5080 aliud
2273 5023 2392 5092 est,
2437 5013 2568 5078 nisi

606 5099 777 5183 quod
822 5119 1084 5182 semper
1119 5099 1356 5165 docui?
1403 5099 1648 5166 habere
1683 5100 1933 5167 seilicet
1975 5123 2015 5166 a
2058 5107 2297 5165 natura
2330 5098 2565 5165 volun-

607 5195 833 5266 tatem,
878 5197 956 5249 ut
998 5186 1188 5251 velit:
1237 5195 1311 5250 ut
1333 5194 1556 5251 autem
1599 5187 1765 5253 bene
1793 5187 1974 5266 velit,
2006 5186 2398 5251 beneficium
2421 5204 2566 5249 esse

607 5273 877 5355 gratiae,
919 5292 1054 5337 non
1097 5272 1479 5339 facultatem
1514 5283 1806 5340 naturae.
1871 5273 2022 5338 Hoc
2057 5292 2256 5337 sensu
2293 5270 2565 5334 minime

605 5378 921 5442 repugno,
966 5360 1125 5441 quin
1168 5359 1446 5442 gratiam
1483 5360 1832 5427 comitetur
1866 5358 2197 5436 voluntas,
2234 5355 2403 5422 sicut
2446 5373 2563 5417 ne-

1903 430 2433 502 RssPoNsm
2479 376 2858 499 eON'rRA
2898 430 3317 499 PIeHmM

4494 428 4615 491 302

2664 622 2949 687 cessario
2992 620 3273 687 materia
3314 621 3562 686 formae
3604 619 3843 686 subest.
3925 617 4099 685 Nam
4138 639 4341 704 quum
4385 615 4620 683 volun-

2663 714 2767 773 tas
2810 707 2999 773 velut
3038 708 3315 773 materia
3358 706 3474 785 sit,
3520 706 3605 771 ad
3645 704 4088 789 recipiendam
4131 705 4412 770 formam
4467 713 4623 786 apta

2666 804 2732 859 et
2770 794 3028 873 habilis,
3076 802 3231 859 ante
3275 793 3768 859 renovationem
3810 792 3981 857 male
4021 791 4303 856 formata
4340 799 4458 869 est,
4505 811 4622 856 na-

2665 888 2858 946 turae
2900 878 3243 965 pravitate.
3324 878 3455 946 Ubi
3500 885 3721 944 autem
3778 879 4013 960 spiritu
4056 877 4188 942 Dei
4238 875 4320 941 ad
4366 877 4623 942 bonita-

2667 975 2801 1032 tem
2847 975 3221 1045 renovatur,
3267 965 3460 1049 quasi
3501 965 3782 1029 alteram
3817 966 4097 1029 formam
4129 963 4363 1028 induit.
4429 962 4624 1029 Velle

2668 1053 2874 1136 igitur
2927 1053 3127 1119 habet
3179 1052 3403 1117 homo:
3469 1058 3546 1116 ut
3599 1058 3819 1116 autem
3862 1050 4111 1116 bonnm
4149 1049 4342 1126 velit,
4394 1071 4434 1114 a
4478 1049 4625 1114 Deo

2665 1140 3110 1223 praevenitur.
3199 1138 3387 1203 Haec
3431 1138 3608 1202 enim
3666 1136 4030 1219 posteriora
4079 1137 4285 1202 verba
4329 1134 4463 1201 11110
4505 1134 4625 1200 ha-

2667 1226 2926 1291 bentur.
3004 1225 3156 1290 Non
3199 1223 3385 1302 dicit,
3430 1231 3509 1288 ut
3550 1221 3720 1288 velle
3764 1222 3997 1306 possit:
4057 1221 4173 1287 sed
4214 1232 4626 1305 praesentem

2670 1312 2978 1377 effectum
3043 1311 3336 1395 assignat
3399 1309 3683 1394 gratiae3
3758 1306 4311 1392 quemadmodum
4377 1317 4444 1373 et
4504 1307 4627 1374 ali-

2670 1405 2916 1481 quanto
2983 1406 3165 1475 ante,
3251 1417 3455 1478 quum
3521 1394 3770 1461 diceret
3792 1446 3806 1472 ,
3874 1404 4009 1459 tam
4067 1394 4364 1479 reparari
4428 1415 4629 1478 quam

2671 1505 2829 1567 prae
2874 1484 3048 1549 arari
3092 1483 3526 1560 voluntatem,
3571 1489 3648 1545 ut
3689 1480 3863 1546 bona
3907 1481 3996 1546 sit
4039 1500 4208 1564 quae
4243 1479 4419 1546 mala
4460 1491 4623 1547 erat.

2673 1568 2810 1652 Qui
2911 1577 3132 1634 autem
3199 1568 3713 1654 Chrysostomus
3726 1567 3758 1630 ?
3850 1565 3964 1633 Sic
4019 1568 4323 1633 comitem
4378 1563 4630 1652 grati‘ae

2671 1655 3081 1720 voluntatem
3126 1655 3484 1732 constituit,
3529 1662 3604 1718 ut
3646 1654 3729 1719 ab
3771 1653 3896 1719 hac
3938 1651 4222 1736 pendeat
4262 1652 4443 1719 illius
4487 1654 4631 1718 effi-

2671 1743 2865 1808 cacia.
2957 1742 3185 1825 Neque
3230 1741 3421 1807 aliter
3462 1740 3745 1824 Pighius
3788 1740 4039 1824 accipit.
4119 1737 4300 1820 Quid
4344 1760 4501 1824 ergo
4545 1761 4633 1805 ex

2671 1829 3029 1893 verborum
3073 1825 3501 1894 similitudine
3544 1827 3770 1892 fucum
3809 1825 3982 1905 facit,
4025 1826 4099 1890 in
4142 1834 4328 1889 tanta
4362 1833 4634 1890 senten-

2674 1916 2801 1979 tiae
2845 1912 3272 1981 diversitate?
3356 1911 3553 1993 Quod
3607 1914 3664 1977 si
3707 1911 4000 1977 nondum
4044 1913 4427 1993 acquiescit,
4490 1933 4633 1978 me-

2671 2001 2990 2065 minerint
3043 2000 3319 2065 lectores
3368 2000 3535 2078 eius,
3596 1997 3770 2082 quod
3824 2004 3974 2079 [pag.
4012 2002 4163 2077 222]
4204 1997 4360 2063 alibi
4401 1998 4632 2063 retuli-

2673 2108 2850 2165 mus,
2917 2107 3036 2168 pro
3093 2107 3337 2170 magno
3391 2083 3673 2150 absurdo
3729 2084 4181 2169 Augustinum
4237 2083 4503 2163 ducere,
4572 2085 4635 2151 si

2671 2173 2821 2255 quis
2864 2170 3058 2249 dicat,
3099 2193 3236 2236 non
3272 2171 3572 2237 sufficere
3605 2171 3736 2237 Dei
3775 2169 4311 2249 misericordiam,
4347 2170 4476 2236 nisi
4513 2170 4634 2235 ad-

2672 2260 2760 2324 sit
2806 2258 3091 2323 hominis
3135 2258 3458 2323 voluntas.
3488 2257 3540 2340 ¹)
3627 2256 3779 2322 Non
3828 2258 4027 2342 igitur
4069 2255 4371 2335 volentis,
4415 2277 4633 2341 neque

2671 2344 3019 2421 currentis,
3064 2352 3140 2409 ut
3182 2352 3393 2409 totum
3436 2342 3628 2408 detur
3666 2342 3837 2408 Deo:
3896 2343 4012 2426 qui
4059 2343 4465 2408 voluntatem
4510 2343 4632 2408 ho-

2670 2431 2902 2509 minis,
2961 2438 3030 2495 et
3092 2437 3446 2513 praeparat
3501 2425 3940 2494 adiuvandam
3956 2481 3970 2507 ,
4017 2439 4083 2493 et
4126 2427 4400 2495 adiuvat
4439 2450 4633 2512 prae-

2673 2524 2998 2598 paratam:
3054 2516 3166 2598 qui
3224 2515 3554 2581 nolentem
3600 2517 3974 2598 praevenit,
4022 2522 4096 2579 ut
4138 2515 4338 2595 velit-3
4404 2515 4633 2581 volen-

2670 2610 2804 2668 tem
2848 2601 3283 2685 subsequitur,
3329 2623 3416 2667 ne
3459 2603 3712 2667 frustra
3755 2601 3931 2666 velit.
3998 2602 4090 2666 At
4130 2601 4245 2665 illo
4291 2601 4633 2685 superiore

2669 2688 2812 2753 loco
2856 2689 3176 2766 innuitur,
3222 2709 3356 2752 non
3400 2687 3571 2765 tolli,
3614 2688 3787 2754 sicut
3830 2708 4051 2754 assero
4068 2738 4084 2767 ,
4130 2687 4410 2753 liberum
4455 2689 4633 2753 arbi·

2670 2775 2875 2843 trium
2918 2794 3038 2858 per
3080 2776 3363 2858 gratiam
3373 2798 3389 2853 ;
3444 2772 3559 2839 sed
3603 2773 4025 2839 vulneratum
4074 2772 4510 2856 apprehendi,
4557 2786 4634 2840 ut

2672 2859 2978 2925 dometur
3021 2861 3518 2945 corrigaturque
3563 2858 3647 2925 ad
3690 2858 4127 2925 obediendum
4168 2858 4335 2925 Dec.
4416 2858 4631 2940 Quasi

2671 2966 2794 3031 ego
2837 2946 3273 3012 substantiam
3312 2947 3677 3013 voluntatis
3721 2944 3929 3030 redigi
3982 2947 4053 3010 in
4106 2946 4391 3011 nihilum
4436 2965 4632 3030 opor-

2668 3040 2831 3111 tere,
2876 3032 2984 3099 vel
3029 3031 3358 3099 docuerim
3400 3054 3713 3117 unquam,
3760 3031 3865 3098 vel
3908 3032 4107 3099 etiam
4140 3032 4631 3100 somniaverim.

2668 3121 2777 3186 De
2830 3119 3146 3201 qualitate
3203 3122 3379 3185 enim
3430 3141 3690 3203 semper
3750 3119 4057 3203 loquutus
4121 3141 4299 3197 sum,
4365 3119 4437 3184 in
4498 3142 4635 3203 qua

2671 3206 2780 3271 hic
2822 3205 3102 3290 scriptor
3144 3207 3611 3272 correctionem
3647 3204 3806 3270 dum
3841 3205 4136 3289 requirit,
4171 3205 4330 3289 quid
4363 3207 4635 3272 omnino

2672 3313 2713 3357 a
2745 3312 2855 3356 me
2910 3291 3403 3358 dissentaneum
3448 3291 3685 3358 habet?
3766 3290 3903 3358 Sed
3956 3291 4119 3358 haec
4172 3302 4328 3356 sunt
4392 3301 4637 3358 strata-

2674 3384 2938 3462 gemata
2978 3379 3208 3444 factitii
3253 3379 3461 3444 nostri
3500 3377 3828 3455 Herculis,
3875 3379 3989 3463 qui
4020 3387 4321 3444 monstra
4355 3379 4642 3445 subinde

2675 3464 2800 3529 sibi
2855 3464 3246 3542 fabricatur,
3305 3465 3541 3547 quibus
3597 3464 3875 3529 devictis
3926 3465 3997 3528 in
4042 3465 4191 3529 sinu
4236 3486 4352 3529 suo
4396 3466 4640 3530 trium-

2673 3549 2850 3633 phet.
2914 3551 3135 3634 Atque
3177 3559 3255 3615 ut
3296 3551 3518 3616 omnia
3561 3552 3737 3616 inter
3775 3572 3846 3616 se
3890 3550 4349 3634 respondeant,
4395 3552 4640 3616 trium·

2673 3635 2872 3719 phale
2915 3635 3038 3702 1100
3083 3635 3205 3701 sibi
3250 3657 3514 3703 carmen
3559 3636 3826 3702 occinit:
3883 3635 3989 3701 his
4032 3636 4254 3702 verbis
4297 3658 4420 3702 nos
4457 3657 4642 3702 com-

2672 3721 2908 3806 pellari
2952 3721 3035 3787 ab
3078 3723 3483 3807 Augustino:
3530 3721 3709 3788 Audi
3754 3722 4101 3802 haeretice,
4140 3723 4359 3801 stulte,
4407 3735 4476 3787 et
4508 3725 4642 3789 ini-

2673 3809 2841 3874 mice
2882 3807 3066 3873 fidei:
3113 3806 3337 3891 Opera
3378 3807 3567 3873 liberi
3611 3807 3863 3873 arbitrii
3895 3809 4088 3887 bona,
4134 3829 4300 3892 quae
4336 3818 4414 3873 ut
4449 3810 4639 3889 fiant,

2674 3901 3151 3977 praeparantur
3174 3914 3294 3977 per
3320 3895 3574 3979 gratiae
3600 3903 4054 3977 praeventum,
4092 3894 4277 3959 nullo
4299 3893 4491 3960 liberi
4530 3918 4643 3961 ar-

2673 3980 2854 4045 bitrii
2898 3980 3160 4061 meritc,
3226 3981 3372 4064 ipsa
3423 3981 3702 4047 faciente
3766 3981 4177 4066 gubernante
4234 3982 4641 4063 perficiente,

2672 4067 2845 4131 utin
2883 4066 3087 4133 libero
3114 4067 3386 4132 arbitrio
3406 4065 3777 4146 abundent,
3815 4088 3946 4131 11011
3971 4066 4382 4132 damnamus.
4443 4068 4640 4134 Adeo

2671 4159 2739 4217 et
2780 4173 3011 4219 caecus
3056 4160 3159 4218 est
3196 4162 3264 4218 et
3305 4151 3657 4236 improbus,
3702 4162 3779 4218 ut
3819 4173 3956 4217 11011
3999 4161 4241 4232 cernat,
4286 4151 4449 4218 haec
4491 4176 4643 4219 om-

2669 4237 2783 4303 nia
2823 4237 3096 4322 perinde
3137 4240 3382 4321 scripta
3424 4260 3585 4318 esse,
3631 4260 3706 4304 ac
3749 4238 3808 4303 si
3843 4240 3993 4323 quis
4035 4260 4119 4304 ex
4161 4239 4349 4304 nobis
4393 4239 4642 4308 dictas-

2670 4333 2801 4404 set3
2855 4335 2923 4389 et
2964 4324 3112 4391 aliis
3155 4332 3441 4405 mentem
3493 4324 3967 4407 iudiciumque,
4026 4346 4109 4390 ne
4151 4335 4456 4406 cernant,
4507 4347 4641 4392 sua

2668 4412 3003 4494 protervia
3035 4410 3265 4476 tollere
3309 4432 3380 4477 00
3424 4429 3614 4494 posse
3657 4408 3958 4475 confidat.

2843 4496 2952 4562 Ad
3007 4496 3263 4581 reliqua
3318 4496 3555 4562 deinde
3611 4517 3758 4561 mea
3815 4507 4236 4580 argumenta,
4312 4496 4427 4563 sed
4482 4502 4639 4581 pari

2670 4603 2799 4666 qua
2842 4582 3159 4649 hactenus
3192 4583 3522 4661 felicitate,
3567 4579 3924 4648 refellenda
3950 4583 4183 4667 pergit.
4253 4582 4637 4662 Caeterum,

2672 4668 2755 4734 ad
2800 4690 2877 4734 08
2920 4689 3087 4752 quae
3131 4689 3215 4733 ex
3257 4668 3540 4734 Ieremia
3584 4669 3740 4733 cito:
3786 4666 4119 4733 Timorem
4166 4670 4452 4735 nominis
4496 4672 4641 4736 mei

2671 4753 2838 4820 dabo
2882 4756 2953 4819 in
2999 4750 3199 4819 corda
3241 4775 3468 4819 eorum
3526 4761 3600 4818 ut
3636 4772 3771 4817 non
3814 4753 4127 4820 recedant
4170 4775 4210 4819 a
4252 4775 4390 4835 me;
4436 4756 4635 4822 item:

2670 4840 2860 4906 Dabo
2905 4841 3001 4905 eis
3045 4860 3158 4905 cor
3200 4861 3460 4916 novum,
3506 4846 3583 4902 ut
3626 4838 3904 4904 timeant
3946 4861 4053 4905 me
4097 4841 4355 4906 cunctis
4395 4841 4639 4909 diebus

2671 4926 2828 5009 (Ier.
2872 4930 2973 5004 32,
3011 4930 3109 4989 39.
3151 4924 3284 5007 40),
3330 4923 3589 4989 abunde
3643 4944 4033 5007 responsum
4078 4948 4222 4992 esse
4266 4928 4635 5011 praefatur,

2669 5032 2755 5076 110
2796 5032 3063 5094 operam
3101 5011 3173 5073 in
3218 5030 3291 5074 re
3339 5031 3750 5092 supervacua
3794 5026 4151 5078 consumat.
4221 5013 4280 5077 Ε
4328 5035 4366 5078 0
4402 5023 4639 5080 autem

2668 5118 2802 5163 non
2847 5096 3119 5161 alteram
3163 5096 3653 5179 responsionem
3695 5094 3937 5176 audivi,
3984 5099 4109 5163 nisi
4153 5120 4240 5182 qu
4368 5100 4641 5167 fortiter

2669 5182 2773 5246 his
2818 5180 3040 5244 verbis
3085 5183 3458 5267 refragatus
3501 5190 3618 5248 est.
3708 5182 3803 5249 Ut
3846 5185 4020 5249 enim
4067 5206 4107 5250 a
4150 5184 4442 5251 Domino
4486 5208 4635 5252 non

2804 5369 2863 5430 1)
2901 5369 3122 5426 Euchir.
3159 5368 3227 5424 ad
3265 5370 3630 5426 Laurentium.
