4999 6179
686 476 762 537 71

857 752 976 828 [fol.
1016 752 1124 827 35]
1183 746 1286 811 Tu
1341 694 1576 811 entelnzs
1589 693 1991 828 Ἤὲζὲεῇυᾝ
2044 769 2090 831 y
2134 766 2174 809 a
2230 767 2362 811 une
2407 764 2637 828 espece

683 835 764 902 de
804 842 1096 900 meurtre
1136 833 1472 910 interieur,
1517 853 1642 915 que
1686 831 1862 897 Dieu
1905 853 2072 897 nous
2117 830 2356 897 defend
2397 831 2524 915 icy.

851 1004 1076 1085 Voire,
1120 1006 1233 1090 qui
1275 1011 1377 1069 661
1418 953 2070 1082 haissffssinianoune,
2116 1009 2185 1068 et
2227 1001 2512 1086 cupidite
2533 1001 2637 1067 =de

682 1090 819 1158 mal
862 1091 1028 1156 faire
1073 1097 1117 1156 a
1156 1097 1380 1156 nostre
1422 1089 1758 1173 prochain.

1478 1210 1545 1245 m
1579 1210 1838 1245 1181ssOE-

856 1259 1159 1329 suffit-il
1203 1260 1283 1326 de
1326 1283 1409 1326 ne
1451 1261 1639 1344 point
1678 1260 1849 1339 hair,
1906 1266 1975 1324 et
2028 1280 2113 1325 66
2173 1260 2358 1342 66161
2415 1264 2641 1342 661161

678 1349 1015 1417 mauvaise
1066 1347 1413 1413 affection?

1526 1449 1790 1503 n'mru'r.

850 1519 915 1584 N
916 1540 1020 1584 on.
1111 1518 1245 1585 Car
1286 1519 1462 1585 Dieu
1508 1540 1592 1584 en
1637 1516 2081 1585 condamnant
2122 1517 2189 1583 la
2231 1516 2450 1595 haine,
2505 1516 2636 1600 sig-

618 1608 635 1625 ‘
677 1608 835 1673 nifie
879 1603 1037 1689 qu’il
1072 1604 1365 1688 requiert
1409 1627 1537 1689 que
1573 1626 1736 1670 nous
1770 1605 2070 1689 aymions
2105 1625 2226 1670 noz
2261 1601 2635 1688 prochains,

676 1703 744 1758 et
786 1692 1172 1778 procurions
1213 1690 1361 1756 leur
1406 1690 1611 1771 salut,
1660 1697 1729 1756 et
1771 1690 1833 1756 16
1877 1697 2023 1757 tout
2064 1690 2145 1756 de
2190 1710 2394 1775 vraye
2439 1687 2636 1754 affec-

676 1781 818 1844 tion
862 1784 928 1844 et
970 1798 1125 1843 sans
1166 1777 1445 1843 feintise.

850 2035 966 2119 Dy
1009 2033 1073 2098 16
1117 2034 1462 2117 6661166166
1473 1983 2113 2100 Ἕέἓῗζῶωωὴ

1517 2137 1786 2191 1311111111.

851 2207 954 2272 Τ6
999 2226 1082 2270 ne
1123 2204 1552 2291 paillarderas
1594 2207 1797 2290 point.

1471 2329 1539 2363 ΒΣ
1574 2328 1834 2364 mssm-

851 2376 1088 2459 Quelle
1132 2385 1234 2444 est
1275 2378 1342 2443 la
1386 2379 1679 2444 somme?

1522 2483 1792 2535 L’zxrmr.

849 2548 998 2631 Quo
1040 2558 1222 2616 toute
1263 2548 1642 2635 paillardise
1687 2557 1789 2615 est
1829 2549 2154 2616 maudicte
2200 2550 2281 2616 de
2326 2551 2522 2630 Dieu‚
2571 2556 2638 2617 et

673 2643 989 2719 pourtant
1043 2635 1204 2720 qu’il
1259 2657 1427 2702 nous
1484 2657 1569 2701 611
1624 2636 1767 2700 faut
1818 2636 2143 2716 abstenir,
2214 2637 2272 2704 si
2328 2658 2495 2704 nous
2551 2658 2636 2702 ne

676 2722 954 2789 voulons
996 2743 1370 2806 provoquer
1413 2743 1536 2789 son
1578 2722 1676 2787 116
1720 2727 1942 2788 666116
1984 2744 2169 2789 6666.

1476 2845 1543 2879 ΣΒ
1578 2844 1838 2879 mm.

846 2894 951 2961 Ne
990 2895 1361 2980 requiert-il
1406 2902 1594 2960 autre
1637 2893 1874 2960 chose?

1519 2997 1789 3051 n'nxrmr.

792 3125 799 3132 .
850 3066 913 3132 ΙΙ
967 3088 1131 3135 11666
1186 3068 1328 3134 faut
1380 3068 1707 3134 tousiours
1773 3065 2084 3152 regal-der
2137 3066 2204 3132 la
2254 3072 2490 3133 nature
2549 3065 2638 3133 du

676 3153 1123 3239 Legislateur,
1187 3154 1403 3238 lequel
1467 3176 1551 3220 ne
1618 3153 1916 3220 s'arreste
2031 3174 2104 3220 as
2172 3153 2554 3222 seulement.
2597 3159 2639 3218 a

675 3238 947 3305 l’oeuvre
1026 3241 1425 3307 exterieure:
1508 3241 1673 3306 mais
1740 3240 1977 3305 deman
2024 3262 2061 3307 e
2125 3240 2476 3306 l'affection
2546 3239 2634 3304 du

676 3346 896 3392 66661.

1474 3449 1540 3483 LE
1577 3448 1837 3484 tannem.

851 3495 1192 3579 Qu’est-ce
1236 3498 1405 3563 donc
1449 3499 1605 3580 qu’il
1653 3497 1988 3581 emporte?

1524 3600 1791 3655 L’nnrnvr.

850 3668 1014 3732 Puis
1058 3690 1182 3752 que
1226 3691 1345 3734 noz
1401 3689 1588 3752 corps
1634 3679 1700 3734 et
1743 3690 1864 3734 noz
1910 3688 2089 3734 ames
2133 3674 2283 3734 sont
2326 3668 2632 3751 Temples

564 3797 575 3805 ·
679 3753 767 3819 du
823 3754 1038 3821 sainct
1090 3756 1322 3838 Esprit
1376 3755 1437 3840 (1
1484 3755 1632 3822 Gor.
1685 3760 1742 3835 3,
1788 3759 1863 3820 16
1911 3762 1978 3821 61
2025 3758 2083 3834 6,
2125 3758 2238 3832 15;
2286 3756 2324 3817 2
2372 3752 2523 3819 Gor.
2573 3759 2631 3832 6,

684 3839 813 3925 16),
860 3862 988 3923 (166
1033 3862 1201 3906 nous
1244 3842 1340 3907 les
1382 3842 1801 3908 conservions
1852 3862 1937 3907 en
1981 3846 2167 3905 toute
2222 3840 2631 3905 honnestete.

675 3927 771 4004 Et
825 3927 992 3993 ainsi
1038 3948 1162 4012 (166
1221 3949 1388 3992 6666
1440 3948 1512 3992 66
1562 3948 1680 3994 ons
1736 3928 2023 4006 chastes,
2078 3947 2212 3992 non
2268 3924 2636 3991 seulement

677 4011 759 4078 de
800 4012 985 4091 faict,
1046 4014 1213 4080 mais
1272 4014 1447 4079 aussi
1547 4037 1582 4078 c
1641 4012 1882 4093 desirs,
1944 4012 2024 4078 de
2065 4011 2378 4097 parelles,
2440 4020 2509 4077 et
2552 4011 2632 4077 de

673 4106 907 4182 gestes.
975 4099 1343 4166 'Pellement
1383 4101 1539 4183 qu’il
1584 4104 1697 4186 n’y
1733 4101 1827 4166 ait
1870 4099 2051 4165 nulle
2093 4098 2305 4183 partie
2342 4096 2422 4163 de
2457 4118 2630 4164 nous

675 4183 943 4250 souillee
988 4184 1447 4269 d'impudicite.

1430 4393 1497 4427 m
1532 4392 1789 4429 lumem.
1811 4375 1854 4442 ¹)

842 4440 1116 4505 Venons
1161 4463 1247 4506 au
1293 4440 1661 4508 huitiesme.

1512 4546 1779 4599 n'nsrm‘r.

843 4615 946 4681 'I'u
987 4635 1073 4680 ne
1119 4613 1500 4682 desroberas
1545 4616 1743 4697 point.

1464 4735 1530 4770 m
1568 4735 1827 4771 mamm.

839 4786 1149 4852 Veult-il
1209 4786 1575 4852 seulement
1629 4785 1937 4853 defendre
2001 4788 2099 4854 166
2142 4785 2382 4854 larcins
2425 4790 2624 4871 qu’on

668 4872 897 4958 punist
938 4894 1059 4956 par
1096 4872 1347 4953 iustice,
1393 4893 1477 4938 ou
1523 4871 1623 4938 s'il
1663 4872 1946 4939 s'estend
1986 4873 2136 4958 plus
2181 4871 2404 4957 loing?

896 5067 1105 5072 ———
1156 5067 1357 5072 ..m
1410 5066 1489 5073 ——-

1986 471 2109 535 LE
2156 468 2758 581 ΟΑΤΕΟῌῙΒΜΕ
2813 471 2932 536 DE
2981 470 3381 537 GENEVE.

4605 473 4684 538 72

2685 663 2692 695 ¹
3594 695 3853 731 1111661116.

2913 744 3181 811 Videris
3226 744 3658 825 subindicare,
3704 767 3916 830 genus
3960 766 4102 811 esse
4145 744 4475 829 quoddam
4515 764 4689 811 arca-

2744 851 2867 896 nae
2911 831 3148 911 caedis,
3195 853 3237 896 a
3278 852 3405 914 quo
3449 831 3559 897 hic
3604 852 3724 896 nos
3769 832 3953 897 Deus
3998 839 4284 898 revocat.

3645 952 3799 989 rm.

2918 1000 3029 1067 Sic
3073 1010 3188 1068 est.
3261 1002 3376 1068 Ira
3418 1002 3596 1067 enim
3630 1012 3698 1067 et
3732 1002 3972 1080 odium,
4019 1010 4087 1068 et
4119 1002 4389 1086 quaevis
4423 1002 4694 1069 nocendi

2745 1088 3087 1171 cupiditate,
3133 1088 3361 1154 caedes
3406 1109 3621 1155 coram
3660 1088 3805 1153 Deo
3842 1098 4165 1155 censetur.

3601 1211 3859 1245 nmmum.

2917 1258 3183 1325 Satisne
3228 1259 3520 1327 defuncti
3564 1282 3790 1327 sumus
3808 1313 3823 1339 ,
3871 1262 3925 1327 si
3971 1261 4304 1326 neminem
4347 1281 4692 1345 persequa-

2743 1367 2897 1410 mur
2939 1345 3126 1411 odio?
4035 1360 4042 1367 ·

3644 1468 3797 1504 DUEB·

2914 1518 3364 1602 Nequaquam.
3456 1516 3798 1601 Siquidem
3854 1519 4181 1585 Dominus
4232 1518 4454 1583 odium
4514 1516 4694 1584 dam-

2743 1602 2979 1683 nando,
3028 1610 3094 1668 ct
3138 1625 3254 1669 nos
3292 1602 3573 1671 arcendo
3617 1624 3657 1668 a
3691 1605 3921 1688 quavis
3955 1625 4148 1683 noxa,
4196 1625 4326 1688 qua
4358 1606 4696 1689 proximus

2745 1697 2974 1756 nostor
3016 1687 3344 1769 laedatur,
3399 1688 3600 1754 simul
3643 1689 3770 1755 hoc
3823 1712 3892 1755 66
3949 1691 4213 1775 exigere
4258 1690 4574 1770 ostendit,
4625 1697 4698 1755 61

2742 1797 2969 1843 omnes
3007 1776 3320 1842 mortales
3354 1797 3439 1841 ex
3483 1777 3701 1841 animo
3737 1775 4107 1861 diligamus,
4156 1798 4231 1844 ac
4273 1776 4560 1842 fideliter
4602 1778 4696 1860 ip-

2741 1863 2832 1928 s'is
2875 1862 3140 1928 tuendis
3184 1860 3784 1946 conservandisque
3829 1861 4232 1930 studeamus.

2910 2039 3029 2115 [fol.
3077 2037 3182 2115 44]
3229 2034 3372 2099 Iam
3418 2033 3501 2099 ad
3545 1983 3915 2117 seffilisrbndm.

3643 2156 3791 2195 PUER-

2912 2207 2976 2271 N
2979 2229 3064 2272 on
3107 2205 3569 2272 moechaberis.

2977 2337 2983 2345 ·
3590 2327 3855 2363 mmm.

2911 2378 3191 2460 Expone
3237 2396 3402 2461 quae
3443 2378 3529 2442 sit
3573 2398 3849 2443 summa.

2918 2548 3400 2616 Sem-tationem
3435 2500 3792 2632 quamsitbngt·
3833 2551 4248 2618 maledictam
4293 2571 4437 2617 6666
4480 2569 4698 2616 coram

2739 2637 2901 2702 Deo,
2993 2634 3308 2715 Proinde,
3367 2635 3494 2705 nisi
3551 2636 3722 2700 iram
3768 2635 3895 2702 Dei
3941 2635 4222 2703 velimus
4264 2636 4336 2701 in
4379 2658 4503 2702 nos
4549 2657 4698 2721 pro-

2739 2742 2994 2800 vocare,
3042 2722 3123 2786 ab
3166 2720 3280 2786 illa
3323 2743 3464 2787 esse
3511 2719 3862 2806 diligenter
3903 2722 4382 2790 abstinendum.

2911 2891 3184 2959 Nihilne
3227 2898 3566 2976 praeterea
3585 2843 3917 2977 ssgqffit?

2911 3064 3348 3149 Respicienda
3371 3085 3632 3149 semper
3643 3015 4022 3134 ι6116111111611616
4040 3065 4460 3152 legislatoris:
4501 3086 4700 3151 quem

2741 3152 3057 3232 diximus,
3122 3172 3256 3216 non
3310 3158 3581 3217 externo
3635 3151 3828 3218 modo
3893 3155 4075 3238 operi
4142 3153 4510 3234 immorari,
4585 3149 4700 3220 sed

2738 3238 2944 3304 animi
2985 3237 3204 3322 potius
3247 3238 3585 3305 affectibus
3630 3260 3773 3305 esse
3814 3239 4161 3306 intentum.

3072 3443 3082 3450 '
3583 3446 3839 3481 mumma.

2912 3495 3090 3579 Quid
3134 3516 3291 3580 ergo
3326 3496 3474 3578 plus
3510 3495 4046 3579 comprehendit?

3638 3618 3790 3653 PUBB.

2907 3669 3018 3734 Ex
3060 3689 3185 3751 quo
3224 3675 3362 3732 tum
3388 3688 3661 3750 corpora
3694 3674 3937 3748 nostra,
3976 3676 4119 3732 tum
4152 3667 4411 3734 animae
4447 3668 4699 3753 templa

2738 3762 2897 3820 sunt
2939 3755 3212 3838 spiritus
3246 3755 3478 3834 sancti,
3527 3761 3602 3818 ut
3633 3761 3879 3819 castam
3915 3754 4212 3837 utrisque
4227 3753 4287 3839 ²)
4330 3754 4694 3838 puritatem

2735 3847 3173 3926 praestemus:
3232 3862 3306 3906 ac
3349 3838 3627 3924 proinde
3673 3861 3808 3905 non
3851 3839 4109 3906 externi
4151 3846 4410 3905 tantum
4453 3838 4696 3925 flagitii

2738 3927 3139 3993 abstinentia
3188 3925 3408 4009 pudici
3463 3926 3700 3992 simus:
3755 3925 3870 3992 sed
3913 3926 4113 3991 etiam
4168 3924 4392 4005 corde,
4452 3926 4694 4005 verbis,

2735 4022 2927 4098 gestu
2970 4011 3250 4096 denique
3293 4012 3580 4095 corporis
3634 4019 3700 4076 61
3745 4013 4016 4077 6611666.
4105 4011 4410 4094 Denique
4456 4032 4694 4096 661666

2734 4101 2816 4166 ab
2869 4100 3048 4165 omni
3102 4098 3374 4164 lascivia
3425 4119 3666 4181 purum
3714 4098 3830 4178 sit,
3888 4099 4147 4164 animus
4191 4098 4272 4163 ab
4316 4098 4497 4163 omni
4539 4097 4691 4163 libi-

2675 4263 2684 4397 Ι
2734 4185 2911 4252 dine:
2957 4191 3035 4251 ut
3076 4184 3263 4250 nulla
3295 4205 3450 4267 pars
3490 4184 3701 4249 nostri
3744 4183 4188 4274 impudicitiae
4244 4183 4547 4251 sordibus
4603 4184 4695 4250 sit

2730 4271 3091 4356 inquinata.

3577 4391 3839 4437 1111116161.

2672 4406 2682 4541 Ι
2901 4441 3270 4508 Veniamus
3313 4441 3397 4506 ad
3439 4450 3761 4507 octavum.

3631 4561 3784 4598 Pm-

2902 4614 2966 4680 N
2968 4634 3055 4680 on
3101 4613 3442 4680 furaberis.

3579 4734 3834 4768 mxuma.

4069 4803 4194 4849 uae
4234 4783 4543 4849 humanis
4587 4781 4690 4848 16-

2901 4786 3090 4851 Eane
3136 4792 3394 4850 tantum
3440 4784 3614 4849 furta
3657 4784 3979 4868 prohibet,
4077 4868 4169 4934 ‘t?

2732 4870 2923 4957 gibus
2965 4871 3355 4956 puniuntur,
3400 4891 3486 4936 an
3531 4870 3789 4956 lougius
3832 4891 3989 4954 proc

979 5199 1036 5263 1)
1074 5196 1154 5251 Le
1189 5195 1276 5252 30.
1310 5169 1608 5252 dimancbe.
1644 5223 1709 5235 —-
1743 5198 1824 5254 Le
1859 5199 2141 5255 huitiesme
2180 5199 2655 5255 commandement.
2693 5225 2760 5235 —
2793 5198 3007 5253 Larcin.
3048 5224 3108 5245 ›-
3147 5197 3345 5253 Larcin
3369 5197 3643 5251 1111611661.
3669 5224 3733 5234 -
3756 5196 3834 5250 Le
3869 5195 4166 5252 neufiesme
4203 5195 4688 5251 commandement.

670 5298 737 5309 -
770 5267 1031 5323 Docti-ine
1067 5266 1320 5334 generale
1359 5266 1431 5320 du
1465 5268 1744 5322 iurement.

662 5403 950 5471 serendum
986 5406 1072 5458 sit.

976 5333 1038 5400 2)
1080 5333 1176 5389 Sic
1206 5336 1341 5389 libri
1370 5337 1550 5390 nostri
1576 5337 1693 5402 fere
1725 5351 1925 5392 emm.
1950 5395 1959 5416 ,
1998 5335 2349 5392 Remuores
2382 5343 2565 5392 tamen
2598 5334 2855 5391 nonnum
2889 5332 3066 5401 (1561.
3108 5332 3272 5399 1570)
3307 5334 3584 5388 exhibent:
3629 5335 3926 5404 utriusque,
3961 5333 4109 5404 quod
4139 5333 4265 5388 vide
4298 5349 4489 5390 annon
4516 5345 4688 5401 prae-
