4999 6179
380 441 503 509 309

377 627 522 693 1)80
581 637 697 693 aut
753 629 1090 694 hominem
1132 638 1454 709 creatum,
1507 639 1623 695 aut
1664 632 1929 714 nuptias
1974 633 2332 709 institutas,

298 749 304 754 ·
377 724 492 780 aut
535 714 750 798 legem
808 712 1129 798 prodiisse
1183 735 1517 799 negamus.
1606 715 1867 782 Verum
1909 717 2039 782 alia
2082 737 2335 801 quoque

378 799 709 866 addebant
761 801 1152 866 Manichaei.
1243 801 1443 867 Cadit
1491 804 1714 884 itaque
1770 810 1910 868 tota
1950 803 2092 868 eius
2134 805 2334 868 ratio-

378 886 638 953 cinatio.
742 883 975 963 Vides,
1031 888 1277 969 inquit,
1336 888 1553 970 capita
1594 888 2159 972 blasphemiarum
2203 890 2333 954 Pe-

376 972 536 1056 lagii
553 1022 568 1049 ,
621 971 696 1035 in
789 972 984 1038 uibus
1041 992 1179 1037 non
1243 981 1346 1038 est
1363 1025 1378 1051 ,
1435 974 1610 1057 quod
1655 973 1939 1039 liberum
1985 975 2334 1039 arbitrium

377 1065 646 1123 asserat.
801 1058 827 1122 i
879 1058 1058 1123 valet
1112 1058 1276 1124 haec
1331 1060 1529 1137 ratio,
1576 1080 1694 1123 cur
1737 1081 1872 1125 non
1919 1060 2223 1125 similiter
2266 1067 2335 1124 et

375 1143 490 1208 illa
512 1142 780 1208 valeat?
850 1143 1059 1209 Vides
1094 1145 1308 1226 capita
1343 1144 1902 1228 blasphemiarum
1932 1146 2329 1222 Manichaei,

375 1230 448 1295 in
485 1229 730 1312 quibus
772 1228 1033 1294 nullum
1077 1241 1194 1307 est,
1241 1232 1431 1296 cuius
1474 1250 1597 1296 nos
1638 1232 1980 1297 insimulet
2024 1231 2327 1315 Pighius.

375 1316 527 1380 Non
572 1315 752 1379 enim
795 1322 1031 1399 potest.
1121 1313 1438 1397 Sequitur
1480 1337 1655 1400 ergo,
1699 1318 2074 1401 improbum
2117 1324 2187 1382 et
2226 1318 2331 1382 fu-

373 1401 558 1466 tilem
615 1420 758 1465 esse
824 1400 1362 1466 calumniatorem
1381 1452 1397 1479 ,
1467 1404 1578 1484 qui
1633 1422 1757 1467 nos
1813 1405 1958 1469 eius
2018 1402 2330 1468 haeretici

376 1486 727 1569 discipulos
783 1506 927 1552 esse
980 1488 1367 1552 criminetur
1384 1538 1398 1563 ‚
1457 1509 1608 1554 cum
1664 1508 1793 1571 quo
1849 1488 2018 1553 nihil
2059 1510 2333 1572 prorsus

374 1572 692 1639 habemus
747 1572 978 1637 simile.
1080 1572 1266 1638 Haec
1321 1593 1458 1637 non
1508 1574 1578 1639 in
1637 1575 1844 1640 alium
1899 1576 2102 1640 finem
2157 1573 2334 1640 dicta

374 1660 528 1737 sint,
571 1659 701 1724 nisi
744 1665 823 1722 ut
865 1666 1197 1741 appareat,
1243 1659 1582 1743 Pighium,
1629 1659 1784 1725 dum
1822 1661 2082 1726 levibus
2120 1660 2332 1743 magis

1858 441 1988 508 DE
2033 442 2389 510 LIBERO
2435 444 2911 511 ARBI'PRIO.

4280 453 4412 517 310

2439 632 2620 716 gius:
2677 633 3088 699 voluntatem
3134 655 3291 700 vero
3337 644 3405 701 et
3446 638 3752 702 effectum
3810 659 4012 720 penes
4062 638 4401 703 hominem

2439 738 2583 782 esse
2627 717 2899 784 dicebat.
2992 719 3393 804 Quanquam
3436 743 3593 787 eum
3635 723 3704 786 in
3749 722 4199 805 possibilitatis
4241 743 4403 791 voce

2437 801 2710 869 fallendi
2765 804 3086 870 latebram
3142 826 3458 889 quaerere
3509 807 3732 891 arguit
3775 809 4188 892 Augustinus
4202 859 4217 887 ,
4264 828 4401 874 non

2439 896 2664 954 tamen
2708 891 2908 955 etiam
2953 892 3010 956 si
3052 892 3243 958 fucus
3279 892 3391 957 1118
3426 892 3719 972 tollatur,
3766 913 3842 957 80
3886 901 4233 958 contentus
4267 902 4399 958 est:

2439 974 2556 1038 sed
2610 975 2733 1041 hoc
2788 985 3167 1042 constanter
3219 984 3447 1043 tuetur
3460 1030 3474 1056 ,
3533 978 3943 1044 voluntatem
3999 979 4128 1044 Dei
4184 980 4403 1062 gratia

2436 1060 2677 1124 bonam
2732 1062 2874 1126 fieri
2892 1113 2908 1140 ,
2979 1072 3047 1127 et
3104 1064 3457 1129 efficaciter
3510 1085 3633 1129 nos
3690 1063 3888 1148 dirigi
3946 1062 4030 1128 ad
4086 1064 4398 1129 effectum

2435 1166 2645 1227 usque
2688 1147 2842 1212 boni
2895 1150 3131 1230 operis.
3219 1149 3283 1214 Ν
3287 1170 3372 1214 011
3414 1149 3629 1234 solum
3682 1170 3874 1231 posse
3916 1157 4249 1227 nostrum,
4294 1151 4401 1213 in-

2436 1233 2594 1312 quit,
2624 1232 2675 1315 ¹)
2734 1232 3006 1299 donavit
3058 1242 3254 1317 atque
3297 1234 3574 1302 adiuvat
3618 1236 3823 1313 Deus,
3866 1234 3980 1299 sed
4024 1235 4195 1302 velle
4238 1255 4400 1318 quo-

2436 1337 2565 1398 que
2610 1325 2679 1382 et
2728 1320 2989 1401 operari
3032 1320 3232 1385 efficit
3284 1322 3355 1385 in
3399 1322 3605 1386 nobis.
3698 1319 3850 1385 Non
3902 1321 4059 1403 quia
4100 1341 4235 1386 non
4278 1339 4401 1386 vo-

2434 1401 2656 1469 lumus
2700 1425 2836 1480 nos,
2882 1412 3000 1469 aut
3040 1425 3178 1469 non
3224 1407 3514 1489 agimus,
3561 1404 3677 1471 sed
3720 1405 3874 1487 quia
3917 1414 4276 1488 utrumque
4318 1406 4399 1471 fit

2437 1489 2579 1553 eius
2624 1490 2889 1555 auxilie.
2980 1489 3161 1571 Quid
3200 1499 3423 1557 autem
3466 1492 3589 1557 hoc
3630 1491 3870 1570 valeat,
3908 1513 3992 1556 ex
4028 1492 4239 1573 capite
4285 1490 4399 1555 de-

2436 1574 2608 1638 cimo
2652 1584 2886 1658 quarto
2929 1576 3166 1641 melius
3220 1577 3644 1661 intelligetur.
3737 1575 3813 1642 Si
3857 1584 3984 1654 est,
4029 1576 4271 1659 inquit,
4319 1585 4398 1641 ut

2436 1661 2683 1725 veritas
2727 1659 2933 1738 docet,
2978 1683 3208 1727 omnes
3252 1663 3499 1741 venire,
3547 1664 3657 1745 qui
3701 1683 3741 1725 a
3784 1671 3974 1744 patre
4018 1660 4400 1727 didicerint:

373 1745 681 1828 argutiis,
722 1764 922 1825 quam
965 1745 1144 1809 veris
1197 1744 1691 1827 probationibus
1733 1747 2010 1824 insistit,
2070 1767 2188 1812 suo
2230 1746 2330 1827 ip-
2437 1746 2735 1829 quisquis
2791 1768 2927 1811 non
2986 1749 3196 1827 venit,
3252 1749 3540 1829 profecto
3595 1767 3717 1813 nec
3775 1745 4019 1814 didicit.
4122 1748 4399 1813 Postea:

375 1831 511 1897 sius
547 1829 809 1906 indici0,
836 1830 888 1912 ¹)
930 1829 1144 1895 instar
1179 1831 1427 1905 soricis,
1472 1838 1551 1894 ut
1586 1833 1789 1907 aiunt,

376 1915 461 1981 ad
519 1917 782 1981 firmam
847 1918 1341 1998 responsionem
1404 1919 1616 1982 venio,
1719 1916 1812 1984 Ut
1875 1918 1981 1983 hic
2045 1917 2334 1982 breviter

374 2002 850 2085 comprehensa
903 2003 991 2067 sit
1048 2022 1309 2067 summa
1363 2022 1665 2068 errorum
1723 2003 2007 2088 Pelagii,
2070 2001 2333 2067 disertis

373 2099 597 2153 tamen
640 2088 861 2153 verbis
902 2086 1294 2170 explicatam
1337 2108 1482 2153 esse
1527 2109 1716 2171 nego.
1784 2089 1951 2154 Eius
1996 2088 2094 2153 rei
2137 2085 2335 2152 fidem

372 2193 571 2239 nemo
612 2174 829 2239 facere
871 2173 1107 2239 melius
1149 2174 1419 2256 poterit,
1466 2195 1665 2256 quam
1710 2177 2129 2258 Augustinus
2170 2175 2332 2257 ipse,

373 2262 483 2343 qui
529 2259 686 2325 alibi
702 2261 758 2339 2)
807 2257 1146 2323 duodecim
1190 2260 1407 2342 capita
1449 2262 1699 2339 recitat,
1745 2281 1912 2344 quae
1958 2260 2041 2327 ab
2088 2261 2174 2325 iis
2210 2258 2333 2325 sibi

374 2344 641 2412 concedi
705 2344 1026 2427 postulat,
1094 2346 1206 2428 qui
1277 2367 1318 2410 a
1380 2346 1854 2430 pelagianismo
1916 2367 2204 2431 purgare
2262 2366 2334 2411 se

372 2431 652 2497 vellent:
696 2450 864 2513 quae
908 2429 1058 2512 plus
1102 2430 1462 2509 continent,
1508 2452 1711 2514 quam
1756 2431 1862 2499 hic
1901 2434 2329 2516 exprimatur.

372 2514 633 2582 Deinde
648 2568 664 2593 ,
711 2516 883 2581 nihil
930 2515 1038 2582 hic
1081 2515 1163 2582 de
1206 2518 1602 2599 perfectione
1644 2519 1967 2597 iustitiae,
2014 2517 2099 2583 ad
2132 2538 2332 2601 quam

371 2603 711 2668 hominem
755 2603 1106 2684 pervenire
1145 2624 1338 2685 posse
1373 2604 1731 2688 fingebant,
1776 2611 1853 2668 ut
1887 2613 2062 2671 esset
2094 2603 2166 2668 in
2209 2603 2335 2668 hac

371 2689 515 2755 vita
556 2681 986 2773 ἀναμάρτητος.
1060 2689 1248 2753 Ν11111
1285 2688 1365 2754 de
1405 2691 1622 2773 gratia
1660 2688 2116 2773 subsequente,
2162 2688 2332 2753 nihil

372 2774 455 2840 de
507 2783 829 2859 perpetua
883 2775 1025 2840 eius
1076 2774 1160 2840 ad
1217 2776 1509 2860 singulos
1572 2783 1762 2840 actus
1819 2775 2328 2853 continuatione,

372 2859 539 2924 nihil
599 2859 877 2941 denique
933 2860 1016 2924 de
1073 2861 1392 2926 electione
1446 2862 1739 2944 gratuita
1784 2868 1930 2940 [pag.
1975 2877 1999 2925 1
2012 2867 2120 2939 07]
2166 2860 2328 2926 fide-

1835 1832 2070 1916 perire.
2137 1832 2333 1895 Nunc
2382 1808 2388 1869 ¹

2439 1829 2724 1912 Quando
2766 1833 2973 1915 igitur
3016 1832 3206 1899 docet
3247 1832 3452 1910 Deus,
3499 1855 3635 1898 non
3689 1839 3835 1913 [pag.
3880 1837 4031 1912 108]
4073 1854 4190 1916 per
4229 1832 4402 1917 legis

2436 1915 2717 1993 literam,
2764 1917 2878 1983 sed
2913 1940 3037 2002 per
3069 1920 3344 2001 spiritus
3382 1921 3682 2002 gratiam,
3728 1921 3824 1985 ita
3861 1917 4066 1997 docet,
4113 1925 4191 1983 ut
4225 1918 4403 2001 quod

2437 2003 2719 2085 quisque
2771 2003 3100 2079 didicerit,
3163 2026 3297 2069 11011
3352 2012 3611 2069 tantum
3671 2003 4115 2088 cognoscendo
4159 2004 4401 2083 videat,

2438 2085 2558 2152 sed
2599 2089 2797 2153 etiam
2841 2088 3127 2154 volendo
3171 2098 3457 2171 appetat,
3503 2089 3888 2174 agendoque
3930 2090 4242 2172 perficiat.
4310 2088 4406 2154 Et

2437 2173 2565 2238 isto
2610 2171 2833 2240 divino
2878 2173 3154 2241 docendi
3196 2173 3389 2238 modo
3406 2226 3421 2251 ,
3469 2177 3665 2240 etiam
3711 2175 4019 2240 voluntas
4062 2183 4131 2239 et
4172 2194 4404 2257 opera-

2437 2260 2535 2323 tio
2548 2311 2564 2337 ,
2609 2280 2746 2325 non
2806 2260 2945 2325 sola
2988 2258 3250 2325 volendi
3293 2269 3363 2325 et
3413 2258 3730 2343 operandi
3773 2259 4171 2341 possibilitas
4215 2259 4401 2325 adiu-

2438 2354 2652 2410 vatur.
2762 2344 2840 2411 Si
2906 2346 3085 2411 enim
3151 2345 3368 2410 solum
3432 2366 3624 2427 posse
3684 2357 3991 2409 nostrum
4054 2347 4403 2409 iuvaretur

2436 2451 2557 2513 per
2600 2432 2902 2515 gratiam,
2947 2432 3042 2495 ita
3087 2430 3335 2497 diceret
3358 2429 3715 2495 Dominus:
3766 2427 4006 2495 Omnis
4052 2431 4168 2512 qui
4213 2428 4402 2494 audi-

2437 2518 2537 2582 vit
2579 2527 2647 2581 et
2689 2516 2935 2595 didicit,
2992 2517 3222 2582 venire
3272 2523 3508 2599 potest.
3599 2515 3664 2580 N
3665 2537 3752 2580 on
3803 2524 4027 2581 autem
4077 2513 4207 2580 hoc
4250 2525 4401 2579 tan-

2437 2612 2604 2679 tum,
2649 2602 2765 2668 sed
2807 2604 3066 2680 venire,
3123 2600 3299 2668 dicit.
3390 2602 3641 2668 Venire
3683 2621 3902 2683 posse,
3948 2601 4290 2665 constituit
4330 2600 4404 2664 in

2435 2696 2681 2753 natura
2724 2689 3065 2771 Pelagius:
3110 2688 3221 2753 vel
3262 2690 3464 2753 etiam
3508 2689 3579 2751 in
3623 2688 3869 2770 gratia,
3914 2705 4046 2769 qua
4088 2686 4249 2750 dicit
4283 2684 4399 2750 ad-

2436 2773 2655 2840 iuvari
2697 2774 3202 2857 possibilitatem
3242 2773 3472 2856 ipsam.
3564 2773 3814 2838 Venire
3858 2779 4111 2850 autem,
4161 2773 4237 2835 in
4277 2791 4399 2835 vo—

2436 2857 2692 2924 luntate
2726 2868 2794 2924 et
2832 2879 3029 2942 opere
3071 2866 3189 2925 est.
3277 2860 3491 2923 Porro
3535 2880 3667 2923 non
3713 2866 3816 2924 est
3855 2878 4278 2939 consequens,
4322 2865 4400 2920 ut

371 2945 534 3010 lium
553 2996 568 3023 ,
636 2953 704 3010 et
764 2948 1117 3028 impiorum
1193 2946 1277 3011 ad
1353 2956 1633 3012 mortem
1697 2947 2326 3030 praedestinatione:
2380 2932 2387 2999 ί
2436 2946 2550 3027 qui
2594 2952 2808 3028 potest
2849 2946 3108 3022 venire,
3154 2947 3356 3010 etiam
3400 2944 3653 3022 veniat,
3698 2945 3832 3008 nisi
3876 2943 4158 3010 voluerit
4201 2950 4399 3025 atque

372 3050 540 3116 quae
595 3032 794 3099 fuisse
851 3033 1029 3098 inter
1083 3053 1194 3097 eos
1244 3034 1539 3098 maxima
1588 3035 2073 3103 controversiae
2115 3032 2331 3116 capita
2380 3002 2387 3130 Ι
2435 3031 2693 3098 fecerit:
2748 3029 2864 3096 sed
2917 3032 3132 3097 omnis
3183 3031 3295 3114 qui
3351 3029 3579 3096 didicit
3636 3050 3677 3094 a
3728 3036 3944 3110 patre,
4006 3049 4140 3093 non
4183 3028 4400 3093 solum

370 3126 603 3183 notum
660 3125 778 3184 est.
877 3116 1046 3200 Quis
1100 3139 1256 3200 ergo
1298 3139 1430 3183 non
1476 3118 1687 3198 videt,
1745 3122 1944 3186 nimis
1986 3120 2332 3204 pueriliter

369 3204 693 3288 Pighium
737 3203 1057 3287 ineptire?
1601 3236 1608 3240 ·

547 3289 804 3356 Verum
846 3292 1060 3375 magis
1094 3299 1290 3372 urget
1332 3290 1500 3353 alter
1538 3291 1738 3369 locus,
1780 3313 1863 3356 ex
1908 3292 2122 3373 primo
2161 3288 2329 3354 libro

373 3376 456 3442 de
499 3375 741 3441 Gratia
795 3375 1048 3442 Christi
1091 3382 1158 3439 et
1211 3375 1516 3459 originali
1567 3383 1861 3460 peccato:
1923 3376 2039 3441 ubi
2080 3374 2330 3441 nullam

371 3464 514 3528 fore
569 3463 1015 3545 quaestionem
1070 3461 1337 3539 asserit,
1393 3461 1449 3526 si
1504 3461 1848 3545 Pelagius,
1905 3459 2328 3544 quemadmo-

374 3549 536 3614 dum
576 3568 768 3631 posse
802 3559 1104 3614 nostrum
1139 3569 1180 3612 a
1203 3548 1349 3613 Deo
1383 3550 1751 3626 confitetur,
1796 3549 1891 3613 ita
1923 3546 2094 3612 velle
2128 3547 2331 3611 etiam

371 3643 442 3700 et
496 3654 693 3717 agere
737 3634 938 3699 simul
984 3632 1280 3699 adderet:
1337 3632 1464 3697 hoc
1503 3642 1634 3711 est,
1685 3655 1820 3699 non
1863 3633 2077 3699 solum
2121 3631 2329 3715 possi-

372 3719 695 3785 bilitatem
749 3721 822 3784 in
875 3718 1174 3798 homine,
1233 3719 1436 3783 etiam
1492 3720 1550 3784 si
1604 3739 1726 3784 1180
1767 3719 1954 3796 velit,
2010 3739 2134 3784 nec
2175 3724 2333 3802 agat

371 3807 572 3884 bene,
629 3805 744 3871 sed
797 3806 1010 3888 ipsam
1077 3825 1332 3888 quoque
1388 3804 1798 3870 voluntatem
1862 3814 1931 3870 et
1986 3804 2329 3881 actionem,

372 3891 445 3957 id
487 3901 608 3970 est,
653 3900 730 3957 ut
773 3891 939 3957 bene
982 3892 1261 3957 velimus
1304 3898 1373 3955 et
1413 3889 1581 3955 bene
1624 3910 1930 3974 agamus,
1986 3910 2154 3973 quae
2196 3909 2332 3954 non

375 3986 534 4044 sunt
574 3980 644 4042 in
688 3977 986 4054 homine,
1029 3977 1159 4042 nisi
1203 3975 1465 4060 quando
1507 3976 1656 4042 vult
1697 3984 1765 4041 et
1807 3977 1972 4041 bene
2105 3976 2185 4054 't,
2233 3973 2331 4039 di-

373 4065 629 4129 vinitus
695 4062 998 4128 adiuvari
1055 4070 1466 4146 agnosceret:
1528 4071 1607 4127 ut
1660 4064 1803 4128 sine
1852 4061 1966 4127 illo
2011 3995 2332 4126 ffiutorio

373 4149 544 4215 nihil
585 4148 754 4214 bene
795 4148 1108 4228 velimus,
1155 4168 1277 4214 nec
1322 4168 1599 4232 agamus
1617 4199 1632 4227 ‚
1679 4168 1952 4230 eamque
1996 4166 2139 4211 esse
2182 4166 2332 4231 graf

375 4236 544 4300 tiam
577 4234 860 4312 Christi,
904 4254 1025 4317 per
1067 4254 1266 4316 quam
1309 4254 1430 4299 nos
1473 4254 1612 4310 sua,
1658 4254 1796 4298 non
1844 4241 2094 4310 nostra,
2140 4233 2332 4296 iusti-

373 4321 475 4385 tia
514 4321 726 4386 iustos
773 4319 957 4402 facit:
1016 4329 1095 4383 ut
1137 4339 1218 4384 ea
1259 4320 1347 4384 sit
1379 4339 1539 4386 vera
1577 4326 1805 4383 nostra
1846 4318 2123 4396 iustitia,
2168 4337 2334 4399 quae

374 4406 567 4472 nobis
611 4407 693 4472 ab
736 4405 850 4471 illo
887 4413 1004 4470 est.
1073 4405 1261 4471 Haec
1306 4406 1484 4469 enim
1521 4412 1679 4470 sunt
1713 4404 2072 4486 Augustini
2113 4405 2333 4481 verba,

374 4512 511 4557 non
556 4504 631 4558 ut
667 4514 713 4557 a
754 4491 996 4575 Pighio
1038 4492 1435 4556 referuntur.
1525 4490 1660 4555 Hic
1700 4489 1867 4554 mihi
1911 4488 2336 4554 vehementer

377 4577 628 4643 scilicet
683 4576 1059 4644 sudandum
1116 4585 1243 4653 est,
1298 4582 1376 4639 ut
1434 4575 1611 4641 hunc
1663 4573 1911 4641 nodum
1970 4574 2332 4657 expediam.

379 4663 519 4728 Sed
561 4665 692 4730 iam
737 4663 1119 4729 facillimam
1162 4663 1488 4726 rationem
1531 4661 1774 4727 inveni.
1866 4661 2115 4725 Fateor
2158 4661 2336 4724 enim

373 4769 612 4814 verum
667 4770 809 4814 esse
854 4746 1030 4831 quod
1076 4747 1232 4812 dicit
1273 4748 1717 4832 Augustinus:
1774 4764 1850 4810 ac
1906 4747 1965 4811 si
2008 4745 2089 4810 de
2129 4746 2338 4811 tribus

369 4836 525 4900 istis
566 4836 743 4900 inter
784 4855 906 4899 nos
949 4834 1122 4899 bona
1162 4832 1293 4898 fide
1335 4833 1713 4911 conveniat,
1772 4853 1907 4896 non
1962 4828 2155 4896 modo
2199 4851 2339 4897 cer-

374 4929 606 4986 tamen
650 4920 952 4985 omittere
994 4928 1267 5003 paratus
1311 4939 1489 4998 sum,
1546 4916 1661 4984 sed
1706 4938 1874 5001 nego
1918 4917 2128 4982 ullum
2175 4936 2336 4982 esse.

375 5005 899 5072 Possibilitatem
954 5005 1252 5070 adiuvari
1297 5004 1427 5069 Dei
1471 5005 1715 5087 gratia,
1770 5003 2101 5068 fatebatur
2144 5001 2340 5066 Pela-

376 5181 548 5190 ——m
611 5183 768 5189 ew...-

527 5295 585 5362 1)
631 5296 892 5365 Princeps
926 5296 1113 5351 habet.-
1149 5262 1358 5350 iudicio.

524 5365 587 5428 2)
631 5366 709 5418 Ad
747 5366 979 5419 Vitalem
1020 5366 1186 5430 Epist.
1227 5362 1340 5416 10‘1.

2434 3124 2651 3200 potest
2705 3119 2937 3182 venire
2953 3168 2968 3194 ,
3027 3116 3143 3182 sed
3196 3117 3408 3183 venit:
3462 3115 3577 3182 ubi
3629 3117 3763 3180 iam
3820 3123 3888 3180 et
3938 3113 4399 3197 possibilitatis

2433 3205 2781 3285 profectus,
2828 3210 2896 3267 et
2936 3201 3298 3268 voluntatis
3343 3202 3617 3266 affectus
3630 3251 3646 3279 ,
3692 3211 3761 3265 et
3804 3202 4076 3266 actionis
4121 3199 4395 3265 effectus

2434 3297 2552 3353 est.
2643 3287 2825 3369 Quid
2900 3286 3181 3373 Pighius
3249 3287 3536 3369 amplius
3597 3285 3788 3362 velit,
3871 3293 3991 3352 aut
4053 3282 4395 3367 requirat?

2431 3373 2604 3439 Dico
2652 3394 2762 3438 me
2817 3374 2989 3439 hanc
3041 3373 3410 3456 pactionem
3460 3379 3598 3437 toto
3642 3373 3863 3437 animo
3918 3371 4254 3453 amplecti,
4322 3377 4401 3434 ut

2434 3460 2622 3525 nulla
2665 3459 2755 3525 sit
2803 3460 2984 3524 inter
3038 3479 3160 3524 nos
3203 3459 3551 3537 contentio,
3608 3457 3732 3523 hac
3774 3459 3951 3523 inter
3991 3477 4112 3522 nos
4153 3456 4400 3521 consti-

2432 3553 2581 3610 tuta
2622 3544 2938 3611 doctrina.
3029 3543 3209 3625 Quid
3262 3543 3450 3626 ipse?
3540 3545 3784 3608 'Potum
3841 3544 4129 3608 hominis
4181 3540 4399 3607 defec-

2434 3640 2581 3696 tum
2624 3632 2696 3696 in
2734 3629 3169 3715 possibilitate
3212 3627 3510 3696 includit.
3594 3629 3792 3694 Hanc
3834 3649 4093 3714 quoque
4137 3628 4230 3693 sic
4265 3628 4399 3693 Dei

2437 3718 2654 3801 gratia
2695 3717 2892 3817 fingit
2935 3714 3269 3794 adiuvari,
3314 3722 3393 3779 ut
3433 3715 3772 3794 voluntas,
3818 3717 3873 3781 si
3918 3715 4110 3793 velit,
4155 3713 4394 3796 possit:

2436 3801 2520 3868 ab
2574 3803 2819 3868 efficaci
2874 3804 3128 3885 gratiae
3184 3801 3566 3885 operatione
3621 3807 3937 3884 tanquam
3990 3821 4031 3864 a
4070 3798 4398 3883 periculo-

2437 3889 2694 3953 sissimo
2737 3887 3034 3971 scopu10,
3080 3887 3189 3952 vel
3232 3886 3452 3969 potius
3494 3887 3825 3969 praesenti
3874 3885 4235 3968 naufragio,
4282 3883 4399 3949 ab·

2436 3973 2681 4039 horret.
2783 3971 2919 4053 Qui
2966 3980 3189 4038 autem
3240 3972 3498 4037 illustre
3562 3971 3714 4036 fidei
3771 3978 3839 4036 et
3894 3969 4197 4037 candoris
4251 3971 4395 4036 eius

2438 4061 2772 4143 specimen
2827 4059 3071 4124 habere
3128 4056 3336 4132 volet,
3393 4055 3778 4140 diligentius
3817 4056 4147 4139 expendat
4162 4106 4177 4132 ,
4235 4055 4397 4139 quid

2435 4146 2510 4209 in
2553 4145 2678 4211 hoc
2720 4144 2860 4210 loco
2901 4144 3376 4209 immutaverit.
4118 4193 4119 4196 ,

2610 4229 2837 4294 Nihilo
2889 4229 3044 4313 plus
3091 4228 3495 4294 difficultatis
3548 4227 3751 4292 habet
3803 4228 3986 4292 locus
4000 4277 4016 4304 ,
4069 4246 4268 4309 quem
4313 4248 4400 4290 ex

2437 4316 2638 4381 tertio
2681 4315 3230 4400 Hypognosticmv
3283 4312 3602 4396 adiungit.
3694 4312 4017 4378 Liberum
4051 4310 4400 4394 arbitrium

2439 4402 2699 4485 negari,
2745 4401 3052 4484 prohibet
3102 4399 3219 4464 ille
3274 4399 3572 4480 scriptor.
3660 4398 3890 4481 Neque
3944 4398 4123 4462 enim
4168 4398 4402 4479 Augu-

2442 4487 2692 4551 stinum
2735 4507 2880 4552 esse
2894 4537 2909 4565 ‚
2970 4485 3213 4552 eruditi
3258 4504 3487 4548 omnes
3542 4493 3829 4549 censent.
3920 4481 4057 4548 Sed
4096 4481 4253 4565 quid
4296 4502 4402 4546 re·

2441 4573 2614 4637 tinet
2675 4580 2941 4655 praeter
3005 4591 3246 4637 nomen
3262 4621 3277 4647 ,
3346 4589 3552 4652 quum
3616 4569 3851 4634 inutile
3915 4589 4059 4633 esse
4116 4574 4404 4632 testetur

2444 4659 2587 4725 sine
2632 4657 2764 4723 Dei
2820 4659 3062 4741 gratia,
3110 4665 3249 4721 tam
3294 4655 3378 4719 ad
3431 4653 3906 4731 inchoandum,
3962 4672 4161 4735 quam
4204 4653 4403 4733 perfi-

2444 4742 2751 4810 ciendum
2774 4742 3059 4808 bonum?
3105 4762 3308 4825 quum
3336 4750 3591 4807 asserat
3622 4763 3756 4805 non
3786 4738 4159 4822 praeveniri
4181 4735 4403 4801 Deum

2443 4830 2786 4896 voluntate
2844 4835 3099 4905 nostra,
3156 4834 3235 4891 ut
3290 4846 3682 4908 quaeramus
3728 4826 3869 4889 eius
3914 4824 4226 4907 gratiam,
4283 4821 4400 4886 sed

2445 4936 2599 4980 eum
2654 4915 2944 4997 gratuita
2994 4912 3445 4978 misericordia
3503 4911 3761 4976 efficere
3815 4910 3886 4973 in
3931 4909 4118 4974 nobis
4164 4908 4405 4972 bonam

2445 4998 2900 5066 voluntatem?
2948 4993 3175 5084 quum¹
3196 4997 3483 5079 denique
3527 4996 3697 5060 nihil
3744 4995 3998 5060 homini
4044 4994 4399 5075 relinquat,

2446 5086 2579 5151 nisi
2630 5095 2709 5151 ut
2763 5087 2835 5150 in
2893 5087 3039 5151 Deo
3095 5083 3284 5150 fortis
3337 5084 3454 5162 sit,
3500 5082 3763 5165 sapiens
3805 5101 3881 5146 ac
3914 5080 4158 5160 iustus,
4217 5078 4289 5142 in
4331 5097 4403 5142 se

2449 5252 2581 5261 ..η-ᾐ-
2642 5253 2713 5259 -..-
2750 5253 2855 5259 ...⁴-

2591 5357 2648 5420 1)
2685 5357 2815 5425 Cap.
2851 5357 2938 5411 25.
2960 5371 2981 5386 “
