4999 6179
368 421 486 484 369

366 608 788 694 colliquescat
840 608 1054 676 cordis
1109 608 1415 688 durities,
1484 608 1808 692 melleque
1873 628 1949 675 ac
2017 607 2326 674 sensibile

368 696 461 761 illi
505 717 617 762 cor
661 697 798 775 fiat,
843 706 911 761 et
952 703 1180 779 aptum
1225 694 1468 761 divinis
1511 693 2075 779 impressionibus.
2136 694 2327 759 Alte-

366 803 504 847 ram
564 790 822 866 partem
879 782 1116 866 accipit
1180 802 1302 864 pro
1355 782 1756 847 iustificante
1812 782 2056 865 gratia,
2114 786 2192 845 ut
2256 782 2326 844 in

367 868 492 934 Dei
536 869 903 952 praeceptis
946 866 1285 933 ambulare
1342 867 1632 952 incipiat.
1723 866 1871 932 Hoc
1914 866 2178 949 quidem
2223 887 2327 932 so-

364 954 560 1020 lenne
619 966 721 1020 est
783 955 925 1020 eius
990 953 1344 1020 artificium
1361 1006 1376 1033 ,
1453 954 1524 1018 in
1588 951 1935 1019 tractanda
2001 954 2330 1035 scriptura

366 1040 714 1129 quodlibet
745 1061 828 1105 ex
875 1039 1168 1123 quolibet
1221 1041 1451 1107 facere.
1541 1040 1879 1124 Propheta
1922 1038 2325 1122 metaphori-

363 1149 529 1205 cam,
573 1148 704 1211 qua
749 1148 906 1192 usus
948 1126 1182 1204 fuerat,
1228 1126 1676 1209 loquutionem
1711 1124 1996 1208 simplici
2029 1125 2327 1189 oratione

364 1216 653 1298 exponit.
745 1211 1087 1296 Siquidem
1131 1234 1216 1278 ex
1265 1211 1520 1296 lapideo
1564 1234 1676 1278 cor
1732 1212 1947 1276 facere
1991 1231 2324 1289 carneum,

363 1299 757 1383 metaphora
814 1310 932 1364 cst.
1033 1299 1283 1366 Facere
1326 1306 1402 1363 ut
1454 1298 1589 1382 legi
1636 1296 1946 1365 obediant
2000 1297 2323 1376 homines,

329 1386 645 1470 'simplex
712 1398 778 1451 et
836 1386 981 1450 sine
1027 1387 1241 1469 figura
1299 1386 1524 1450 oratio,
1613 1384 1745 1449 Hic
1801 1384 2180 1467 ingeniosus
2222 1383 2327 1447 in-

362 1484 622 1556 terpres
665 1494 749 1537 ex
794 1493 865 1536 re
905 1493 1038 1536 una
1083 1470 1247 1537 duas
1291 1471 1463 1537 facit.
1530 1470 1674 1535 Iam
1721 1470 1925 1535 verba
1967 1469 2329 1553 prophetae

361 1559 620 1627 levibus
661 1558 939 1642 argutiis
981 1557 1246 1622 trahere
1284 1556 1366 1621 ad
1402 1577 1600 1622 suum
1642 1557 2050 1640 propositum
2088 1552 2326 1621 studet.

362 1645 596 1727 Quum
651 1666 722 1710 se
771 1645 1100 1710 facturum
1160 1644 1486 1726 promittit
1531 1643 1746 1718 Deus,
1806 1650 1884 1706 ut
1939 1642 2012 1705 in
2057 1641 2329 1707 iustitiis

360 1732 502 1798 suis
556 1729 967 1797 ambulemus
985 1781 999 1806 ,
1066 1751 1194 1794 nou
1271 1730 1400 1794 nisi
1477 1727 1980 1811 cooperantibus
2045 1728 2330 1812 gratiam

359 1819 539 1884 hanc
583 1838 655 1882 se
699 1816 1013 1881 daturum
1057 1815 1406 1900 significata
1464 1814 1612 1880 Hoc
1655 1834 1909 1897 quoque
1952 1835 2152 1879 sensu
2187 1812 2328 1878 Da-

358 1902 479 1969 vid
524 1904 723 1975 canit,
769 1904 1057 1968 facturos
1111 1923 1232 1967 nos
1285 1902 1356 1966 in
1409 1902 1555 1967 Deo
1609 1902 1926 1966 virtutem
1970 1899 2177 1983 (Psal.
2226 1904 2327 1977 60,

367 1994 498 2073 14).
591 1989 746 2055 Huc
803 1986 1072 2053 tandem
1127 1986 1407 2053 redeunt
1450 1988 1704 2065 omnia,
1751 1986 1846 2053 sic
1887 1986 2110 2050 Deum
2155 1985 2329 2051 bona

358 2096 569 2162 opera
611 2075 826 2140 facere
869 2074 939 2138 in
986 2073 1390 2151 hominibus,
1436 2084 1512 2139 ut
1555 2071 1753 2140 simul
1798 2094 1878 2137 ea
1920 2072 2165 2137 faciant
2209 2071 2327 2137 ho·

357 2165 608 2229 mines:
656 2182 778 2226 nec
818 2160 1010 2225 aliter
1045 2160 1376 2225 efficacem
1415 2181 1568 2226 esse
1593 2159 1895 2244 gratiam,
1931 2180 2132 2241 quam
2168 2157 2328 2224 dum

357 2250 589 2316 oblato
649 2248 837 2312 nobis
891 2247 1034 2311 eius
1097 2246 1345 2312 auxilio
1423 2266 1560 2310 non
1625 2243 1958 2311 desumus.
2059 2243 2330 2309 Interea

358 2357 500 2400 non
562 2332 1064 2405 animadvertit,
1119 2333 1293 2399 hanc
1334 2351 1594 2415 quoque
1649 2340 1906 2416 partem
1963 2328 2327 2395 secundum

357 2443 473 2501 ea,
534 2440 705 2504 quae
758 2419 950 2497 citat,
1007 2418 1200 2484 Pauli
1256 2418 1485 2496 verba,
1545 2417 1668 2484 sub
1722 2417 1939 2502 gratia
1981 2416 2326 2496 contineri,

354 2530 444 2573 ne
491 2508 742 2572 frustra
784 2505 1130 2583 offeratur,
1175 2501 1291 2569 sed
1337 2502 1421 2569 ad
1461 2504 1780 2583 fructum,
1823 2501 1894 2567 id
1938 2511 2056 2581 est,
2104 2502 2186 2567 ad
2233 2503 2327 2568 ef-

351 2594 612 2659 fectum
668 2612 879 2675 usque
923 2590 1281 2674 perveniat.
1382 2589 1557 2655 Nam
1600 2611 1804 2673 quum
1861 2589 2069 2654 divini
2126 2588 2326 2653 bene·

397 2678 594 2747 laciti
647 2699 814 2763 opus
868 2698 1011 2743 esse
1068 2676 1351 2754 dicatur,
1419 2683 1488 2740 et
1539 2677 1712 2742 bona
1765 2677 1835 2740 in
1895 2674 2165 2741 homine
2208 2695 2326 2741 vo-

348 2701 604 2844 1111111118,-
650 2776 717 2828 et
755 2764 867 2846 qui
909 2762 1062 2827 inde
1104 2763 1401 2829 nascitur
1442 2770 1747 2839 conatus,
1793 2783 2000 2844 usque
2044 2760 2125 2826 ad
2171 2781 2327 2844 ope·

345 2853 445 2918 ris
514 2850 1103 2933 complementum,
1170 2848 1394 2913 offerri
1452 2855 1712 2913 tantum
1775 2849 2055 2932 gratiam
2074 2900 2089 2925 ,
2158 2868 2327 2931 quae

348 2939 548 3003 utilis
593 2937 860 3002 demum
902 2935 1125 3001 futura
1168 2935 1272 3013 sit,
1320 2936 1376 2999 si
1421 2954 1570 2999 eam
1616 2935 1902 3018 recipere
1946 2933 2201 2999 homini
2244 2933 2324 2999 li·

349 3025 543 3103 beat,
604 3024 826 3087 minus
879 3032 1057 3088 certe
1113 3019 1383 3086 dimidio
1434 3019 1615 3086 illius
1670 3029 1788 3085 est.
1882 3022 2084 3103 Atqui
2140 3019 2323 3085 dam·

345 3111 615 3177 nationi
660 3129 804 3176 esse
849 3109 1159 3194 gratiam,
1206 3109 1261 3174 si
1307 3115 1657 3191 respuatur
1673 3159 1689 3186 ,
1736 3105 1889 3172 alibi
1932 3106 2108 3171 idem
2147 3107 2322 3173 Pau-

344 3198 454 3264 lus
528 3196 726 3261 docet
790 3195 896 3259 bis
953 3192 1176 3260 verbis
1231 3194 1456 3278 (Rom.
1499 3196 1556 3270 2,
1594 3199 1652 3260 4.
1695 3194 1789 3274 5):
1862 3193 1973 3257 An
2035 3194 2322 3277 ignoras,

391 3283 534 3350 uod
586 3281 842 3347 bonitas
879 3280 1014 3347 Dei
1059 3279 1143 3346 ad
1181 3280 1660 3364 poenitentiam
1720 3286 1867 3359 [pag.
1911 3282 2056 3359 190]
2103 3287 2169 3344 te
2209 3278 2324 3343 ad-

391 3367 587 3436 ucit‘?
691 3367 793 3432 Tu
867 3376 1088 3433 autem
1153 3366 1515 3432 secundum
1572 3364 1880 3431 duritiem
1947 3364 2162 3431 cordis
2226 3365 2326 3429 tui

347 3454 775 3522 thesaurizas
831 3454 951 3519 tibi
1007 3454 1192 3518 iram.
1283 3452 1686 3538 Hypocritas
1741 3451 2097 3534 alloquitur
2147 3450 2324 3516 Pau·

340 3543 472 3620 lus,
525 3541 644 3625 qui
688 3559 1002 3623 prospero
1038 3559 1261 3604 rerum
1295 3559 1603 3605 successu
1645 3538 1876 3616 inflati,
1914 3538 2070 3621 quia
2103 3539 2326 3604 Deum

341 3630 476 3696 sibi
525 3626 890 3712 propitium
938 3646 1080 3691 esse
1121 3626 1604 3709 imaginantur,
1650 3646 1773 3699 nec
1815 3624 1895 3689 de
1937 3624 2326 3707 resipiscen-

343 3715 442 3780 tia
481 3721 650 3782 sunt
688 3711 972 3790 solliciti,
1012 3721 1079 3776 et
1109 3711 1420 3776 iudicium
1448 3711 1574 3776 Dei
1600 3719 2049 3777 contemnunt.
2099 3708 2326 3791 Quum

339 3823 511 3886 ergo
574 3798 704 3864 Dei
758 3796 1169 3882 benignitate
1228 3798 1320 3863 sic
1381 3797 1769 3876 abutantur,
1825 3818 1900 3862 eo
1955 3800 2326 3880 graviorem
2375 3837 2384 3888 5

337 3888 490 3952 fore
539 3885 678 3952 Dei
719 3882 1082 3950 vindictam
1127 3883 1442 3962 minatur,
1487 3904 1613 3965 quo
1658 3883 1906 3948 diutius
1940 3905 2084 3948 eam
2121 3881 2326 3948 distu-

338 3973 526 4038 lerit.
625 3968 875 4035 Debuit
917 3990 1074 4054 ergo
1119 3970 1430 4053 Pighius,
1487 3976 1625 4033 tam
1669 3969 1952 4051 peritus,
1996 3990 2115 4034 suo
2157 3968 2326 4034 iudi-

338 4061 466 4135 cio,
520 4054 868 4124 dividendi
929 4057 1250 4140 magister
1293 4071 1360 4121 et
1402 4055 1674 4132 artifex,
1730 4076 1865 4119 non
1908 4056 2326 4154 praetermit-

335 4159 512 4222 tere,
545 4142 654 4218 ‚de
698 4162 828 4225 quo
873 4142 1186 4208 bonitatis
1243 4162 1484 4225 genere
1525 4140 1781 4206 Paulus
1835 4140 1992 4207 illic,
2015 4140 2323 4224 disputet.

337 4232 529 4297 Nam
583 4239 929 4296 externam
978 4228 1102 4293 Dei
1158 4226 1713 4304 benedictionem,
1768 4248 1899 4309 qua
1941 4226 2326 4292 indifferen-

337 4333 452 4384 ter
513 4318 730 4383 bonos
783 4314 973 4377 iuxta
1032 4335 1107 4380 ac
1161 4314 1370 4379 malos
1424 4313 1871 4397 prosequitur,
1936 4334 2087 4378 cum
2132 4313 2325 4397 spiri-

337 4404 518 4469 tuali
575 4399 1091 4485 regenerationis
1133 4401 1380 4484 gratia,
1437 4421 1567 4483 qua
1622 4400 1864 4466 electos
1919 4420 2073 4468 suos
2130 4421 2325 4482 pecu-
2374 4441 2379 4484 2

333 4489 621 4556 liariter
684 4485 1025 4570 dignatur,
1090 4485 1515 4563 confundere,
1584 4486 1870 4550 hominis
1925 4495 2029 4551 est
2087 4505 2324 4570 parum

336 4573 780 4643 considerati.
889 4569 953 4635 N
1038 4589 1119 4634 ue
1186 4583 1355 4636 vero·
1427 4582 1561 4636 tam
1635 4572 2011 4656 ignorantia
2075 4579 2322 4655 peccat,

334 4682 560 4747 quam
622 4657 894 4722 malitia.
957 4591 1165 4736 oauis
1231 4658 1404 4719 enim
1468 4679 1633 4740 puer
1688 4658 1887 4723 huius
1946 4658 2326 4742 argumenti

334 4749 608 4814 vitium
666 4766 798 4808 non
823 4739 1336 4816 ‘animadvertat
1388 4760 1462 4806 ac.
1513 4743 1767 4808 rideat?
1858 4744 2211 4811 Invehitur
2254 4746 2327 4809 in

337 4857 460 4901 eos
514 4830 806 4908 Paulus,
866 4848 1027 4911 quos
1071 4826 1200 4891 Dei
1242 4823 1587 4902 beneficia,
1685 4830 1878 4896 uibus
1923 4832 2198 4900 invitari
2242 4830 2325 4895 ad

332 4913 844 5006 poenitentiam
889 4912 1281 4989 debuerant,
1329 4909 1542 4993 magis
1710 4917 2128 4983 securitatem
2171 4939 2326 4984 con·

335 5005 843 5085 fidentiamque
863 5000 1083 5066 carnis
1106 4996 1538 5093 obstinabant3
1585 4995 1768 5079 Ergo
1792 5002 2059 5076 spiritus
2079 5004 2325 5070 sancti-

335 5090 695 5161 ficationis
740 5108 944 5171 quum
987 5085 1278 5163 offertur,
1319 5103 1543 5165 respu1
1586 5087 1815 5164 potest.

535 5174 868 5258 Sequitur
910 5172 1190 5237 alterum
1236 5173 1723 5253 argumentum.
1804 5165 2087 5232 Pulsare
2130 5188 2201 5232 se
2245 5174 2330 5232 ad

335 5266 619 5332 ostium
661 5267 962 5325 nostrum
1010 5257 1166 5323 dicit
1201 5254 1530 5332 Christus,
1575 5261 1651 5317 ut
1687 5274 1725 5317 a
1810 5253 2056 5317 riamus
2093 5250 2327 5336 (Apoc.

338 5356 402 5430 3,
451 5350 606 5432 20).
709 5344 936 5427 Quum
992 5364 1149 5428 ergo
1201 5342 1496 5408 clausum
1564 5339 1648 5405 sit
1711 5273 1809 5404 iffi

582 5448 811 5503 Calvino·
839 5461 1026 5514 opem.
1103 5445 1217 5500 Vol.
1261 5444 1355 5498 VI.

1859 398 1985 485 Du
2032 374 2388 485 ameno
2434 419 2911 490 Aam'rmo

4273 424 4400 487 370

2432 608 2678 674 ostium
2721 632 2841 694 per
2883 618 3178 695 peccata,
3225 610 3368 693 ipse
3411 611 3659 695 pulsat,
3707 612 4042 691 sollicitat,
4086 620 4153 677 et
4194 610 4397 677 variis

2430 693 2645 761 modis
2690 716 2767 761 ac
2809 695 3073 774 mediis,
3130 717 3259 779 quo
3314 696 3435 763 sibi
3492 699 3863 781 aperiamus
3907 699 4105 765 corda
4147 710 4395 776 nostra,

2431 801 2555 845 nos
2598 792 2930 865 provocat.
2966 851 2973 859 ,
3019 781 3205 848 Nulli
3260 804 3296 848 e
3379 804 3416 849 o
3459 781 3643 849 deest
3687 786 4120 866 praeveniens
4163 786 4396 867 gratia,

2433 867 2551 950 qui
2606 866 2799 933 inodo
2857 888 2968 934 cor
3023 889 3214 934 suum
3273 890 3314 933 a
3411 870 3739 954 pulsantis
3785 892 4039 949 vocem,
4086 870 4397 937 sollicita-

2432 954 2711 1033 tionem,
2770 955 3296 1037 provocationem
3354 975 3489 1020 non
3545 955 3835 1022 indurat.
3934 956 4089 1041 Ipse
4145 956 4394 1040 pulsat:

2432 1038 2551 1104 sed
2595 1061 2717 1105 nos
2760 1041 2822 1105 ei
2868 1042 3122 1123 aperire
3165 1040 3505 1119 debemus,
3558 1043 3941 1126 priusquam
3996 1044 4273 1108 introire
4314 1042 4399 1109 ad

2430 1146 2551 1190 nos
2596 1125 2773 1191 velit.
2842 1124 3054 1207 Quasi
3100 1147 3256 1193 vero
3299 1150 3432 1194 non
3476 1128 3625 1194 illic·
3657 1150 4008 1212 expressus
4042 1136 4215 1195 esset
4249 1129 4397 1212 pul·

2431 1211 2620 1277 sandi
2658 1210 2911 1289 modus,
2959 1234 3216 1296 nempe,
3264 1214 3438 1298 quod
3482 1236 3641 1281 voce
3685 1222 3751 1279 et
3785 1214 4240 1281 exhortatione
4274 1236 4396 1280 nos

2432 1297 2756 1365 sollicitet.
2848 1296 2985 1364 Sed
3041 1299 3156 1382 qui
3213 1301 3452 1365 mentis
3507 1301 3720 1385 aperit
3771 1301 3993 1366 oculos
4037 1308 4113 1366 ut
4153 1300 4397 1366 intelli·

2434 1392 2649 1468 gatur,
2672 1385 2814 1469 ipse
2846 1386 3048 1449 etiam
3081 1385 3279 1451 corda
3314 1388 3528 1470 aperit
3564 1395 3642 1451 ut
3664 1386 4071 1452 exaudiatur.
4118 1387 4396 1454 Utrum-

2433 1490 2561 1553 que
2605 1491 2763 1536 vero
2807 1469 3059 1536 Christi
3114 1470 3405 1538 officium
3457 1481 3573 1538 est.
3660 1470 3840 1553 Quid
3892 1473 4095 1557 igitur
4138 1474 4398 1556 proficit

2432 1556 2717 1640 Pighius
2732 1608 2749 1636 ,
2804 1566 2945 1620 tam
2988 1558 3332 1640 pueriliter
3373 1557 3800 1642 ineptiendo?
3891 1560 4157 1625 Clamat
4198 1558 4395 1625 Chri-

2431 1654 2595 1720 stus,
2639 1665 2710 1708 se
2753 1643 3036 1727 pulsare.
3108 1644 3379 1709 Fateor:
3429 1665 3664 1728 nempe
3707 1645 3881 1711 sicut
3921 1647 4211 1729 exponit,
4256 1667 4396 1709 mo-

2433 1728 2650 1794 nendo
2692 1736 2762 1794 et
2803 1728 3142 1795 hortando.
3235 1727 3418 1811 Quid
3457 1752 3635 1796 nunc
3676 1739 3778 1797 est
3819 1731 4120 1815 aperire?
4174 1732 4397 1797 Moni-

2431 1815 2680 1879 tionem
2724 1812 2921 1879 corde
2957 1815 3266 1914 recipere,
3312 1822 3380 1880 et
3422 1816 3688 1883 obedire
3720 1817 4178 1883 exhortationi.
4245 1823 4395 1898 [pag.

2442 1906 2588 1981 191]
2634 1900 2782 1967 Hoc
2828 1900 2902 1967 in
2947 1901 3138 1966 nobis
3193 1903 3396 1967 situm
3442 1903 3533 1967 fin
3588 1904 3639 1967 't
3680 1902 3989 1986 Pighius:
4047 1905 4232 1969 Deus
4276 1924 4394 1968 au-

2429 1994 2563 2051 tem
2611 1985 2737 2052 sibi
2781 1984 3101 2052 vendicat.
3193 1986 3522 2055 Circumci
3571 2009 3697 2067 am,
3743 1990 3977 2072 inquit,
4023 2012 4134 2056 cor
4178 1998 4391 2065 tuum,

2432 2080 2507 2137 ut
2550 2072 2781 2138 audias
2826 2091 3057 2138 vocem
3100 2094 3316 2138 meam
3358 2072 3588 2153 (Dent.
3626 2079 3726 2151 30,
3771 2075 3863 2153 6).
3949 2074 4200 2141 Contra
4235 2095 4394 2141 vero

2434 2158 2610 2225 hanc
2644 2159 2710 2224 in
2760 2158 3004 2243 populo
3030 2158 3382 2225 israelitico
3426 2160 3776 2238 caecitatis,
3823 2163 4129 2246 stuporis,
4164 2170 4395 2228 contu-

2430 2247 2679 2311 maciae
2723 2264 2991 2310 causam
3025 2245 3319 2330 assignat
3352 2246 3641 2329 Moyses,
3676 2246 3848 2328 quod
3883 2244 4231 2325 Dominus,
4277 2267 4395 2312 ne-

2431 2353 2560 2413 que
2614 2332 2836 2397 oculos
2892 2330 2975 2395 ad
3032 2329 3390 2397 videndum
3435 2330 3754 2410 dedisset,
3814 2352 4030 2415 neque
4074 2352 4267 2398 aures
4310 2331 4397 2396 ad

2431 2416 2851 2495 audiendum,
2889 2438 3103 2500 neque
3137 2436 3252 2483 cor
3276 2415 3360 2491 ad
3382 2417 3887 2501 intelligendum
3916 2416 4147 2501 (Deut.
4176 2422 4277 2495 29,
4302 2418 4392 2498 4).

2431 2505 2528 2568 At
2571 2503 2887 2569 reclamat
2907 2502 3209 2587 Pighius,
3255 2504 3516 2568 tametsi
3561 2523 3601 2568 a
3623 2502 3770 2568 Deo
3806 2502 4211 2582 adiuvemur,
4256 2523 4396 2567 non

2428 2598 2656 2655 tamen
2710 2588 2971 2655 obstare
3022 2588 3093 2653 id
3148 2588 3499 2672 quominus
3558 2589 3801 2673 partim
3849 2590 4047 2654 etiam
4090 2596 4396 2656 nostrum

2431 2677 2538 2754 sit,
2586 2684 2655 2741 et
2690 2674 2942 2754 -videre,
2988 2685 3056 2740 et
3099 2674 3346 2752 audire,
3389 2683 3458 2740 et
3500 2674 3889 2759 intelligere.
3973 2674 4226 2742 Verum
4271 2695 4394 2761 ego

2430 2760 2881 2913 fimbati⁰3⁰m
2920 2762 3199 2844 requiro,
3238 2782 3359 2845 pro
3393 2782 3526 2844 qua
3560 2769 3912 2843 extraneas
3948 2783 4218 2844 prorsus
4253 2782 4397 2828 am··

2561 2869 2632 2914 es
2677 2869 2716 2913 a
2769 2856 2890 2913 ert.

2474 2868 2561 2933 ag
2604 2933 2838 3001 Simile
2894 2943 2998 2999 est
3040 2933 3215 3016 quod
3261 2932 3450 2998 addit
3494 2954 3576 2997 ex
3622 2934 3947 3015 propheta
3989 2932 4108 3017 (Is.
4150 2939 4251 3012 55,
4293 2936 4390 3017 7):

2427 3021 2865 3104 Derelinquat
2905 3019 3150 3103 impius
3182 3019 3361 3087 viam
3402 3039 3613 3100 suam,
3658 3023 3728 3084 et
3755 3018 4082 3089 Dominus
4123 3021 4396 3089 misere-

2430 3107 2610 3173 bitur
2662 3108 2823 3173 cius.
2912 3107 3086 3184 Hoc,
3156 3107 3407 3190 inquit,
3469 3113 3572 3173 est
3614 3106 3758 3172 Deo
3815 3105 4073 3188 aperire
4127 3108 4392 3186 estium,

2428 3193 2770 3276 iniquitati
2794 3194 3211 3272 renunciare;
3256 3191 3430 3276 quod
3475 3192 3545 3257 in
3582 3199 3649 3256 te
3682 3192 3971 3276 positum
4007 3212 4149 3257 esse
4185 3190 4390 3260 vides.

2430 3278 2671 3344 Itane?
2709 3290 2787 3345 ut
2819 3278 3162 3346 conversio
3201 3277 3284 3344 ad
3324 3279 3562 3356 Deum,
3600 3298 3767 3361 quae
3804 3299 3962 3344 vera
3996 3288 4100 3344 est
4133 3280 4394 3345 animae

2430 3366 2855 3444 resurrectio,
2904 3366 2974 3431 in
3019 3364 3307 3431 hominis
3351 3371 3674 3448 potestate
3716 3371 4105 3448 reponatur,
4150 3387 4279 3448 quo
4322 3386 4393 3432 se

2430 3474 2470 3517 a
2513 3462 2728 3517 morte
2760 3453 2832 3517 111
2875 3451 3087 3517 vitam
3120 3450 3411 3516 excitare
3453 3448 3698 3533 possit?
3768 3451 3862 3515 At
3900 3450 4117 3517 facere
4158 3450 4227 3516 id
4270 3473 4392 3518 nos

2430 3547 2715 3620 oportet,
2768 3551 2845 3603 ut
2898 3539 3290 3603 misereatur
3354 3537 3565 3602 nostri
3622 3537 3836 3602 Deus:
3899 3557 4026 3619 quo
4080 3536 4393 3622 intelligit

2429 3624 2713 3708 Pighius
2755 3624 3239 3690 iustificationis
3283 3623 3568 3709 gratiam
3610 3620 3958 3707 designari.
4049 3620 4126 3688 Si
4171 3625 4392 3689 omnia

2432 3710 2549 3775 illi‘
2574 3711 2750 3776 ultro
2795 3709 3169 3791 concedam,
3212 3711 3437 3775 statim
3482 3708 3732 3775 vicerit.
3798 3710 4051 3773 Verum
4099 3709 4192 3773 sic
4234 3717 4391 3775 sunt

2430 3798 2623 3862 firma
2691 3797 2833 3863 eius
2887 3798 3139 3874 omnia,
3198 3807 3275 3860 ut
3331 3795 3530 3860 unius
3588 3794 3843 3860 verbuli
3897 3796 4029 3860 ictu
4088 3794 4429 3876 protinus‘

2430 3882 2794 3949 concidant.
2895 3882 3380 3948 Poenitentiam
3449 3882 3707 3965 flagitat
3761 3878 3980 3958 Deus,
4039 3901 4247 3963 quum
4306 3879 4389 3945 ad

2432 3979 2846 4054 peccatorum
2928 3968 3375 4033 remissionem
3457 3966 3770 4049 populum
3836 3972 4060 4031 vocat:
4148 3966 4388 4049 quibus

2431 4057 2633 4120 etiam
2688 4054 2936 4120 duobus
2991 4054 3304 4119 membris
3356 4060 3565 4117 totam
3610 4051 3934 4135 evangelii
3979 4051 4082 4116 sui
4126 4053 4388 4135 praedi-

2430 4142 2757 4207 cationem
2813 4138 3091 4207 includit
3144 4138 3454 4205 Christus
3496 4138 3731 4223 (Marc.
3780 4142 3829 4214 l,
3877 4138 4002 4222 15).
4088 4137 4221 4205 Hic
4268 4161 4388 4205 no-

2430 4248 2584 4294 vam
2625 4227 2954 4312 argutiam
3009 4226 3365 4292 fabricatur
3408 4224 3722 4308 Pighius,
3769 4223 3853 4289 ab
3891 4224 4242 4307 iniquitate
4283 4248 4386 4291 re-

2429 4314 2690 4391 cedere,
2747 4313 3310 4397 praeparationem
3354 4332 3499 4377 esse
3535 4310 3857 4388 hominis,
3911 4330 4043 4392 qua
4081 4310 4226 4376 Deo
4270 4312 4385 4378 ob-

2430 4401 2608 4465 viam
2661 4396 3000 4484 procedat:
3060 4396 3580 4465 misericordiam
3636 4403 3855 4461 autem
3910 4397 4041 4461 Dei
4083 4417 4226 4462 esse
4256 4419 4386 4484 *re-

2429 4486 2871 4570 generationis
2914 4485 3215 4570 gratiam,
3261 4504 3392 4567 qua
3434 4483 3768 4548 hominem
3806 4480 4088 4547 adiuvet.
4160 4480 4391 4563 Quan-

2429 4581 2571 4637 tum
2616 4592 2775 4639 vero
2821 4569 2903 4637 ad
2943 4571 3531 4655 perseverantiam,
3568 4568 4149 4652 quotidianumque
4184 4589 4392 4652 usque

2428 4657 2514 4724 ad
2568 4660 2770 4724 finem
2830 4657 3197 4741 profectum
3254 4658 3520 4732 attinet,
3579 4664 3657 4720 ut
3711 4654 4045 4719 hominem
4090 4654 4395 4721 ostendat

2428 4744 2765 4827 cooperari
2787 4745 2951 4820 Deo,
2996 4743 3111 4808 illo
3132 4743 3407 4828 apostoli
3452 4741 3828 4807 testimonio
3856 4739 4110 4804 utitur:
4156 4738 4394 4807 Gratia

2430 4831 2561 4896 Dei
2613 4831 2687 4896 in
2740 4850 2847 4895 me
2902 4849 3115 4896 vacua
3178 4849 3315 4894 non
3381 4829 3505 4893 fuit
3574 4827 3638 4912 (1
3682 4825 3831 4891 Oor.
3883 4828 3979 4905 15,
4030 4825 4152 4908 10).
4254 4827 4391 4895 Sed

2429 4937 2562 5001 qua
2606 4917 2730 4983 hoc
2770 4915 3025 4982 ratione
3070 4913 3261 4994 dicat,
3306 4910 3793 4981 observandum
3830 4910 3976 4976 fuit.
4039 4912 4237 4979 Ratio
4274 4936 4389 4981 au-

2430 5010 2564 5068 tem
2622 5011 2752 5082 est,
2820 5001 2992 5085 quod
3056 5001 3207 5085 plus
3263 5000 3533 5084 reliquis
3599 4997 3905 5063 omnibus
3971 4996 4388 5066 laboraverit.

2432 5083 2570 5155 Sed
2629 5111 2713 5155 ne
2766 5089 3038 5154 labores·
3067 5108 3220 5154 suos
3275 5082 3576 5153 iactando
3624 5082 3984 5166 quidquam
4039 5083 4164 5151 sibi
4208 5106 4388 5150 arro-

2429 5196 2591 5258 gare
2647 5174 3015 5253 videretur,
3088 5193 3245 5239 mox
3312 5170 3783 5240 correctionem
3840 5168 4169 5236 adhibuit:
4236 5170 4301 5235 N
4302 5191 4388 5237 on

2434 5272 2582 5335 figo,
2634 5259 2751 5326 sed
2805 5259 3022 5343 gratia
3076 5260 3205 5324 Dei
3263 5279 3430 5341 quae
3481 5274 3743 5321 mecum
3810 5261 3982 5334 erat,
4048 5262 4167 5321 aut
4220 5276 4390 5340 quae

1860 5336 2075 5404 eordis
2120 5338 2331 5403 nostri
2438 5343 2586 5417 [1³²8-
2628 5350 2775 5416 192]
2816 5344 3047 5411 aderat
3088 5344 3274 5409 mihi.
3342 5341 3618 5410 Gratiae
3657 5341 3789 5408 Dei
3829 5342 3964 5408 iam
4007 5341 4391 5425 praecipuas

3910 5443 3986 5497 24
