4999 6179
378 390 501 495 248

375 620 653 705 proferri
705 620 913 702 possit
966 619 1285 683 bonorum
1341 637 1644 700 operum,
1700 616 1815 683 sed
1870 617 2158 702 gratuito
2193 617 2337 683 eius

374 709 619 785 favore,
665 707 820 788 quia
862 705 1032 768 tanti
1078 702 1322 769 habere
1367 702 1556 783 velit,
1601 704 1801 768 etiam
1853 704 1909 768 si
1955 702 2157 788 digna
2201 724 2334 767 non

375 794 526 859 sint.
611 794 710 861 At
753 789 1245 874 hyperbolicum
1292 798 1412 866 est,
1457 790 1734 871 inquies,
1822 788 1953 853 uod
1991 788 2151 854 dicit
2194 789 2334 853 Lu-

375 879 622 944 therus.
713 877 859 942 Hoc
925 884 1004 940 ut
1055 875 1437 965 epncedam,
1507 875 1651 940 dico
1720 874 1807 939 ha
1852 876 2028 939 uisse
2087 875 2335 939 iustam

374 984 667 1043 causam,
722 983 890 1046 quae
947 983 1100 1026 eum
1155 960 1240 1050 ad
1289 959 1459 1026 tales
1513 960 1910 1044 hyperbolae
1964 959 2333 1044 impulerit:

371 1072 577 1135 quum
633 1049 880 1114 scilieet
945 1047 1268 1112 mundum
1322 1045 1581 1113 videret
1630 1046 1797 1112 falsa
1852 1053 1920 1111 et
1970 1045 2336 1129 perniciosa

374 1157 648 1221 operum
684 1133 948 1211 fiducia,
995 1134 1180 1216 quasi
1225 1132 1479 1198 exitiali
1520 1132 1842 1216 lethargo,
1890 1132 1983 1198 sic
2028 1132 2334 1215 obstupe·

369 1221 618 1289 factum
658 1243 828 1298 esse,
877 1227 952 1284 ut
1006 1240 1143 1285 non
1186 1238 1349 1285 voce
1395 1239 1471 1284 ac
1512 1216 1729 1284 verbis
1774 1215 1859 1281 ad
1901 1237 2054 1281 eum
2100 1238 2334 1300 exper-

455 1307 827 1374 faciendum
843 1357 859 1385 ,
909 1303 1027 1371 sed
1067 1304 1218 1371 clan
1266 1325 1380 1370 ore
1424 1305 1639 1384 tubae,
1685 1303 1997 1381 tonitruo,
2040 1303 2334 1367 fulmini-

419 1415 630 1477 usque
693 1414 859 1476 opus
924 1400 1113 1457 esset.
1271 1410 1602 1473 uanquam
1676 1388 1845 1453 nihil
1910 1397 2012 1454 est
2064 1390 2137 1453 in
2186 1389 2335 1453 istis

374 1480 609 1559 verbis,
655 1477 829 1563 quod
863 1499 998 1547 non
1034 1474 1436 1560 simpliciter,
1475 1482 1545 1539 et
1578 1476 1745 1540 citra
1778 1474 1987 1541 ullam
2025 1477 2331 1558 figuram,

374 1587 611 1634 verum
682 1567 783 1630 sit.
872 1564 1046 1629 Nam
1117 1583 1322 1645 quum
1388 1582 1658 1645 operum
1715 1560 2002 1644 dignitas
2059 1579 2196 1625 non
2249 1580 2334 1624 ex

281 1672 294 1679 ·
371 1654 543 1718 facto
577 1652 738 1734 ipso,
783 1649 899 1725 sed
933 1670 1018 1714 ex
1053 1648 1342 1731 perfecta
1375 1648 1504 1713 Dei
1539 1648 1811 1713 caritate
1853 1644 2153 1729 pendeat,
2198 1666 2333 1710 non

373 1738 567 1804 aliter
608 1739 861 1803 iustum
903 1755 1274 1819 purumque
1313 1753 1479 1817 opus
1522 1735 1666 1812 erit,
1712 1753 1912 1816 quam
1956 1732 2014 1797 si
2056 1752 2142 1796 ex
2183 1752 2333 1815 per-

373 1825 544 1889 fecta
578 1824 708 1888 Dei
748 1822 1021 1888 caritate
1063 1830 1342 1886 emanet.
1431 1819 1627 1885 Nune
1668 1818 1836 1883 mihi
1870 1817 2054 1883 illam
2097 1818 2169 1882 in
2215 1817 2332 1882 ho-

373 1911 553 1976 mine
594 1909 1059 1994 perfectionem
1102 1908 1423 1989 reperias,
1468 1914 1545 1970 ut
1586 1925 1730 1972 esse
1774 1904 1992 1987 aliqua
2035 1907 2184 1982 [pag.
2223 1906 2332 1981 23]

373 2018 492 2080 per
544 2018 616 2061 se
665 1996 836 2061 bona
885 2014 1082 2077 opera
1134 1990 1507 2059 concedam.
1596 1991 1804 2075 Atqui
1859 1990 1982 2055 hoc
2025 1990 2096 2053 in
2140 1989 2333 2072 spiri-

373 2092 482 2148 tus
533 2083 743 2148 sancti
798 2079 1266 2146 contumeliam
1323 2076 1682 2157 redundat,
1737 2096 1856 2160 per
1914 2096 2108 2159 quem
2163 2076 2335 2140 bona

372 2189 569 2252 opera
608 2169 797 2233 fiunt.
867 2165 1150 2231 Minime
1192 2185 1352 2231 vero
1388 2164 1448 2229 si
1487 2164 1653 2228 bene
1688 2183 1765 2229 ac
1807 2161 2165 2246 prudenter
2202 2160 2333 2225 dis-

372 2277 619 2333 cernas,
664 2252 819 2336 quid
855 2252 928 2315 in
972 2272 1167 2335 opere
1201 2250 1373 2317 bono
1417 2250 1504 2315 sit
1537 2249 1844 2328 hominis,
1886 2258 1956 2314 et
1999 2246 2156 2330 quid
2200 2246 2334 2329 spi-

372 2342 555 2406 ritus.
636 2339 988 2421 Utcunque
1033 2338 1209 2403 enim
1252 2337 1506 2402 sincero
1550 2333 1773 2413 corde,
1819 2341 1888 2399 et
1929 2335 2174 2416 absque
2217 2336 2331 2399 fic-

371 2426 579 2503 tione,
639 2427 709 2489 in
754 2424 886 2489 Dei
930 2421 1368 2488 obedientiam
1413 2442 1484 2487 se
1527 2423 1737 2487 sancti
1781 2419 2118 2498 addicant,
2161 2418 2332 2483 mul-

371 2518 515 2576 tum
557 2522 785 2576 tamen
830 2510 1043 2588 abest,
1090 2509 1249 2591 quin
1296 2505 1472 2573 adsit
1514 2528 1594 2573 ea
1634 2506 1708 2571 in
1750 2503 2103 2571 reddendis
2147 2502 2332 2570 obse·

370 2599 538 2682 quiis
595 2596 932 2674 alacritas,
990 2616 1189 2678 quam
1243 2594 1360 2660 illa
1405 2592 1570 2677 legis
1612 2613 1871 2658 summa
1914 2592 2196 2676 flagitat:
2256 2596 2333 2655 ut

370 2684 560 2750 Deus
605 2705 689 2747 ex
724 2691 863 2748 toto
899 2680 1116 2760 corde,
1163 2702 1248 2745 ex
1282 2688 1423 2745 tota
1457 2680 1696 2758 anima,
1743 2700 1828 2745 ex
1871 2677 2027 2742 totis
2068 2675 2334 2756 viribus,

374 2778 567 2853 atque
588 2780 683 2847 ut,
722 2766 1084 2833 secundum
1106 2767 1349 2845 Deum,
1383 2766 1724 2849 proximus
1746 2763 2075 2847 diligatur.
2137 2762 2335 2828 Hanc

374 2877 529 2922 vero
570 2856 682 2938 qui
727 2854 938 2920 nescit
981 2874 1125 2919 esse
1170 2854 1517 2929 amussim,
1563 2851 1647 2916 ad
1692 2871 1890 2933 quam
1936 2848 2333 2933 exigendum

374 2941 461 3006 sit
515 2960 791 3024 operum
853 2960 1161 3017 examen,
1227 2937 1396 3003 nihil
1449 2935 1744 3003 iudicare
1810 2943 2046 3020 potest.
2134 2933 2334 2999 Nunc

373 3025 602 3094 audiat
643 3025 944 3111 Pighius.
1036 3023 1204 3092 Dico
1258 3032 1519 3091 sanctos
1588 3032 1909 3107 perpetua
1964 3021 2181 3086 earnis
2232 3021 2332 3083 in-

371 3115 688 3180 firmitate
743 3112 1055 3190 detineri,
1111 3112 1463 3194 quominus
1519 3132 1598 3176 ea
1650 3130 1817 3192 quae
1869 3109 2120 3174 faciunt
2161 3108 2335 3174 bona

373 3220 572 3283 opera
639 3199 1013 3283 perficiant:
1085 3197 1232 3262 dico
1299 3195 1638 3262 ambulare
1705 3195 1864 3259 dum
1931 3192 2333 3259 currendum

375 3293 536 3366 erat,
582 3305 776 3368 saepe
810 3284 1009 3349 etiam
1046 3282 1429 3349 claudicare.
1499 3281 1681 3347 Hinc
1714 3281 1858 3345 fieri
1894 3280 2037 3344 dico
2073 3289 2151 3343 ut
2184 3279 2333 3342 nul-

374 3371 514 3438 lum
557 3370 890 3437 exstiterit
940 3388 1231 3453 unquam
1285 3367 1532 3433 bonum
1574 3388 1768 3451 opus,
1824 3365 1998 3448 quod
2041 3364 2331 3447 undique

420 3479 615 3524 urum
673 3478 750 3522 ac
805 3455 1173 3539 perfectum
1224 3455 1406 3519 omni
1463 3473 1733 3536 prorsus
1790 3472 2003 3517 naevo
2059 3461 2330 3515 careret.

373 3480 574 3626 1Quod
631 3543 688 3609 si
743 3562 1003 3624 semper
1058 3541 1305 3624 aliquid
1358 3539 1570 3605 sordis
1629 3560 1713 3605 ex
1754 3538 1972 3604 earnis
2010 3539 2176 3602 vitio
2219 3535 2333 3601 ad-

374 3630 662 3695 mixtum
697 3637 799 3695 est
834 3635 1217 3693 sanctorum
1252 3627 1573 3711 operibus,
1610 3625 1885 3692 veniant
1915 3624 1988 3688 in
2025 3641 2332 3706 conspec-
2369 3651 2376 3658 ·

375 3725 522 3781 tum
564 3715 724 3794 Dei,
772 3715 1241 3784 examinentur
1276 3714 1348 3776 in
1387 3711 1504 3776 illa
1547 3712 1828 3788 trutina,
1874 3730 2070 3794 quam
2114 3708 2334 3793 angeli

255 3835 264 3844 ·
377 3822 631 3886 quoque
666 3802 793 3884 ipsi
837 3799 1293 3865 reformidant:
1340 3818 1725 3881 quocunque
1758 3798 1902 3863 loco
1938 3809 2336 3863 censeantur

379 3886 554 3971 apud
594 3887 913 3966 homines,
957 3885 1094 3952 illic
1137 3885 1374 3952 vitiosa
1418 3881 2012 3966 deprehendentur.
2104 3884 2197 3947 At
2235 3891 2335 3945 to-

376 3981 514 4039 tam
558 3974 918 4056 puritatem
954 3972 1198 4056 exigua
1229 3968 1490 4036 macula
1521 3969 1876 4053 inquinari,
1915 3969 2187 4046 minime
2229 3987 2333 4032 ra—

378 4060 541 4125 tioni
595 4066 1112 4125 consentaneum
1168 4065 1286 4124 est.
1375 4055 1710 4134 Primum,
1765 4054 1850 4119 ad
1905 4053 2338 4120 obtinendum

377 4144 549 4230 quod
606 4152 756 4228 peto
822 4142 986 4209 mihi
1041 4143 1203 4209 satis
1256 4151 1382 4222 est,
1451 4142 1506 4206 si
1559 4143 1634 4206 in
1688 4141 1866 4206 omni
1919 4161 2115 4222 opere
2170 4140 2338 4205 bono

377 4231 710 4298 inclusum
753 4231 842 4296 sit
882 4237 1249 4313 peccatum:
1308 4227 1546 4294 deinde
1591 4227 1714 4293 hoc
1757 4227 2031 4294 minime
2073 4227 2337 4309 recipio,

379 4327 642 4403 praeter
686 4317 1008 4382 rationem
1051 4317 1187 4382 fore
1200 4367 1217 4396 ,
1279 4316 1337 4380 si
1382 4315 1623 4398 exigua
1665 4312 1857 4378 sorde
1899 4319 2040 4378 tota
2081 4312 2339 4396 puritas

379 4404 780 4488 inquinetur.
852 4402 1026 4467 Nam
1069 4403 1126 4466 si
1161 4402 1305 4469 vini
1348 4421 1560 4484 sapor,
1605 4401 1827 4467 suavis
1870 4398 2034 4465 alias
2076 4407 2146 4463 et
2188 4417 2338 4481 gra-

379 4499 509 4568 tus,
546 4487 801 4554 modico
839 4509 1026 4554 acore
1059 4496 1241 4552 totus
1272 4487 1745 4569 corrumpitur,
1781 4493 1858 4552 ut
1878 4486 2131 4569 gratiae
2166 4482 2341 4567 quod

380 4576 616 4646 habuit
658 4575 947 4652 amittat,
1001 4574 1148 4655 quis
1189 4572 1335 4638 Deo
1369 4573 1558 4637 litem
1597 4571 1930 4650 intendat,
1977 4570 2151 4653 quod
2194 4591 2337 4636 coi·-

382 4671 656 4746 mptum
716 4680 880 4744 opus
934 4658 1058 4726 sibi
1112 4657 1459 4741 displicere
1503 4657 1931 4740 pronunciet?
2032 4658 2140 4721 Ita
2187 4655 2339 4740 lege

381 4749 671 4816 mosaica
690 4748 1144 4812 constitutum
1187 4753 1357 4822 erat,
1405 4751 1480 4808 ut
1521 4744 1578 4809 si
1619 4744 1913 4827 pollutus
1960 4742 2154 4808 homo
2199 4763 2341 4807 rem

384 4839 830 4901 consecratam
874 4832 1231 4916 attigisset,
1277 4829 1623 4895 immunda
1665 4835 2043 4895 censeretur
2086 4828 2337 4911 (Levit.

387 4926 445 5003 7,
485 4926 563 4987 19
611 4928 679 4987 οι
722 4921 824 4998 22,
872 4918 959 5000 6).
1059 4916 1213 4998 Quo
1260 4916 1704 5000 significatum
1738 4915 1882 4994 fuit,
1930 4921 2065 4978 tam
2107 4915 2343 4980 efficax

386 5017 452 5073 et
515 5004 974 5089 contagiosum
1041 5023 1369 5070 venenum
1429 5023 1572 5067 0880
1646 5001 1932 5066 hominis
1986 4998 2342 5064 immundi-

387 5096 564 5173 tiem,
602 5100 678 5158 ut
721 5090 859 5156 solo
900 5091 1041 5155 eius
1077 5096 1276 5166 tactu,
1323 5084 1637 5170 quidquid
1671 5086 1832 5152 alias
1876 5095 2180 5152 sanctum
2223 5093 2341 5164 est,

387 5180 818 5264 profanescat.
906 5175 1055 5241 Iam
1089 5173 1372 5259 qualiter
1416 5172 1773 5239 liberamur
1811 5193 2039 5238 omnes
2085 5194 2124 5236 a
2168 5192 2341 5237 com·

390 5266 574 5331 muni
622 5262 1013 5348 pollutione,
1063 5266 1213 5342 [pag.
1254 5264 1362 5339 24]
1410 5259 1541 5324 nisi
1586 5279 1700 5342 per
1742 5257 1982 5325 fidem?
2073 5258 2346 5323 Maneat

394 5373 547 5439 ergo
590 5349 789 5426 illud,
827 5369 1026 5432 opera
1071 5348 1270 5427 bona,
1332 5347 1389 5412 si
1431 5366 1549 5428 per
1584 5366 1656 5409 80
1697 5345 2162 5426 aestimentur,
2207 5365 2346 5410 om-

1865 428 1995 495 DE
2037 427 2398 507 LIBERO
2437 430 2913 498 ARBI'I'RIO.

4277 442 4404 504 250

4308 627 4405 691 la-

2442 715 2653 783 ceant,
2692 715 2765 771 ut
2798 706 3066 773 laudem
3099 709 3390 775 habeant
3427 730 3502 775 ac
3537 712 3923 794 praemium,
3962 720 4239 795 paterna
4345 714 4407 777 ei

2441 793 2817 875 'acceptione
2860 794 3022 872 fieri,
3070 815 3203 861 non
3249 798 3513 879 proprio
3557 798 3849 880 ipsorum
3894 798 4143 863 merito.

2478 963 2489 975 ο
2614 878 2921 943 Alterum
2964 879 3364 959 membrum,
3422 882 3503 947 de
3558 880 3859 948 absoluta
3912 884 4137 948 rcriim
4180 905 4406 950 neces-

2439 969 2655 1042 sitate,
2702 965 2771 1028 in
2816 985 2968 1030 eum
3011 965 3229 1032 locum
3269 967 3666 1049 differemuS,
3713 968 3827 1032 ubi
3861 970 4131 1035 tractari
4164 970 4408 1052 poterit

2440 1070 2558 1114 suo
2603 1049 2861 1115 ordine:
2900 1072 3113 1201 (00001
3156 1053 3406 1119 801110οι
3443 1054 3523 1119 (10
3564 1053 3979 1138 providentia
4011 1055 4140 1120 Dei
4177 1063 4245 1120 et
4287 1056 4406 1120 ho-

2437 1135 2696 1201 minum
2738 1157 2897 1219 prae
2944 1138 3334 1204 estinatione
3374 1149 3623 1223 agetur.
3691 1140 3875 1205 Dicit
3915 1148 4157 1223 postea,
4201 1162 4407 1223 quum

2437 1221 2632 1287 istius
2681 1243 2804 1286 nos
2863 1222 3187 1307 dogmatis
3242 1224 3547 1307 puderet,
3606 1226 3951 1292 dimidium
3998 1234 4405 1293 recantasse:

2438 1307 2614 1389 quod
2672 1307 2925 1373 homini
2976 1308 3261 1374 liberum
3334 1312 3680 1377 arbitrium
3738 1314 3809 1375 in
3859 1313 4055 1378 rebus
4111 1313 4406 1379 externis

2438 1398 2509 1456 et
2550 1392 2855 1459 civilibus
2912 1397 3191 1478 negotiis
3249 1398 3633 1463 tribuamus.
3736 1397 3871 1463 Sed
3926 1398 4100 1464 hanc
4151 1399 4406 1481 palino-

2442 622 2599 685 nino
2644 641 2790 686 esse
2833 628 3127 704 peccata:
3175 632 3251 689 ut
3295 632 3513 689 autem
3550 623 3719 690 bona
3764 624 3917 705 sint,
3968 635 4041 692 ιιι
4074 625 4220 691 Deo

2438 1476 2614 1544 diam
2659 1481 3008 1562 quominus
3051 1502 3135 1545 ex
3180 1482 3402 1548 animo
3446 1483 3761 1566 prodiisse
3794 1491 3999 1567 putet,
4046 1483 4255 1550 tribus
4299 1506 4407 1550 ar-
4516 1532 4523 1539 -

2438 1568 2775 1647 gumentis
2830 1568 3082 1631 moveri
3127 1588 3198 1632 se
3243 1567 3427 1634 dicit:
3486 1569 3658 1652 quod
3716 1569 3900 1634 libris
3943 1572 4015 1634 in
4073 1568 4404 1654 publicum

2439 1648 2636 1715 editis
2673 1651 2773 1716 fas
2797 1672 2939 1717 0880
2980 1673 3366 1731 asseramus,
3410 1655 3575 1722 fucis
3597 1676 3673 1719 ac
3717 1656 3975 1721 technis
4018 1677 4406 1740 promovere

2437 1755 2561 1802 eva
2656 1736 2768 1803 elii
2812 1758 3109 1803 causam:
3164 1739 3338 1823 quod
3383 1762 3515 1805 non
3561 1762 3978 1806 exsecremur
4022 1742 4404 1807 Lutherum

2433 1830 2572 1886 tam
2666 1822 2985 1889 orrendae
3028 1822 3476 1908 blasphemiae
3519 1836 3847 1891 autorem:
3895 1825 4068 1909 quod
4112 1848 4245 1892 non
4287 1848 4404 1910 pa-

2437 1907 2572 1972 lam
2590 1959 2606 1985 ,
2668 1909 2999 1975 damnatis
3041 1911 3367 1992 prioribus
3433 1912 3678 1977 nostris
3736 1911 3938 1989 libris,
3984 1933 4238 1978 errasse
4282 1934 4403 1978 nos

2436 1996 2879 2077 profiteamur.
2982 1993 3177 2075 Quod
3233 1994 3314 2062 de
3379 1996 3819 2080 promovendo
3884 2019 4003 2081 per
4054 1999 4276 2064 fucum
4336 2002 4404 2063 et

2438 2079 2621 2146 dolos
2675 2081 3018 2163 evangelio
3086 2082 3423 2164 scripsisse
3500 2103 3622 2148 nos
3698 2083 4069 2163 insimulat,
4135 2085 4402 2163 mirum,

2437 2165 2567 2232 nisi
2612 2166 2735 2233 sibi
2778 2167 2917 2250 ipse
2962 2167 3330 2233 somniavit.
3397 2168 3627 2251 Neque
3671 2170 3849 2232 enim
3896 2169 4026 2234 tale
4069 2169 4405 2254 quidpiam

2436 2260 2817 2317 nostrorum
2875 2253 3070 2319 alicui
3125 2253 3476 2333 excidisse,
3525 2253 3690 2318 mihi
3733 2253 4045 2319 credibile
4090 2264 4207 2320 est.
4299 2254 4405 2320 De

2435 2339 2738 2404 Luthero
2791 2361 2924 2403 non
2968 2347 3072 2403 est
3123 2338 3295 2422 quod
3351 2339 3617 2405 dubiam
3662 2341 4105 2405 coniecturam
4150 2348 4400 2406 sumat:

2435 2424 2697 2507 quando
2741 2446 2917 2492 nunc
2960 2446 3235 2509 quoque,
3295 2427 3464 2493 sicut
3519 2425 3867 2504 hactenus,
3922 2448 4056 2490 non
4096 2425 4403 2491 dissimu-

2434 2511 2653 2575 lanter
2692 2518 3027 2587 testamur,
3075 2532 3225 2576 eum
3269 2532 3389 2576 nos
3427 2512 3668 2577 habere
3711 2532 3831 2594 pro
3864 2510 4111 2596 insigni
4153 2510 4404 2578 Christi

2437 2595 2754 2679 apostole,
2799 2597 2983 2662 cuius
3027 2597 3314 2662 maxime
3357 2618 3558 2679 opera
3593 2604 3660 2662 et
3693 2598 4060 2664 ministerio
4094 2599 4404 2664 restituta

2437 2683 2563 2747 hoc
2606 2690 2901 2765 tempore
2956 2683 3157 2747 fuerit
3198 2683 3527 2766 evangelii
3582 2685 3853 2767 puritas.
3944 2685 4049 2748 De
4092 2683 4281 2749 nobis
4324 2683 4405 2748 li-

2437 2769 2672 2835 benter
2723 2768 3042 2845 fatemur,
3096 2768 3268 2851 quod
3314 2766 3629 2834 Solonem
3684 2769 3764 2833 de
3816 2792 3886 2833 se
3931 2769 4199 2853 gloriari
4253 2770 4406 2836 soli-

2438 2862 2583 2919 tum
2626 2854 2828 2919 fuisse
2866 2852 3153 2932 tradunt,
3192 2874 3312 2919 nos
3348 2853 3635 2936 quotidie
3675 2854 3979 2921 discendo
4017 2876 4205 2921 senes
4242 2856 4404 2935 fieri,

2438 2948 2558 3005 aut
2601 2948 2778 3006 certe
2827 2940 2910 3005 ad
2965 2948 3368 3005 senectutem
3414 2961 3784 3024 properare.
3878 2940 4058 3022 Quid
4103 2950 4325 3006 tamen
4366 2963 4406 3006 a

2438 3025 2626 3092 nobis
2680 3025 2972 3111 postulat
3012 3025 3323 3110 Pighius,
3380 3034 3455 3091 ut
3509 3047 3632 3092 nos
3686 3026 3860 3092 male
3906 3026 4203 3094 docuisse
4255 3048 4406 3110 pro-

2437 3115 2847 3190 nunciemus,
2895 3134 3101 3195 quum
3145 3133 3638 3194 perseveremus
3692 3115 4055 3178 etiamnum
4099 3122 4404 3179 constan-

2440 3207 2542 3263 ter
2584 3198 2654 3261 in
2710 3218 2788 3262 ea
2844 3196 3177 3262 doetrinae
3232 3217 3521 3273 summa,
3582 3220 3779 3281 quam
3824 3219 4085 3281 semper
4127 3199 4405 3282 professi

2437 3283 2712 3350 sumus?
2801 3283 2986 3347 Fieri
3027 3281 3288 3364 quidem
3335 3291 3567 3365 potest,
3614 3292 3689 3349 ut
3730 3285 4082 3367 loquantur
4120 3285 4231 3350 alii
4275 3285 4404 3350 alio

2436 3369 2659 3435 modo:
2729 3377 2807 3433 ut
2860 3369 3195 3451 propriam
3259 3368 3396 3433 fere
3460 3370 3761 3453 quisque,
3817 3378 3885 3436 et
3936 3372 4018 3435 ab
4073 3371 4217 3436 aliis
4273 3371 4404 3436 dis-

2439 3456 2711 3520 tinctam
2756 3453 3065 3537 loquendi
3109 3454 3434 3519 rationem
3478 3455 3693 3521 habet.
3785 3454 3925 3521 Cur
3969 3463 4190 3521 autem
4232 3456 4405 3539 quod

2438 3540 2716 3608 saeculis
2770 3539 3073 3606 omnibus
3128 3540 3426 3606 omnium
3483 3541 3827 3606 hominum
3870 3562 4216 3608 commune
4257 3543 4403 3622 fuit,

2437 3627 2627 3693 nobis
2670 3648 2803 3692 non
2846 3625 3352 3691 concederetur?
3424 3627 3575 3692 Hoc
3619 3647 3874 3710 quoque
3909 3650 4041 3692 non
4079 3629 4404 3711 gravatim

2441 3734 2743 3797 agnosco,
2790 3734 2930 3792 nos,
2975 3713 3030 3778 si
3075 3719 3223 3792 [pag.
3268 3718 3375 3792 25]
3418 3713 3676 3795 quando
3711 3713 3957 3778 iterum
3992 3713 4406 3779 recuduntur

2437 3808 2669 3864 nostra
2711 3820 2939 3882 opera,
2986 3820 3153 3881 quae
3198 3798 3464 3863 rudiora
3506 3807 3697 3864 erant
3738 3799 4050 3881 expolire,
4096 3799 4404 3881 mitigare

2441 3907 2608 3969 quae
2664 3886 2962 3967 asperius
3018 3891 3209 3948 erant
3264 3883 3469 3963 dicta,
3526 3884 3766 3949 addere
3820 3884 4035 3949 lucem
4091 3883 4401 3963 obscuris,

2439 3972 2639 4037 nimis
2695 3991 2923 4054 pressa
2956 3970 3186 4034 -fusius
3243 3976 3311 4033 οι
3363 3970 3688 4053 copiosius
3733 3967 4088 4050 explicare,
4141 3969 4404 4036 munire

2442 4058 2645 4123 etiam
2688 4057 2875 4122 novis
2920 4054 3310 4131 rationibus,
3366 4052 3648 4137 denique
3693 4054 3764 4118 in
3820 4054 4056 4136 quibus
4098 4055 4403 4120 offensio-

2442 4144 2550 4207 nis
2592 4141 2957 4224 periculum
2994 4160 3324 4218 veremur,
3369 4140 3697 4205 moderari
3740 4139 3939 4203 etiam
3976 4148 4045 4203 et
4078 4140 4401 4224 mitigare.

2444 4227 2783 4309 Quorsum
2819 4227 2997 4293 enim
3033 4227 3423 4304 viveremus,
3470 4225 3527 4290 si
3566 4224 3739 4289 nihil
3772 4231 3972 4303 actae,
4020 4223 4187 4290 nihil
4221 4247 4402 4304 usus,

2443 4313 2615 4379 nihil
2658 4312 2921 4378 assidua
2965 4311 3347 4377 exercitatio
3364 4361 3379 4388 ,
3423 4308 3594 4374 nihil
3636 4309 3860 4388 lectio,
3913 4309 4083 4374 nihil
4126 4308 4403 4375 medita-

2444 4402 2537 4464 tio
2593 4398 2961 4464 conferret?
3055 4395 3392 4478 Quorsum
3446 4403 3670 4461 autem
3724 4397 4220 4479 proficeremus,
4278 4396 4404 4460 nisi

2443 4493 2521 4550 ut
2570 4485 2823 4550 fructus
2876 4483 3031 4548 inde
3075 4480 3309 4564 aliquis
3353 4482 3437 4546 ad
3481 4481 3642 4546 alios
3685 4502 3939 4565 quoque
3982 4479 4400 4565 perveniret?

2443 4571 2592 4636 Imo
2637 4570 2695 4635 si
2737 4570 2950 4635 nescit
2981 4567 3280 4651 Pighius,
3325 4566 3450 4632 hoc
3485 4565 3583 4631 illi
3627 4574 3943 4633 testatum
3987 4587 4130 4631 esse
4176 4564 4401 4630 velim:

2443 4678 2567 4722 nos
2611 4655 2745 4720 huc
2784 4655 2926 4720 dics
2968 4662 3323 4737 noctesque
3358 4652 3755 4730 incumbere,
3800 4661 3876 4716 ut
3909 4672 4080 4735 quae
4121 4650 4406 4716 fideliter

2445 4765 2486 4808 a
2529 4740 2721 4807 nobis
2764 4739 3006 4804 tradita
3047 4745 3231 4818 sunt,
3277 4739 3347 4803 in
3390 4738 3659 4804 modum
3704 4738 3925 4816 etiam,
3973 4757 4168 4819 quem
4212 4744 4404 4821 puta-

2443 4850 2594 4893 mus
2638 4825 2962 4909 optimum
3003 4825 3170 4904 fore,
3215 4825 3590 4890 formemus.
3680 4823 3826 4889 Hoc
3869 4843 4129 4905 quoque
4174 4845 4406 4889 verum

2445 4921 2574 4992 est,
2626 4910 2978 4987 nonnulla,
3035 4930 3203 4993 quae
3256 4906 3644 4976 scholastico
3701 4906 3962 4975 dicendi
4004 4928 4249 4992 genere
4266 4960 4282 4988 ,
4339 4905 4441 4974 et'

2444 5000 2667 5064 minus
2700 4995 3002 5080 populari
3035 4994 3210 5079 stylo
3245 4996 3595 5078 scripserat
3623 4994 3981 5075 Lutherus,
4018 4994 4409 5079 Philippum

2445 5082 2984 5151 Melancthonem
3036 5080 3397 5165 prudenter
3465 5089 3533 5146 et
3586 5100 3831 5165 magna
3886 5080 4280 5146 dexteritate
4335 5083 4406 5145 in

2446 5171 2778 5235 mitiorem
2822 5168 3097 5232 formam
3143 5165 3462 5231 flectendo
3476 5217 3492 5244 ,
3540 5165 3625 5232 ad
3667 5167 4015 5251 vulgarem
4061 5166 4405 5231 hominum

2448 5265 2715 5340 captum
2770 5250 3324 5331 accommodasse,
3381 5263 3449 5316 et
3509 5273 3924 5322 communem
3965 5254 4146 5317 vitae
4190 5272 4402 5318 usum.

2449 5342 2560 5407 Ita
2611 5360 2817 5425 quum
2874 5339 3128 5404 edenda
3168 5341 3508 5422 Augustae
3562 5347 3733 5406 esset
3786 5339 4217 5408 confessionis
4271 5340 4403 5405 for-
