4999 6179
412 492 494 554 89
1138 462 1148 473 '
1759 487 2419 557 OArEoflmuus
2467 489 3085 558 GENEVENSIS.
4348 502 4435 570 90

409 696 581 744 nous
623 675 1056 743 demandions
1098 699 1181 743 en
1228 684 1522 764 eroyant,
1569 685 1637 744 et
1718 676 1836 742 u'il
1875 698 2044 743 nous
2085 698 2235 745 sera
2275 685 2376 743 ot-
2423 681 2430 765 Ι
2478 685 2659 744 eerta
2711 678 2843 745 fide
2895 689 3149 764 petere:
3217 688 3286 747 et
3339 682 3682 764 promissio
3750 681 4042 761 additur,
4114 684 4433 774 quidquid

412 772 606 851 noys
649 763 923 847 (Matth.
961 766 1067 844 21,
1104 766 1218 842 223
1255 764 1445 829 Maro
1484 769 1583 844 11,
1620 766 1697 827 24
1739 813 1754 829 .

1205 886 1273 921 u
1305 885 1567 921 mm

584 936 647 1002 11
711 946 885 1002 reste
950 935 1033 1000 de
1095 937 1315 1003 saveir
1368 944 1695 1002 eomment
1761 942 1831 1000 et
1881 941 1925 1001 a
1979 935 2130 1019 quel
2194 935 2374 1001 tiltre

2421 776 2430 908 ¹
2479 764 2820 831 eredentes
2855 767 3256 850 petierimus,
3302 767 3373 832 id
3412 767 3602 834 nobis
3646 768 3874 835 datum
3917 770 4019 835 iri.

3475 889 3589 925 'mn-

2651 936 2893 1004 Restat
2933 945 3009 1004 ut
3061 938 3430 1019 videamus,
3474 940 3651 1005 undo
3693 940 3882 1008 nobis
3925 950 4187 1009 tantum
4229 948 4430 1014 eonfi-

411 1045 581 1090 nous
626 1043 926 1107 pouvons
979 1023 1169 1088 avoir
1209 1022 1277 1088 la
1320 1021 1656 1088 hardiesse
1698 1020 1779 1088 de
1822 1041 1989 1086 nous
2029 1030 2376 1105 presenter
2478 1020 2773 1089 dentiae:
2822 1031 2899 1089 ut
2928 1046 3133 1108 quum
3176 1032 3273 1091 tot
3315 1025 3527 1091 modis
3569 1024 3829 1112 indigni
3876 1028 4081 1094 simus
4102 1029 4234 1096 Dei
4278 1054 4433 1099 eon-

412 1109 658 1177 devant
709 1110 915 1175 Dieu:
972 1128 1102 1176 veu
1157 1129 1285 1193 que
1338 1129 1505 1174 nous
1571 1129 1655 1173 en
1713 1126 1996 1197 sommes
2053 1128 2176 1192 par
2224 1114 2374 1191 trop
2477 1115 2726 1191 speetu,
2774 1110 3005 1176 sistere
3048 1133 3166 1177 nos
3210 1119 3433 1176 tamen
3477 1132 3696 1178 eoram
3740 1115 3883 1196 ipso
3928 1114 4302 1184 audeamus.

408 1196 735 1281 indignes.

1255 1296 1524 1351 n’mm.

582 1368 1132 1448 Premierement,
1178 1386 1350 1431 nous
1395 1386 1602 1433 avons
1646 1364 1743 1431 les
1787 1383 2180 1449 promesses,
2224 1384 2375 1429 aus-

452 1454 661 1522 uelles
702 1453 755 1519 il
793 1474 962 1523 nous
1002 1454 1147 1519 faut
1188 1459 1490 1532 arrester,
1536 1473 1693 1517 sans
1738 1448 2110 1518 eonsiderer
2151 1458 2375 1515 nostre

463 1543 478 1557 ·
581 1542 670 1607 ’te
731 1540 868 1624 (ΡΒ.
910 1544 1011 1620 50,
1054 1542 1164 1621 15;
1212 1540 1316 1619 91,
1367 1543 1404 1603 3
1441 1544 1511 1603 et
1550 1542 1690 1617 145,
1734 1540 1848 1618 183
1893 1537 2007 1603 Es.
2048 1541 2149 1616 30,
2193 1540 2269 1599 15
2308 1542 2378 1600 et

414 1632 518 1707 65,
570 1631 684 1709 243
730 1626 858 1692 Ier.
909 1629 1011 1706 29,
1066 1628 1174 1705 12;
1221 1623 1365 1690 Ioel
1410 1628 1469 1703 2,
1520 1624 1651 1708 32).
1748 1621 2263 1700 Seoondement,
2320 1622 2376 1687 si

414 1735 584 1779 nous
653 1733 936 1779 sommes
1002 1711 1236 1777 enfans
1291 1710 1372 1776 de
1426 1708 1631 1789 Dieu,
1696 1708 1747 1775 il
1811 1730 1979 1776 nous
2040 1707 2257 1774 induit
2310 1714 2379 1773 et

497 1799 639 1866 ulse
690 1819 814 1884 par
865 1819 986 1865 son
1042 1798 1255 1863 sainet
1296 1797 1528 1880 Esprit
1582 1803 1625 1862 a
1678 1817 1848 1862 nous
1902 1795 2139 1860 retirer
2184 1795 2375 1860 fami-

442 1886 764 1952 ‘erement
806 1892 848 1951 a
899 1884 1040 1970 luy,
1095 1903 1349 1951 oomme
1405 1890 1448 1949 a
1503 1890 1727 1948 nostre
1769 1881 1943 1948 Pere
1998 1880 2272 1966 (Matth.
2314 1885 2372 1960 6,

415 1971 505 2056 9).
592 1972 690 2037 Et
741 1972 878 2037 afin
929 1991 1056 2055 que
1108 1991 1275 2036 nous
1333 1990 1415 2034 ne
1469 1968 1844 2053 oraignions
1897 1987 2020 2051 pas
2063 1965 2144 2032 de
2200 1986 2376 2033 eom-

411 2058 735 2143 paroistre
780 2055 1024 2124 devant
1064 2077 1139 2121 sa
1182 2055 1464 2120 Maieste
1516 2053 1870 2139 glorieuse,
1925 2073 2092 2119 nous
2133 2053 2247 2135 qui
2290 2073 2376 2117 ne

412 2164 698 2210 sommes
782 2163 866 2208 ue
907 2162 1148 2226 povres
1181 2161 1335 2207 vers
1375 2138 1457 2205 de
1499 2147 1695 2220 terre,
1738 2145 1810 2205 et
1840 2137 2220 2205 miserables
2259 2158 2375 2222 pe—

412 2231 652 2296 eheurs
665 2282 683 2310 ,
738 2230 752 2243 ‘
839 2249 1005 2294 nous
1060 2227 1277 2293 donne
1324 2234 1551 2292 nostre
1595 2225 1927 2311 Seigneur
1963 2224 2154 2291 Iesus
2209 2244 2376 2307 pour

413 2315 792 2383 Mediateur
827 2316 893 2400 (1
926 2315 1097 2380 Tim.
1136 2317 1195 2394 2,
1236 2317 1306 2393 53
1341 2313 1547 2379 Hebr.
1586 2320 1647 2392 4,
1689 2316 1800 2389 163
1845 2315 1873 2375 1
1913 2310 2127 2376 Iehan
2172 2313 2232 2388 2,
2275 2313 2371 2393 1):

412 2404 551 2469 afin
573 2424 700 2487 que
740 2422 866 2486 par
888 2422 1006 2467 son
1048 2421 1291 2484 moyen
1335 2406 1539 2483 ayant
1581 2419 1789 2478 aoeez,
1830 2418 1999 2463 nous
2040 2417 2126 2462 ne
2171 2395 2373 2462 doub-

406 2489 590 2555 tions
629 2487 821 2573 point
863 2486 944 2552 de
986 2495 1263 2552 trouver
1305 2505 1514 2569 grace.

584 2616 593 2625 ·
1205 2608 1273 2642 m
1306 2606 1567 2642 Μ.

583 2659 972 2725 Entens-tu
1013 2657 1169 2742 qu'il
1222 2679 1309 2723 ne
1364 2678 1532 2723 nous
1582 2656 1762 2722 faille
1815 2655 2136 2739 invoquer
2176 2652 2374 2735 Dieu,

410 2751 611 2831 qu’au
652 2745 828 2811 Nom
873 2744 954 2810 de
996 2745 1184 2811 Iesus
1229 2742 1504 2809 Christ?

1260 2847 1373 2901 n’nu
1382 2866 1526 2901 rur.

589 2923 706 2998 [fol.
746 2923 853 2998 45]
897 2917 973 2983 Ie
1015 2916 1290 2983 l’entens
1348 2917 1532 2982 ainsi.

409 3003 477 3070 le
522 3002 1098 3072 oommandement
1152 3023 1405 3085 expres.
1493 3002 1588 3068 Et
1631 3023 1715 3067 en
1758 3021 1834 3067 ee
1874 3001 2150 3080 faisant,
2209 3019 2375 3065 nous

409 3101 515 3159 est
552 3089 801 3175 promis
838 3111 964 3174 que
1006 3111 1127 3174 par
1158 3088 1225 3154 la
1259 3097 1455 3154 vertu
1490 3087 1571 3154 de
1606 3108 1730 3155 son
1763 3086 2208 3167 intemession,
2249 3107 2374 3151 noz

406 3183 748 3263 requestes
789 3197 962 3243 nous
1001 3183 1224 3244 seront
1264 3182 1596 3261 ottroyees
1638 3173 1881 3258 (Iehan
1922 3179 2020 3254 14,
2061 3178 2090 3238 l
2103 3173 2191 3256 3).

1206 3297 1274 3332 u
1309 3295 1571 3332 mm·

585 3348 683 3416 Ce
716 3346 889 3414 n’est
920 3348 1110 3432 point
1148 3345 1316 3413 dono
1360 3347 1676 3427 temerite,
1721 3367 1807 3413 ne
1839 3346 1993 3412 folle
2027 3363 2375 3429 presump-

412 3436 554 3502 tion
576 3433 658 3502 de
680 3454 848 3500 nous
883 3454 1031 3500 oser
1052 3432 1353 3500 adresser
1371 3433 1786 3516 priveement
1807 3438 1850 3497 a
1868 3431 2063 3512 Dieu,
2101 3450 2375 3518 moyen-

410 3528 583 3588 nant
626 3541 753 3605 que
796 3540 968 3586 nous
1010 3539 1221 3605 ayons
1262 3519 1456 3585 Iesus
1490 3518 1723 3585 Christ
1760 3538 1930 3603 pour
1972 3523 2199 3583 nostre
2234 3515 2374 3582 Ad-

407 3615 633 3675 voeat:
680 3615 749 3672 et
790 3627 916 3691 que
959 3627 1127 3672 nous
1168 3604 1233 3671 le
1269 3604 1584 3671 mettions
1641 3626 1723 3671 en
1780 3610 2009 3683 avant,
2070 3604 2203 3669 afin
2247 3623 2374 3687 que

406 3691 594 3759 Dieu
635 3713 757 3778 par
797 3713 920 3758 son
960 3712 1208 3777 moyen
1248 3711 1420 3758 nous
1471 3692 1564 3757 ait
1615 3689 2030 3776 aggreables‚
2086 3697 2153 3755 et
2209 3710 2374 3756 nous

405 3799 675 3846 exauoe.
832 3821 845 3828 -

1625 2914 1759 2982 Car
1801 2931 1972 2981 nous
2027 2935 2112 2980 en
2170 2933 2377 2978 avons

1294 3879 1531 3934 ’mn-r.

588 3949 760 4017 Non.
850 3949 985 4016 Car
1026 3970 1197 4016 nous
1250 3900 1503 4034 prions‘
1530 3968 1782 4015 oomme
1823 3968 1945 4033 par
1987 3969 2063 4013 sa
2103 3946 2374 4029 bouehe,

412 4034 718 4103 d'autant
761 4035 917 4120 qu’il
958 4058 1124 4103 nous
1167 4034 1383 4101 donne
1416 4042 1645 4104 entree
1685 4039 1755 4099 et
1797 4032 2128 4114 audienee,
2174 4042 2242 4099 et
2274 4035 2376 4100 in-

412 4122 680 4190 teroede
722 4144 892 4207 pour
932 4143 1100 4189 nous
1146 4121 1364 4207 (Rom.
1403 4124 1465 4202 8,
1510 4120 1642 4206 34).

1184 4329 1253 4364 u
1285 4327 1544 4364 umeru-
1562 4309 1608 4376 ¹)

590 4380 875 4449 Parlons
908 4379 1322 4446 maintenant
1358 4377 1439 4445 de
1472 4378 1541 4444 la
1572 4375 1922 4445 substanoe
1943 4377 2025 4446 de
2046 4399 2170 4445 noa
2205 4380 2375 4446 orai-

411 4487 590 4536 sons.
688 4466 999 4535 Pouvons
1012 4504 1040 4517 ·
1056 4486 1222 4531 nous
1289 4463 1644 4531 demandet
1698 4470 1844 4530 tout
1906 4485 1979 4531 ee
2032 4467 2148 4549 qui
2211 4487 2378 4533 nous

410 4554 601 4622 vient
643 4574 730 4620 en
771 4549 1307 4632 l'entendement,
1338 4572 1435 4617 ou
1480 4549 1585 4618 s’il
1618 4574 1665 4637 y
1700 4572 1741 4616 a
1774 4550 2051 4635 quelque
2086 4552 2377 4619 eertaine

410 4638 621 4725 reigle
662 4639 733 4705 la
775 4637 1003 4705 dessus
1016 4636 1048 4701 ‘2

1260 4739 1526 4794 n’mtrm.

589 4810 670 4878 Si
712 4831 878 4877 nous
922 4809 1238 4897 suyvions
1281 4817 1505 4874 nostre
1545 4809 1829 4875 fantasie
1843 4860 1858 4888 ,
1915 4829 2041 4874 noa
2082 4812 2376 4876 oraisons

400 4907 728 4985 seroyent
789 4896 945 4963 bien
1004 4895 1142 4962 mal
1193 4894 1487 4980 reiglees.
1577 4893 1711 4960 Car
1763 4916 1929 4961 nous
1982 4916 2265 4962 sommes
2319 4897 2376 4964 si

410 4986 761 5070 ignorans,
816 5004 948 5067 que
1000 5003 1169 5048 nous
1222 5002 1308 5047 ne
1360 5001 1656 5065 pouvons
1711 5002 1834 5065 pas
1888 4983 2076 5067 iuger
2131 5004 2206 5049 oe
2263 4985 2375 5067 qui

408 5167 1077 5178 --.—————--—————————-
1110 5169 1151 5174 ff

3383 1318 3535 1354 Pm-

2652 1367 2974 1446 Primum,
3020 1366 3341 1434 habemus
3382 1370 3861 1452 promissiones,
3907 1372 4141 1455 quibus
4184 1375 4434 1460 simpli-

2479 1453 2674 1534 oiter,
2731 1454 2976 1519 omissa
3052 1453 3393 1538 dignitatis
3448 1464 3711 1521 nostrae
3767 1458 4046 1538 ratione,
4120 1460 4434 1528 standum

2482 1546 2599 1604 est.
2691 1539 2980 1619 Deinde,
3024 1540 3082 1606 si
3123 1540 3244 1604 filii
3286 1540 3416 1606 Dei
3432 1540 3490 1625 ²)
3533 1563 3762 1607 sumus
3778 1593 3793 1621 ,
3836 1543 4089 1609 animat
4131 1565 4255 1612 nos
4298 1548 4433 1631 spi-

2480 1625 2651 1691 ritus
2694 1626 2866 1704 eius,
2924 1633 3119 1708 atque
3162 1626 3460 1710 instigat,
3507 1635 3582 1692 ut
3625 1627 3710 1693 ad
3752 1649 3934 1708 eum,
3986 1637 4304 1714 tanquam
4348 1633 4434 1699 ad

2479 1718 2770 1794 patrem‘,
2827 1711 3241 1777 familiariter
3297 1733 3415 1779 nos
3467 1714 3759 1798 recipere
3816 1714 3986 1779 nihil
4039 1714 4431 1785 dubitemus.

2482 1798 2584 1863 Ao
2638 1818 2724 1862 ne
2780 1797 2925 1863 ideo
2980 1797 3151 1881 quod
3209 1799 3420 1864 instar
3470 1799 3798 1866 vermium
3842 1822 4096 1882 sumus,
4156 1813 4224 1868 et
4278 1823 4435 1870 oon-

2478 1883 2757 1948 seientia
2780 1883 3145 1967 premimur
3159 1892 3535 1950 nostrorum
3555 1896 3989 1969 peoeatorum,
4021 1889 4434 1956 maiestatem

2480 1969 2624 2035 eius
2664 1969 3019 2052 gloriosam
3052 1969 3456 2049 horreamus,
3502 1970 3929 2038 mediatorem
3964 1974 4153 2040 nobis
4194 1995 4434 2061 propo-

2479 2055 2583 2119 nit
2623 2052 2970 2122 Christum
2984 2108 3003 2135 ,
3058 2076 3184 2138 quo
3224 2056 3410 2122 nobis
3429 2056 3488 2141 ⁸)
3546 2055 3796 2122 aditum
3836 2059 4267 2142 patefaciente
4280 2112 4296 2141 ,
4354 2061 4435 2127 de

2480 2139 2846 2206 obtinenda
2888 2141 3103 2225 gratia
3144 2141 3417 2206 minime
3461 2142 3669 2208 simus
3713 2144 3914 2211 anxii.

2650 2655 2980 2741 Intelligis
3025 2677 3160 2722 non
3215 2608 3599 2726 nisimulnizz
3640 2659 3891 2726 Christi
3938 2661 4203 2727 nomine
4245 2660 4436 2728 invo-

2478 2740 2764 2809 candum
2807 2763 2951 2808 esse
2993 2741 3258 2808 Deum?

2654 2912 2769 2981 Sie
2824 2914 3050 2981 sentio.
3140 2915 3318 2981 Nam
3369 2867 3447 2982 ἐξ
3449 2867 3768 2985 ⁸1¹²c‘lisertis
3826 2921 4045 2987 verbis
4098 2918 4195 2983 ita
4247 2912 4468 2985 nobis'

2477 3001 2910 3085 praecipitur:
2956 3008 3023 3065 et
3067 2999 3334 3066 additur
3375 3004 3718 3086 promissio
3733 3058 3751 3086 ,
3795 3006 4131 3073 facturum
4167 3025 4290 3069 sua
4329 3004 4434 3068 in-

2477 3088 2896 3168 tercessione,
2943 3096 3018 3152 ut
3059 3106 3535 3173 oonsequamur
3576 3113 3742 3175 quae
3783 3092 4088 3177 petimus.

3332 3296 3592 3334 mm·

2651 3345 2804 3412 Non
2862 3364 3019 3432 ergo
3070 3347 3463 3413 temeritatis
3508 3355 3625 3413 aut
3660 3352 4078 3435 arrogantiae
4121 3373 4434 3420 aoousan-

2480 3432 2604 3498 dus
2649 3439 2777 3512 est,
2874 3431 2947 3498 ui
2986 3431 3110 3499 hoo
3155 3431 3468 3499 advocato
3509 3434 3720 3501 fretus
3767 3436 3851 3503 ad
3894 3438 4114 3505 Deum
4157 3439 4434 3505 familia-

2478 3520 2643 3584 riter
2896 3518 2972 3583 'tz
3031 3524 3101 3584 et
3145 3518 3323 3585 hune
3364 3519 3510 3586 Deo
3562 3527 3630 3588 et
3683 3521 3811 3589 sibi
3855 3526 4163 3608 proponit
4198 3525 4432 3604 solum,

2475 3625 2598 3688 per
2639 3625 2835 3689 quem
2870 3603 3281 3670 exaudiatur.

3384 3899 3536 3936 PUER-

2654 3954 2775 4029 [fol.
2814 3953 2921 4028 56]
2956 3946 3158 4014 Nullo
3214 3947 3422 4015 modo.
3512 3949 3688 4015 Nam
3742 3952 3854 4035 qui
3902 3952 3997 4018 sie
4049 3960 4196 4018 orat
4209 4003 4227 4033 ,
4285 3959 4432 4019 tan-

2479 4056 2680 4120 quam
2720 4056 2804 4101 ex
2845 4033 3025 4100 illius
3079 4054 3192 4099 ore
3234 4055 3461 4117 preoes
3514 4036 3823 4120 ooneipit:
3879 4058 4081 4120 quum
4127 4039 4271 4105 eius
4315 4061 4431 4123 pa-

2479 4120 2757 4187 troeinio
2804 4119 3105 4186 adiuvari
3163 4141 3349 4186 suam
3405 4121 3767 4186 orationem
3786 4173 3802 4200 ‚
3859 4123 4434 4210 commendarique

2481 4209 2666 4274 soiat.

3334 4327 3593 4363 numenn-

2655 4380 3041 4445 'l'raotemus
3082 4378 3245 4457 iam,
3297 4377 3455 4461 quid
3499 4378 3833 4444 eontinere
3867 4378 4161 4448 fidelium
4209 4401 4434 4463 preees

2481 4464 2781 4532 debeant.
2869 4464 3146 4532 Lieetne
3197 4462 3521 4548 quidquid
3564 4464 3635 4529 in
3681 4475 3973 4531 mentem
4015 4466 4206 4532 nobis
4250 4468 4436 4532 venit

2481 4571 2522 4616 a
2564 4550 2711 4617 Deo
2755 4550 3109 4636 postulare,
3156 4571 3242 4616 an
3281 4557 3463 4617 eerta
3496 4550 3605 4617 hie
3649 4549 3934 4617 tenenda
3975 4559 4076 4617 est
4118 4550 4391 4637 regula?

3381 4757 3532 4794 PUER-

2651 4809 2837 4875 Haeo
2880 4831 3036 4876 vero
3078 4809 3277 4876 nimis
3298 4815 3719 4893 praepostera
3762 4814 3934 4872 esset
3967 4807 4201 4873 orandi
4242 4809 4429 4889 ratio,

2478 4895 2638 4962 indu
2713 4916 2824 4961 ere
2846 4896 3128 4981 propriis
3163 4895 3520 4974 desideriis,
3566 4894 3909 4976 earnisque
3929 4891 4189 4960 iudioio.
4254 4894 4428 4960 Nam

2477 4990 2548 5048 et
2587 5003 2668 5047 ru
2718 4982 2888 5048 ‘ores
2931 5004 3176 5063 sumus,
3222 5004 3420 5066 quam
3462 4986 3537 5045 ut
3579 4980 3903 5061 possimus
3937 4978 4227 5047 iudicare
4269 4980 4427 5066 quid
4517 5057 4524 5064 ,

730 5291 789 5358 1)
839 5291 922 5347 Le
968 5290 1052 5346 37.
1100 5290 1396 5347 dhnanohe.
1439 5317 1505 5329 --
1555 5288 1836 5345 L’oraison
1885 5289 2239 5347 Chrestienne
2285 5306 2390 5361 que
2444 5307 2586 5346 nous
2633 5307 2669 5345 a
2716 5292 2939 5361 apprins
2988 5299 3175 5348 nostre
3222 5287 3494 5358 Seigneur.
3547 5314 3616 5327 —-
3660 5286 3743 5343 Ls
3788 5288 4016 5345 division
4053 5288 4121 5345 de
4169 5286 4426 5345 l’oraison

410 5361 754 5420 dominicale.

728 5429 790 5496 2)
826 5428 931 5485 Dei
965 5445 1069 5484 om.
1110 5427 1253 5486 Gau.
1286 5435 1336 5485 et
1370 5427 1539 5484 Besa.

1816 5425 1878 5494 3)
1913 5427 2070 5483 nobis
2105 5443 2206 5484 om.
2241 5425 2396 5485 1550.
2430 5427 2584 5484 1552.
2620 5426 2758 5482 1576
2791 5435 2886 5485 etc.
