4999 6179
607 484 733 548 519

606 668 956 736 hominum
996 664 1171 731 libri.
1263 662 1459 729 Nunc
1511 668 1731 744 autem
1787 657 2075 723 breviter
2128 655 2253 721 sibi
2298 677 2569 739 respon-

609 777 757 823 sum
784 752 1100 819 habeant:
1147 770 1268 815 nos
1313 768 1434 814 neo
1476 746 1556 812 ab
1583 744 1859 812 ecclesia
1919 741 2273 821 dissidere,
2322 761 2451 840 000
2488 741 2571 807 ab

608 842 750 907 eius
806 836 1267 906 communione
1323 855 1469 900 osse
1524 834 1791 898 alienos.
1883 827 2019 895 Sed
2074 828 2230 911 quia
2283 846 2572 911 specioso

608 927 723 993 illo
776 924 1087 992 ccclesiae
1141 921 1366 1002 titulo,
1429 920 1629 985 etiam
1686 917 1812 1002 piis
1869 915 2109 999 alioqui
2163 919 2232 978 et
2287 912 2573 979 cordatis

607 1013 1055 1100 perstringere
1098 1008 1321 1076 oculos
1379 1006 1593 1072 solent
1611 1055 1626 1083 ,
1685 1011 1768 1083 te,
1824 1000 2262 1067 invictissime
2305 997 2570 1078 Caesar,

609 1119 859 1182 vosque
914 1093 1336 1162 illustrissimi
1380 1091 1756 1174 Principes,
1802 1086 2120 1166 obtestor,
2166 1086 2453 1170 primum
2495 1095 2572 1150 ut

611 1185 907 1270 deposito
965 1182 1144 1248 omni
1198 1177 1599 1264 praeiudicio
1657 1176 1932 1241 alteram
1991 1172 2354 1237 defensioni
2418 1192 2572 1236 nos-

612 1278 755 1337 trae
800 1289 1031 1336 aurem
1073 1267 1403 1351 integram
1461 1261 1852 1348 praebeatis:
1915 1258 2178 1338 deinde,
2237 1278 2321 1323 no
2363 1257 2570 1356 proti-

611 1377 740 1423 nus
795 1354 1014 1421 audito
1075 1352 1382 1419 ecclesiae
1437 1350 1702 1416 nomine
1747 1346 2156 1424 terreamini,
2219 1350 2295 1411 ut
2338 1365 2572 1410 mem1-

612 1441 860 1520 neritis,
907 1439 1037 1505 tale
1073 1438 1339 1504 omnino
1383 1457 1535 1503 cum
1568 1436 1828 1502 larvata
1872 1431 1975 1498 sui
2008 1431 2251 1498 sacculi
2296 1429 2605 1510 ecclesia⁴

610 1527 946 1612 prophetis
1000 1531 1067 1591 et
1109 1523 1420 1608 apostolis
1475 1522 1677 1588 fuisse
1731 1525 2093 1596 certamen,
2149 1516 2339 1600 qualo
2384 1513 2573 1582 nobis

616 1634 766 1680 cum
811 1611 1120 1695 pontifice
1164 1629 1433 1674 romano
1471 1615 1733 1692 totaque
1776 1606 1918 1671 01110
1961 1604 2228 1670 cohorte
2265 1624 2409 1668 0000
2452 1603 2572 1668 110-

618 1698 723 1764 1110
760 1697 1013 1766 videtis.
1089 1695 1317 1776 Quum
1358 1694 1456 1759 1111
1491 1693 1620 1759 Dei
1659 1690 1971 1757 mandato
2003 1691 2075 1755 in
2110 1688 2570 1768 idololatriam,

617 1783 1142 1869 superstitiones,
1201 1780 1430 1864 templi
1484 1797 1946 1862 sacrorumque
1991 1776 2445 1861 pollutionem,
2502 1776 2573 1839 in

616 1870 1030 1938 sacerdotum
1103 1866 1466 1933 socordiam
1545 1887 1620 1932 ac
1685 1872 2048 1948 torporem,
2127 1862 2198 1927 in
2278 1863 2575 1927 omnium

616 1956 999 2034 avaritiam,
1044 1953 1499 2020 crudelitatem
1540 1957 1608 2018 et
1641 1950 1947 2017 libidines
1989 1949 2260 2014 liberius
2305 1947 2572 2016 invehe-

616 2050 880 2120 rentur,
953 2041 1263 2106 continuo
1317 2038 1453 2103 illis
1521 2045 1666 2117 [pag.
1721 2041 1867 2116 115]
1921 2036 2348 2121 regerebatur
2400 2033 2577 2118 quod

617 2127 812 2194 hodie
863 2146 1123 2209 semper
1177 2126 1250 2190 in
1310 2144 1423 2192 ore
1468 2124 1718 2189 habent
1772 2121 2132 2188 adversarii
2176 2122 2414 2186 nostri:
2463 2141 2575 2185 eos

617 2238 657 2280 a
701 2214 1030 2280 communi
1085 2212 1413 2278 sententia
1468 2207 1860 2276 discedendo
1914 2207 2224 2273 ecclesiae
2278 2204 2576 2272 scindere

616 2301 962 2366 unitatem.
1053 2299 1224 2364 Erat
1267 2304 1425 2363 tunc
1469 2295 1880 2361 ordinarium
1922 2293 2232 2360 ecclesiae
2276 2293 2576 2377 regimen

615 2408 821 2471 penes
889 2382 1294 2462 sacerdotes,
1364 2382 1537 2467 quod
1597 2403 1732 2447 non
1795 2387 2041 2445 temere
2105 2385 2578 2465 arrogaverant

614 2474 741 2556 ipsi
786 2472 943 2550 sibi,
1002 2469 1120 2536 sed
1159 2472 1348 2537 Deus
1389 2469 1521 2535 illis
1564 2468 1709 2552 lege
1753 2487 1872 2533 sua
1919 2466 2299 2532 contulerat.
2388 2466 2575 2530 Lon-

615 2581 773 2644 gum
811 2566 989 2625 esset
1027 2561 1105 2623 in
1139 2556 1425 2640 singulis
1466 2554 1590 2620 hoc
1625 2551 1991 2618 ostendere.
2063 2551 2214 2618 Uno
2237 2551 2443 2637 igitur
2466 2552 2574 2617 Ie-

615 2646 863 2710 1010100
912 2644 1213 2727 exemplo
1250 2645 1461 2707 simus
1505 2638 1795 2705 contenti
1841 2638 1997 2723 (Ier.
2047 2641 2141 2717 18,
2191 2639 2317 2722 18).
2405 2638 2577 2703 Erat

613 2731 714 2796 illi
770 2752 922 2796 cum
978 2736 1113 2795 toto
1157 2725 1567 2795 sacerdotum
1622 2722 1895 2808 collegio
1939 2724 2297 2810 negotium.
2385 2723 2574 2790 Haec

616 2814 700 2882 ad
758 2838 909 2882 eum
963 2813 1413 2899 impetendum
1465 2818 1657 2877 erant
1722 2810 1985 2876 illorum
2040 2831 2249 2875 arma:
2306 2808 2571 2889 Venite,

614 2903 1062 2986 conspiremus
1120 2901 1439 2968 adversus
1481 2895 1847 2964 Ieremiam.
1935 2895 2086 2961 Non
2143 2896 2322 2961 enim
2380 2895 2488 2960 lex
2534 2918 2575 2962 a

614 2987 952 3055 sacerdote
995 2988 1264 3071 peribit,
1310 3004 1432 3050 nec
1474 2982 1825 3050 consilium
1869 3001 1909 3045 a
1951 3002 2142 3060 senc,
2190 3003 2309 3048 nec
2353 3002 2572 3048 sermo

612 3097 654 3142 a
694 3075 1035 3161 propheta.
1110 3074 1279 3145 Erat
1319 3070 1456 3138 illic
1500 3091 1798 3138 summus
1841 3067 2158 3148 sacerdos,
2205 3068 2393 3134 cuius
2439 3089 2573 3134 non

612 3169 788 3228 stare
853 3160 1094 3227 iudicio
1162 3158 1441 3242 capitale
1518 3164 1675 3223 erat.
1765 3156 2003 3221 Totum
2070 3155 2395 3233 ordinem,
2465 3157 2572 3222 cui

608 3248 798 3313 Deus
853 3248 994 3331 ipse
1049 3245 1436 3312 israeliticae
1495 3243 1805 3311 ecclesiae

613 3333 831 3412 derat,
916 3333 1040 3399 sibi
1119 3331 1630 3398 consentientem
1707 3326 1874 3394 habe
1919 3334 2002 3393 at:
2106 3326 2184 3394 Si
2261 3328 2572 3394 ecclesiae

613 3420 944 3484 unitatem
1002 3418 1235 3495 violat,
1300 3417 1413 3500 qui
1477 3416 1617 3483 sola
1671 3414 1801 3480 Dei
1861 3415 2141 3480 veritate
2203 3414 2572 3479 instructus

612 3504 983 3570 ordinariae
1049 3525 1120 3570 se
1185 3503 1492 3586 potestati
1556 3501 1856 3586 opponit,
1924 3500 2379 3566 schismaticus
2442 3500 2573 3565 erit

612 3590 953 3675 propheta,
998 3591 1111 3672 qui
1145 3589 1314 3653 nihil
1350 3587 1671 3653 eiusmodi
1705 3586 1905 3651 minis
1939 3586 2185 3654 fractus
2217 3586 2363 3665 fuit,
2408 3607 2571 3670 quo-

610 3678 833 3741 minus
898 3674 1148 3741 bellum
1226 3695 1376 3740 cum
1455 3671 1867 3739 sacerdotum
1935 3672 2028 3735 im
2075 3672 2274 3737 ietate
2340 3692 2570 3755 gerere

610 3768 993 3829 constanter
1072 3760 1465 3844 persisteret.
1570 3756 1767 3824 Stare
1841 3777 1881 3821 a
1957 3778 2043 3820 no
2089 3757 2146 3822 is
2229 3763 2569 3823 aeternam

611 3849 737 3914 Dei
782 3849 1153 3926 veritatem,
1200 3867 1240 3911 a
1273 3843 1613 3929 prophetis
1657 3849 1726 3908 et
1764 3842 2071 3926 apostolis
2106 3842 2567 3926 praedicatam,

609 3934 826 4018 parati
882 3943 1110 4000 sumus
1164 3930 1537 3998 ostendere:
1598 3937 1793 4013 atque
1848 3927 2011 3993 adeo
2067 3929 2277 3995 cuivis
2320 3929 2567 3995 intelli-

612 4040 769 4105 gere
806 4028 1186 4104 promptum
1228 4025 1344 4083 est.
1436 4015 1574 4083 Sed
1618 4014 1741 4080 hoc
1794 4021 2057 4080 tantum
2101 4015 2307 4081 ariete
2352 4016 2567 4100 repel-

609 4106 827 4185 limur,
873 4105 1047 4189 quod
1090 4103 1550 4170 discessionem
1586 4099 1666 4166 ab
1690 4100 1960 4168 eeclesia
2002 4100 2186 4166 nulla
2206 4123 2406 4168 causa
2448 4124 2564 4168 cx-

604 4198 809 4259 cuset.
880 4191 1017 4257 Nos
1060 4211 1218 4256 vero
1251 4189 1320 4254 id
1365 4189 1507 4254 fieri
1552 4210 1592 4254 a
1625 4185 1813 4253 nobis
1854 4208 2307 4272 pernegamus.
2383 4187 2561 4270 Quid

600 4276 866 4355 habent,
914 4298 1041 4361 quo
1087 4297 1206 4342 nos
1248 4274 1571 4359 urgeant?
1648 4274 1930 4339 Prorsus
1963 4273 2162 4339 nihil:
2214 4274 2343 4340 nisi
2387 4274 2563 4358 quod

599 4362 1008 4429 ordinarium
1076 4362 1325 4427 habent
1378 4361 1686 4426 ecclesiae
1750 4360 2064 4444 regimen.
2155 4360 2248 4425 At
2312 4369 2561 4444 quanto

600 4448 858 4515 meliori
900 4448 1043 4513 iuro
1080 4447 1202 4513 hoc
1238 4446 1626 4512 dictitabant
1666 4446 1986 4512 Ieremias
2032 4446 2298 4513 hostes?
2383 4445 2560 4512 Nam

598 4545 772 4601 tunc·
815 4534 1050 4601 saltem
1122 4530 1429 4598 manebat
1481 4532 1695 4599 adhuc
1762 4531 2106 4598 sacordotii
2155 4533 2264 4598 lex
2322 4553 2362 4597 a
2410 4531 2558 4599 Deo

598 4621 985 4699 constituta,
1033 4625 1105 4685 ut
1148 4624 1329 4684 certa
1371 4628 1547 4684 esset
1588 4618 1845 4684 illorum
1896 4619 2163 4684 vocatio.
2256 4617 2392 4699 Qui
2435 4619 2555 4684 ho-

601 4706 707 4771 die
744 4706 1078 4790 praesules
1122 4712 1464 4783 vocantur,
1511 4710 1661 4786 [pag.
1705 4707 1854 4784 116]
1889 4703 2109 4784 nullis,
2159 4725 2278 4771 000
2315 4704 2556 4772 divinis

596 4811 720 4856 nec
753 4792 1065 4857 humanis
1095 4789 1376 4875 legibus,
1412 4788 1871 4874 approbabunt
1904 4811 2094 4856 suam
2126 4792 2551 4857 vocationem.

598 4875 756 4943 Sint
799 4884 1023 4943 tamen
1069 4896 1279 4961 pares.
1345 4876 1526 4943 -Nisi-
1558 4897 1756 4941 rcum·
1787 4876 2158 4943 schismatis
2203 4886 2555 4962 anteper-

597 4963 858 5048 egerint
922 4971 1221 5028 sanctum
1281 4961 1705 5045 prophetam,
1779 4962 1948 5027 nihil
2020 4963 2375 5029 adversum
2430 4987 2553 5030 nos

595 5050 945 5133 proficient
987 5049 1208 5114 fucoso
1241 5048 1356 5114 illo
1390 5047 1698 5116 ecclesiae
1735 5050 2014 5115 nomine.
2084 5049 2285 5115 Illum
2319 5071 2549 5129 unum,

593 5134 884 5220 exempli
925 5137 1166 5220 gratia,
1223 5134 1575 5203 nominavi.
1667 5133 1804 5213 Sed
1847 5135 2079 5218 reliqui
2122 5156 2349 5201 omnes
2391 5157 2549 5201 ean-

593 5221 741 5288 dem
797 5243 868 5288 se
930 5242 975 5305 p
1117 5220 1676 5287 am-sustinuisse
1746 5228 2100 5300 testantur,
2165 5242 2402 5305 quum,
2464 5219 2551 5287 ad

591 5329 702 5375 eos
758 5308 1003 5373 obruen
1052 5328 1157 5387 os,
1226 5307 1537 5374 ecclesiae
1608 5306 1800 5373 titulo
1865 5306 2297 5373 abuterentur
2359 5307 2546 5391 impii

2222 467 2352 534 DE
2397 425 3036 532 NEoEssmArE

1860 3241 2310 3393 {uber-nacula
2363 3241 2572 3307 tradi·
2594 3311 2601 3317 ,

4505 454 4630 516 520

2676 654 2828 731 fuit,
2887 658 2965 716 ut
3008 672 3079 716 00
3123 647 3377 715 Christi
3429 667 3653 715 servos
3695 649 4199 731 profiterentur,
4255 663 4629 729 synagogae

2677 738 2921 805 bellum
2979 734 3418 802 denunciare?
3510 734 3604 799 Et
3653 741 3876 798 tamen
3933 730 4277 798 sacerdotii
4333 731 4634 797 nondum

2678 825 3037 891 amiserant
3257 843 3370 886 um
3427 826 3542 886 aut
3594 820 3927 884 honorem.
4017 818 4253 902 Atqui,
4308 816 4630 900 inquient,

2677 912 2771 976 sic
2813 911 2887 974 in
2931 908 3226 975 doctrina
3281 906 3685 973 dissidebant
3737 912 3878 970 tum
3925 902 4233 987 apostoli,
4292 910 4436 969 tum
4480 925 4632 989 pro·

2677 997 2947 1081 phetae,
2999 995 3080 1060 ab
3134 994 3354 1077 impiis
3409 992 3885 1071 sacerdotibus,
3943 999 4021 1055 ut
4062 989 4137 1054 in
4186 989 4523 1057 sacrificiis
4565 997 4633 1056 et

2681 1083 2981 1166 precibus
3036 1080 3563 1147 communionem
3617 1079 3870 1144 interea
3922 1098 4069 1142 oum
4123 1076 4252 1142 illis
4319 1076 4626 1144 colerent.

2676 1169 2953 1234 Fateor:
2997 1188 3200 1251 quum
3246 1165 3330 1232 ad
3368 1165 3803 1231 idololatriam
3845 1184 3975 1229 non
4013 1170 4419 1247 cogerentur.
4497 1162 4633 1230 Sed

2677 1275 2872 1338 quem
2962 1253 3391 1336 rophetarum
3449 1251 3732 1336 legimus
3785 1269 4073 1333 unquam
4120 1249 4520 1317 sacrificasse
4560 1249 4631 1316 in

2676 1339 2918 1406 Bethel
3016 1361 3210 1423 quem
3256 1338 3454 1403 etiam
3507 1338 3768 1423 piorum
3810 1335 4090 1419 impuris
4135 1336 4471 1404 sacrificiis
4513 1359 4632 1421 pu-

2678 1433 2895 1491 tamus
2952 1425 3499 1501 communicasse,
3558 1445 3759 1507 quum
3816 1421 4135 1505 templum
4178 1423 4259 1487 ab
4304 1423 4631 1489 Antiocho

2676 1513 3035 1596 pollutum,
3093 1518 3162 1577 et
3201 1512 3514 1596 profanae
3557 1509 3692 1577 illio
3735 1509 4184 1576 caeremoniae
4222 1509 4631 1576 introductae

2677 1598 2937 1665 essent?
4358 1593 4369 1604 '

2853 1684 3134 1752 Summa
3178 1682 3308 1749 11110
3352 1689 3635 1767 spectat,
3682 1690 3761 1747 ut
3803 1704 4031 1751 servos
4073 1682 4346 1749 Domini
4386 1682 4632 1748 intelli-

2679 1773 2849 1858 gatis
2894 1772 3161 1836 inanem
3204 1768 3512 1835 ecclesiae
3556 1768 3827 1834 titulum
3866 1790 4204 1854 nunquam
4242 1770 4485 1835 morari
4526 1789 4633 1835 so-

2678 1858 2829 1924 litos
2873 1857 3103 1936 fuisse,
3156 1877 3360 1941 quum
3415 1855 3507 2007 al}
3557 1855 4025 1922 stabiliendum
4078 1856 4433 1939 impietatis
4483 1876 4632 1941 reg-

2677 1966 2838 2010 num
2879 1942 3358 2009 obtenderetur.
3496 1940 3737 2020 roindo,
3784 1964 3917 2007 non
3961 1943 4122 2009 satis
4156 1950 4257 2008 est
4289 1941 4633 2009 ecclesiam

2676 2032 2951 2109 iactare,
3009 2028 3126 2095 sed
3162 2026 3607 2095 adhibendum
3658 2036 3759 2094 est
3799 2028 4139 2095 iudicium:
4185 2037 4292 2108 ut,
4338 2048 4503 2112 quae
4546 2029 4634 2093 sit

2680 2137 2840 2182 vera
2884 2115 3185 2195 ecclesia,
3242 2121 3311 2180 et
3349 2114 3559 2198 qualis
3616 2114 3706 2180 sit
3743 2116 3884 2182 eius
3927 2116 4174 2195 unitas,
4234 2116 4628 2182 noverimus.

2678 2202 2826 2269 Hoc
2882 2209 3105 2267 autem
3166 2202 3453 2284 primum
3508 2202 3798 2267 omnium
3853 2209 3983 2282 est,
4056 2223 4139 2266 ne
4193 2200 4536 2268 ecclesiam
4588 2223 4629 2267 0

2679 2288 2946 2355 Christo
2982 2288 3195 2371 capite
3230 2307 3348 2352 suo
3385 2309 3780 2373 separemus.
3849 2287 4198 2355 Christum
4231 2308 4433 2371 quum
4468 2285 4630 2368 dico,

2678 2375 3100 2442 coniunctum
3128 2373 3176 2459 ¹)
3221 2372 3518 2457 intelligo
3569 2396 3720 2441 cum
3776 2373 4105 2460 evangelii
4158 2375 4261 2440 sui
4314 2373 4629 2454 doctrina,

2677 2483 2877 2545 quam
2920 2481 3039 2527 suo
3080 2460 3403 2544 sanguine
3457 2460 3849 2545 obsignavit.
3936 2463 4120 2545 Ergo
4176 2468 4250 2526 ut
4292 2481 4363 2527 00
4403 2481 4632 2526 veram

2679 2569 2820 2614 esse
2852 2553 3000 2626 [pag.
3034 2550 3178 2625 117]
3211 2545 3553 2611 eeclesiam
3587 2546 4027 2630 persuadeant
4060 2546 4440 2627 adversarii,
4478 2553 4631 2612 ante

2678 2635 2900 2699 omnia
2944 2654 3177 2717 puram
3215 2630 3343 2698 Dei
3389 2633 3757 2700 doctrinam
3794 2631 3968 2718 apud
4003 2655 4072 2699 se
4109 2654 4250 2700 0000
4285 2631 4635 2699 ostendant

2678 2727 2950 2803 oportet.
3039 2720 3263 2801 Atque
3307 2718 3374 2782 id
3419 2727 3547 2799 est,
3595 2720 3769 2804 quod
3813 2741 4006 2804 saepe
4052 2720 4356 2802 dicimus,
4400 2740 4633 2803 perpe-

2681 2815 2793 2870 tua
2844 2805 3010 2871 bene
3064 2805 3403 2870 ordinatae
3462 2805 3771 2872 ecclesiae
3825 2807 4113 2891 insignia
4166 2827 4341 2886 esse,
4404 2827 4635 2871 sanam

2680 2892 3012 2957 doctrinae
3068 2888 3615 2975 praedicationem
3662 2899 3728 2957 et
3785 2914 4025 2976 purum
4069 2901 4635 2960 sacramentorum

2679 3000 2892 3044 usum.
2984 2975 3364 3043 Fundatam
3422 2978 3600 3043 enim
3644 3000 3790 3045 eam
3835 3001 3980 3046 esse
4022 2980 4095 3044 in
4141 2978 4520 3065 prophetica
4565 2985 4635 3043 et

2679 3064 3033 3150 apostolica
3090 3063 3389 3132 doctrina
3455 3086 3661 3149 quum
3720 3073 3997 3132 testetur
4052 3066 4304 3133 Paulus
4356 3064 4631 3153 (Ephes.

2680 3156 2736 3229 2,
2778 3154 2920 3233 20),
2981 3152 3107 3219 nisi
3177 3151 3302 3218 hoc
3359 3152 3785 3218 fundamento
3852 3154 4188 3233 fulciatur,
4256 3174 4448 3218 ruere
4515 3174 4633 3218 ex-

2677 3239 2919 3322 templo
2976 3260 3243 3306 necesse
3299 3247 3416 3305 est.
3506 3239 3722 3305 Venio
3767 3239 3852 3304 ad
3892 3248 4153 3306 nostros
4197 3239 4629 3305 adversarios.

2676 3324 3018 3391 Christum
3075 3345 3115 3389 a
3168 3325 3305 3391 suis
3362 3325 3657 3408 partibus
3710 3334 3917 3407 stare,
3981 3327 4327 3410 magnifice
4381 3325 4632 3391 iactant

2674 3411 2773 3476 illi
2814 3411 3106 3495 quidem:
3163 3411 3278 3476 sed
3327 3418 3481 3477 tunc
3536 3411 3666 3477 illis
3719 3412 3883 3479 fides
3939 3412 4203 3478 demum
4261 3411 4627 3490 habebitur,

2677 3497 2734 3562 si
2785 3519 2939 3563 eum
2994 3498 3073 3563 in'
3121 3498 3320 3563 verbo
3376 3519 3494 3564 suo
3548 3497 3920 3564 exhibeant.
4012 3498 4348 3566 Ecclesiae
4400 3517 4628 3564 vocem

2676 3583 3035 3650 identidem
3091 3583 3444 3651 inculcant.
3534 3582 3671 3650 Sed
3726 3586 4135 3668 quaerimus,
4205 3585 4474 3651 ubinam
4541 3583 4632 3649 sit

2673 3669 2789 3734 illa
2845 3670 3140 3736 doctrina
3208 3693 3404 3754 quam
3459 3671 3713 3751 Paulus
3768 3671 4039 3738 unicum
4103 3672 4261 3739 facit
4318 3670 4631 3737 ecclesiae

2674 3756 3198 3823 fundamentum.
3290 3757 3493 3823 Videt
3554 3758 3687 3822 iam
3755 3758 4046 3842 profecto
4109 3758 4426 3824 Maiestas
4488 3763 4624 3837 tua,

2674 3841 2940 3924 Caesar,
2988 3844 3268 3909 multum
3313 3845 3650 3923 interesse,
3695 3844 3973 3910 veritate
4017 3844 4345 3922 000100100,
4383 3863 4471 3908 00
4508 3862 4629 3907 no-

2672 3929 2853 3994 mine
2905 3940 3165 3996 arment
3232 3951 3305 3996 00
3360 3931 3582 3996 hostes
3637 3931 3846 3996 nostri
3917 3928 4001 3995 ad
4060 3952 4180 3996 nos
4234 3927 4623 3996 obruendos.

2670 4014 2779 4080 Ab
2821 4016 3125 4096 ecclesia,
3168 4018 3499 4083 communi
3543 4014 3839 4082 fidelium
3882 4017 4176 4081 omnium
4222 4022 4462 4094 matre,
4517 4034 4627 4081 oo·

2669 4101 2897 4168 lamna
2940 4108 3006 4166 et
3048 4104 3462 4168 firmamento
3508 4102 3823 4181 veritatis,
3869 4103 3979 4186 qui
4024 4102 4384 4181 discedunt,
4430 4122 4539 4167 eos
4584 4123 4628 4166 a

2670 4188 2936 4254 Christo
2974 4189 3172 4254 etiam
3194 4189 3490 4268 deficere,
3528 4209 3649 4255 nos
3684 4210 3888 4271 aeque
3922 4189 4204 4255 fatemur
4236 4197 4430 4273 atque
4465 4188 4623 4272 ipsi:

2669 4273 2784 4339 sed
2828 4274 3167 4341 ecclesiam
3206 4276 3617 4360 requirimus,
3665 4295 3834 4359 quae
3877 4275 4043 4341 filios
4087 4291 4241 4342 suos
4278 4275 4620 4359 incorrup-

2671 4360 2857 4448 tibin,
2891 4362 3142 4427 semine
3195 4361 3279 4428 ad
3350 4361 3907 4427 immortalitatem
3964 4364 4225 4447 gignat:
4342 4384 4463 4428 uae
4505 4384 4623 4448 ge-

2666 4448 2840 4513 nitos
2886 4446 3021 4512 alat
3062 4447 3385 4531 spirituali
3426 4447 3567 4514 cibo
3614 4449 3869 4533 (semen
3914 4458 4136 4515 autem
4178 4385 4364 4528 illud,
4410 4468 4486 4515 ac
4527 4450 4621 4514 oi·

2666 4531 2788 4598 bus
2832 4533 2964 4613 ille,
3014 4534 3284 4600 verbum
3311 4535 3440 4599 Dei
3486 4533 3647 4619 est):
3693 4555 3858 4618 quae
3900 4555 4139 4619 puram
4182 4542 4250 4602 et
4290 4536 4425 4600 inte
4547 4557 4617 4600 m

2665 4618 2991 4685 custodiat
3032 4639 3150 4685 suo
3184 4620 3553 4685 ministerio
3590 4620 3931 4686 verit-atem
3965 4621 4164 4699 illam,
4201 4643 4401 4707 quam
4428 4556 4620 4687 ἵζω

2662 4704 2735 4769 10
2761 4706 2900 4772 01110
2932 4707 3152 4771 sinum
3199 4705 3515 4790 deposuit.
3587 4705 3717 4772 Illa
3752 4713 3908 4772 nota
3942 4713 4045 4772 est
4082 4708 4356 4773 minime
4398 4706 4615 4788 dubia,

2660 4790 2936 4858 minime
2980 4791 3210 4857 fallax:
3267 4814 3465 4875 quam
3508 4790 3695 4858 Deus
3743 4793 3883 4876 ipse
3936 4794 4246 4860 ecclesiae
4291 4814 4447 4860 suae
4490 4794 4618 4859 im-

2661 4877 2926 4960 pressit,
2982 4885 3085 4942 ut-
3114 4876 3267 4944 inde
3312 4878 3378 4944 di
3473 4888 3821 4945 osceretur.
3911 4879 4092 4944 Num
4145 4880 4445 4947 videmur
4486 4881 4617 4946 ini·

2659 4984 2859 5045 quum
2906 4963 3280 5047 postulare?
3435 4964 3501 5030 bi
3546 4987 3701 5050 ergo
3746 4964 3914 5030 nihil
3956 4972 4175 5032 exstat
4219 4965 4382 5045 tale,
4426 4966 4617 5033 nulla

2656 5047 2793 5116 illic
2837 5049 3085 5115 relucet
3140 5049 3449 5117 ecclesiae
3493 5051 3705 5119 facies.
3798 5049 3874 5117 Si
3918 5073 4159 5118 nomen
4214 5050 4615 5134 obtenditur,

2792 5339 2848 5403 1)
2901 5341 3267 5396 coniunctum:
3314 5343 3397 5399 sic
3439 5342 3636 5399 habent
3668 5346 3951 5416 princeps,
4002 5344 4287 5429 Gallonius
4331 5351 4383 5401 et
4428 5351 4612 5403 versio

587 5394 977 5461 sacerdotes.
1070 5391 1250 5475 Quid
1305 5393 1624 5480 apostoli?
1703 5415 1792 5459 an
1854 5413 1988 5459 non
2066 5392 2200 5458 illis
2278 5414 2546 5462 necesse
2647 5410 2865 5479 gallica.
2943 5407 3202 5465 Caeterae
3235 5411 3445 5481 legunt.-
3481 5420 3803 5468 contentum.
