4999 6179
1987 472 2730 544 PROLEGOMENA.
4193 481 4382 552 XXI
4411 424 4422 435 ·

328 662 585 732 scilicet
626 664 905 749 triginta
962 670 1031 728 et
1082 669 1367 747 quatuor
1408 663 1583 728 notis
1633 663 1905 731 musicis
1960 665 2269 731 instructi
2325 672 2394 730 81
2436 666 2578 745 suis
2629 666 2789 733 locis
2829 666 3064 733 inserti
3116 668 3298 733 inter
3334 669 3763 735 marotianos':
3826 673 3924 735 16.
3977 674 4073 737 17.
4123 674 4225 739 20.
4272 675 4378 740 21.
4437 680 4442 685 “

332 778 420 841 26
466 774 552 841 ad
596 779 698 840 31.
748 779 850 841 34.
899 777 1000 841 35.
1060 776 1143 840 39
1188 772 1275 840 ad
1318 777 1424 841 42.
1483 779 1586 841 44.
1648 781 1752 842 47.
1813 779 1913 842 73.
1966 781 2068 842 90.
2133 781 2254 842 119
2300 776 2388 843 811
2437 781 2579 842 127.
2645 780 2785 844 129.
2851 782 2967 844 131
3020 778 3103 844 ad
3147 784 3290 861 134,
3337 786 3405 845 et
3444 780 3515 846 in
3559 779 3918 864 appendice
3961 790 4215 866 septem
4257 783 4381 853 alii

334 887 482 953 sine
524 888 700 953 notis
740 887 1041 952 musicis:
1103 889 1203 952 52.
1252 889 1352 979 58.
1402 889 1483 950 63
1544 886 1630 952 811
1675 890 1776 953 65.
1826 891 1906 951 67
1953 895 2022 953 81
2068 892 2209 954 111.
2299 888 2572 973 Reliqui
2625 891 2974 975 sexaginta
3026 892 3316 974 primum
3381 892 3688 976 impressi
3738 892 4048 959 videntur
4089 916 4150 961 a.
4210 900 4373 964 1561

337 1017 570 1071 omnes
606 998 690 1064 ab
739 998 968 1066 eodem
1011 999 1192 1065 Beza
1234 998 1439 1079 versi,
1497 996 1609 1063 ubi
1655 997 2164 1081 observandum,
2211 1000 2375 1067 duos
2412 1002 2698 1068 bezanos
2743 1002 3033 1086 psalmos
3082 1006 3204 1069 120
3250 1011 3318 1069 81
3366 1007 3485 1069 142
3529 1003 3730 1089 plane
3776 1004 3940 1071 alios
3983 1027 4125 1073 esse
4169 1015 4239 1074 et
4279 1006 4382 1076 di·

334 1132 563 1178 versos
607 1111 690 1177 ab
731 1111 813 1176 iis
857 1130 1021 1194 quos
1058 1110 1418 1194 praebebat
1458 1110 1658 1177 editio
1701 1112 2269 1196 argentoratensis
2309 1135 2367 1178 a.
2422 1118 2608 1179 1545.

550 1298 557 1305 ,
641 1223 753 1289 Ex
796 1221 997 1288 modo
1042 1220 1238 1289 dictis
1283 1230 1573 1305 apparet,
1617 1222 1690 1288 in
1734 1223 1989 1290 duabus
2034 1225 2513 1309 antiquissimis
2557 1226 2964 1308 psalmorum
3009 1226 3394 1311 gallicorum
3437 1226 3836 1293 editionibus
3879 1250 4048 1312 quae
4090 1230 4382 1298 ecclesiis

332 1334 705 1405 reformatis
750 1332 1116 1400 destinatae
1158 1334 1447 1416 fuerunt,
1493 1333 1577 1401 de
1611 1334 1852 1420 quibus
1891 1356 2013 1402 nos
2048 1336 2315 1420 quidem
2360 1344 2612 1403 certam
2656 1336 2962 1403 notitiam
3008 1337 3330 1405 habemus
3384 1337 3632 1423 tibique
3686 1340 4108 1426 suppeditare
4148 1363 4382 1426 possu-

332 1468 515 1526 mus,
569 1446 767 1530 plura
808 1446 1131 1513 contineri
1173 1446 1470 1511 carmina
1512 1467 1681 1530 quae
1722 1469 1763 1513 a
1807 1430 2284 1533 posterioribus
2328 1449 2572 1515 absunt
2585 1500 2600 1527 ,
2648 1447 2938 1532 adeoque
2996 1448 3083 1514 ad
3137 1450 3592 1517 collectionem
3638 1453 4209 1520 marotobezanam
4255 1456 4382 1521 mi-

252 1548 257 1551 *
334 1559 516 1625 nime
557 1558 890 1641 pertinere
932 1556 1260 1636 videntur,
1306 1578 1473 1641 11888
1516 1558 1670 1625 111118
1714 1559 1797 1625 81)
1842 1581 2016 1626 811110
2068 1566 2222 1625 1561
2277 1559 2579 1627 absoluta
2620 1561 2749 1639 fuit
2790 1567 2860 1625 81
2901 1562 3035 1626 iam
3080 1562 3162 1627 ab
3206 1582 3379 1628 anno
3422 1566 3606 1642 1547,
3651 1572 3979 1646 1111881818
4013 1564 4096 1630 811
4132 1565 4379 1632 Maroti

332 1668 596 1737 labores
641 1671 898 1748 attinet,
942 1669 1276 1735 invariata
1319 1671 1585 1737 mansit.
1676 1670 1904 1753 Quum
1960 1673 2236 1738 minime
2279 1693 2438 1737 vero
2484 1671 2700 1737 simile
2743 1673 2858 1752 sit,
2919 1693 3135 1756 neque
3179 1673 3262 1739 ab
3305 1673 3439 1739 ullo
3482 1680 3650 1740 teste
3694 1695 3985 1758 unquam
4027 1677 4231 1743 fuerit
4272 1698 4380 1745 as-

335 1787 621 1862 sertum,
676 1781 859 1847 hunc
902 1780 1166 1848 eosdem
1210 1781 1462 1866 aliquot
1513 1782 1804 1866 psalmos
1858 1784 1960 1851 bis
2004 1782 2264 1863 diverso
2319 1791 2533 1849 metro
2579 1784 2885 1863 vertisse,
2943 1791 3129 1867 patet
3173 1785 3603 1865 Gamerium,
3650 1785 3757 1853 vel
3799 1787 4095 1871 quisquis
4140 1810 4380 1875 argen-

333 1901 735 1961 toratensem
778 1892 1135 1981 editionem
1177 1895 1537 1975 curaverit,
1593 1897 1818 1963 omnia
1875 1919 1916 1963 a
1969 1918 2041 1979 se
2099 1896 2576 1981 conquisita
2628 1895 2915 1974 cantica,
2971 1906 3041 1961 et
3082 1898 3376 1962 maxima
3418 1919 3502 1964 ex
3546 1904 3737 1982 parte
3780 1918 3866 1963 ex
3909 1897 4196 1965 editione
4240 1902 4378 1984 pri-

334 2008 547 2073 maria
590 2026 646 2071 a.
700 2009 863 2071 1542
907 2007 1186 2088 repetita
1225 2006 1370 2092 (ubi
1413 1996 1720 2075 autorum
1762 2009 2035 2075 nomina
2075 2029 2209 2072 non
2254 2007 2620 2091 adduntur)
2663 2007 2993 2073 incautius
3028 2009 3146 2072 uni
3190 2009 3453 2073 Maroto
3505 2007 3830 2075 tribuisse.
3917 2008 4107 2092 Quod
4137 2033 4231 2078 ,eo
4275 2034 4380 2079 se-

335 2120 562 2187 curius
606 2125 676 2186 et
715 2119 949 2185 fortius
992 2118 1433 2200 affirmamus,
1489 2119 1666 2204 quod
1717 2120 1896 2187 inter
1938 2121 2070 2187 alia
2126 2120 2327 2186 habet
2382 2117 2512 2185 duo
2557 2118 2716 2195 (120
2759 2125 2829 2183 81
2878 2118 3028 2200 142)
3086 2139 3253 2202 quae
3297 2118 3602 2184 Marotus
3655 2140 3996 2204 nunquam
4051 2124 4376 2205 tractavit,

334 2231 516 2298 Beza
558 2252 715 2298 vero
757 2230 987 2298 multis
1032 2228 1303 2295 demum
1343 2237 1495 2314 post
1537 2233 1766 2313 annis,
1823 2233 2105 2299 alterum
2159 2230 2424 2316 quidem
2466 2231 2601 2297 iam
2647 2250 2704 2296 a.
2756 2235 2918 2297 1559
2937 2282 2953 2310 ,
3012 2229 3299 2297 alterum
3363 2230 3629 2296 demum
3686 2251 3742 2297 a.
3797 2237 3956 2298 1561
4018 2234 4377 2319 evulgavit,

338 2342 423 2409 ab
467 2342 602 2408 illis
649 2339 1125 2426 antiquioribus
1169 2342 1633 2409 diversissima.

646 2452 1024 2520 Editionem
1088 2453 1460 2539 principem
1523 2454 1947 2521 Psalmorum
2002 2453 2533 2521 Marotianorum
2598 2475 2656 2520 a.
2721 2458 2881 2518 1541
2961 2454 3088 2538 ipsi
3141 2452 3407 2538 quidem
3470 2438 3605 2520 non
3672 2453 3993 2536 vidimus,
4052 2457 4168 2521 sed
4221 2458 4374 2526 Oar.

332 2566 525 2634 Read
569 2565 898 2651 (Bulletin
940 2564 1032 2630 II.
1078 2565 1238 2650 418)
1284 2566 1545 2651 singula
1588 2567 1868 2651 triginta
1910 2567 2210 2633 carmina
2251 2566 2326 2631 in
2366 2563 2599 2632 eadem
2645 2566 2977 2631 exstantia
3019 2570 3346 2644 recenset,
3400 2570 3684 2649 suntque
3727 2566 4002 2632 numeri-
4027 2566 4232 2634 iidem
4275 2578 4378 2636 at·

334 2699 465 2813 que
507 2679 582 2744 in
624 2676 725 2744 ed.
770 2697 828 2742 a.
878 2680 1042 2742 1542
1088 2698 1293 2761 supra
1335 2676 1680 2760 descripta,
1726 2679 2018 2761 exceptis
2061 2678 2167 2744 1118
2208 2679 2529 2762 quinque:
2579 2680 2681 2741 25.
2729 2680 2829 2742 36.
2878 2683 2978 2742 46.
3028 2681 3104 2741 91
3156 2685 3225 2743 et
3273 2681 3427 2757 138,
3485 2678 3622 2743 iam
3669 2678 3930 2761 saepius
3972 2682 4374 2749 memoratis.

645 2789 793 2855 Iam
850 2788 909 2856 si
960 2788 1126 2855 11880
1183 2790 1278 2854 118
1329 2810 1401 2855 88
1456 2789 1732 2870 habent,
1796 2791 2136 2874 quaeritur
2189 2791 2337 2874 quis
2391 2786 2663 2855 tandem
2705 2790 3076 2856 carminum
3126 2789 3402 2855 illorum
3444 2786 3799 2853 α’δεσπότων
3841 2795 4033 2857 88101
4075 2812 4220 2859 esse
4262 2813 4380 2876 po—

334 2901 582 2968 tuerit?
640 2909 867 2970 utrum
922 2899 1146 2984 aliqua
1198 2921 1348 2984 spes
1404 2900 1494 2966 sit
1550 2903 1838 2967 nominis
1890 2903 2033 2968 eius
2077 2900 2552 2987 comperiendi,
2603 2900 2807 2967 etiam
2859 2908 3008 2985 post
3059 2907 3163 2966 tot
3215 2899 3481 2968 saecula
3523 2907 3592 2967 et
3634 2880 4003 2967 tacentibus
4043 2903 4382 2972 veteribus

248 3044 265 3057 ·
332 3015 661 3094 omnibus,
702 3036 791 3079 an
833 3016 1052 3098 potius
1094 3033 1203 3079 res
1241 3014 1315 3077 in
1340 3010 1536 3080 dubio
1582 3012 2064 3098 relinquenda?
2147 3016 2370 3099 Atque
2417 3012 2543 3094 hic,
2589 3015 2718 3078 nisi
2762 3011 2986 3078 omnia
3029 3033 3148 3077 nos
3190 3012 3450 3093 fallunt,
3496 3013 3680 3077 viam
3714 3013 4000 3098 aliquam
4044 3014 4384 3083 invenisse

334 3127 531 3198 nobis
572 3124 900 3209 videmur,
942 3132 1301 3212 praeeunte
1344 3124 1611 3210 quidem
1654 3127 1733 3192 F.
1781 3127 2057 3206 Boveto,
2105 3126 2191 3192 ad
2233 3123 2697 3191 stabiliendam
2741 3124 2892 3190 Viri
2934 3123 3294 3190 doctissimi
3336 3125 3801 3192 coniecturam.
4383 3103 4394 3112 ’

651 3238 976 3323 Legimus
1037 3239 1327 3324 primum
1392 3237 1463 3303 in
1523 3237 1801 3322 epistola
1854 3237 2142 3324 quadam
2191 3236 2457 3304 calvini
2527 3234 2612 3302 ad
2665 3233 3039 3315 Farellum,
3108 3236 3540 3320 Argentorati
3594 3235 3655 3301 d.
3705 3239 3807 3303 27.
3859 3233 4163 3332 Octobris
4212 3242 4379 3306 1539

339 3352 607 3437 scripta,
653 3351 844 3418 cuius
887 3349 1345 3435 autographon
1391 3357 1611 3416 exstat
1649 3349 1964 3417 Genevae
2010 3347 2203 3435 (Cod.
2254 3351 2392 3413 106.
2440 3347 2548 3414 fol.
2598 3346 2732 3429 32),
2777 3349 2952 3413 inter
2993 3346 3209 3413 multa
3250 3346 3382 3412 alia
3425 3353 3493 3412 et
3536 3347 3731 3416 haec:
3773 3348 3942 3414 ·Non
3985 3351 4172 3433 potui
4212 3371 4384 3418 ntmc

339 3464 430 3532 ud
472 3462 851 3530 mahadan
889 3461 1175 3530 scribere.
1258 3461 1464 3529 Velim
1517 3467 1730 3528 tamen
1769 3461 1875 3527 iai
1916 3461 2220 3548 iniunyas
2237 3512 2252 3542 ,
2294 3462 2514 3545 primo
2565 3460 2799 3527 nuncio
2850 3458 3082 3524 scribat
3120 3460 3195 3525 de
3227 3458 3505 3542 psabnis
3550 3460 3709 3542 quid
3749 3465 3958 3527 actum
4000 3462 4100 3527 sit.
4187 3461 4386 3528 Man.-

339 3575 496 3644 daoi
537 3580 607 3641 ut
647 3579 886 3641 centum
928 3572 1328 3655 exemplaria
1376 3572 1692 3641 Genavam
1732 3575 2143 3642 mitterentm.
2235 3571 2425 3644 Nunc
2467 3572 2760 3656 primum
2811 3570 3094 3638 intellexi
3149 3591 3272 3638 non
3310 3570 3516 3654 fuisse
3554 3570 3624 3636 id
3669 3577 3974 3638 curatum.
4067 3571 4240 3642 Certe
4281 3574 4385 3643 ηἰ-

340 3688 470 3754 mis
511 3687 883 3772 neyliqenter
921 3686 1169 3753 tamdiu
1207 3686 1463 3753 distulit
1500 3685 1663 3751 mihi
1703 3685 2081 3770 siqnificame.
2172 3684 2465 3768 Quinam
2510 3692 2686 3762 sunt,
2710 3683 2810 3749 illi
2852 3683 3089 3767 psalmi
3133 3703 3415 3767 quorum
3457 3691 3726 3749 centum
3770 3685 4175 3769 exemplaria
4206 3686 4273 3753 N
4274 3709 4383 3754 eo-

337 3820 528 3867 como
565 3799 916 3865 Genevam
957 3796 1280 3863 mittenda
1320 3796 1554 3862 erant?
1644 3797 1825 3863 Num
1869 3800 2003 3864 iam
2048 3796 2397 3882 iinpressi?
2445 3817 2531 3861 an
2571 3817 2778 3862 manu
2813 3802 3074 3861 tantum
3111 3794 3468 3879 descripti?
3533 3791 3717 3861 Num
3748 3796 4015 3876 Maroti,
4053 3807 4169 3864 aut
4211 3798 4383 3864 alius

339 3910 729 3994 cuiuspiam,
775 3918 894 3975 aut
935 3909 1273 3974 variorum
1314 3909 1614 3974 carmina
1658 3909 1973 3975 collecta?
2040 3909 2229 3975 Haec
2272 3909 2496 3975 omnia
2539 3907 2729 3974 nobis
2773 3907 3128 3974 cimmeriis
3173 3908 3460 3975 tenebris
3487 3914 3806 3990 teguntur
3841 3907 4130 3992 adeoque
4163 3909 4384 3993 ipsum

342 4025 554 4091 istum
592 4020 1023 4101 Michaelem,
1078 4020 1268 4088 08188
1324 4020 1801 4106 negligentiam
1860 4021 2195 4104 vituperat
2235 4028 2491 4100 noster,
2538 4021 2923 4106 ignoramus
2939 4071 2954 4097 ,
3000 4019 3148 4103 quis
3187 4019 3402 4086 fuerit.
3493 4017 3888 4084 Coniectura
3931 4020 3989 4086 si
4032 4041 4139 4086 res
4182 4040 4385 4106 expe-

339 4134 475 4201 diri
526 4143 776 4220 posset,
845 4132 1244 4214 diceremus,
1303 4131 1663 4200 Calvinum
1718 4132 2006 4216 psalmos
2061 4130 2383 4216 quosdam
2435 4125 2673 4217 gallico
2717 4138 2931 4197 metro
2987 4130 3262 4197 donatos
3318 4130 3874 4196 Neocomensibus
3929 4130 4217 4211 misisse,
4271 4133 4387 4216 qui

334 4247 547 4334 primi
590 4252 660 4312 et
692 4245 1059 4311 carminum
1104 4251 1172 4309 et
1212 4243 1559 4310 modorum
1611 4233 2012 4311 musicorum
2072 4245 2262 4328 (quos
2306 4242 2564 4310 additos
2617 4245 2820 4309 fuisse
2861 4243 3297 4328 suspicamur)
3354 4242 3427 4307 in
3481 4241 3771 4308 coetibus
3828 4241 3966 4306 suis
4022 4243 4387 4325 periculum

339 4361 673 4438 facerent,
722 4363 789 4423 et
829 4354 1096 4436 deinde,
1153 4356 1209 4421 si
1268 4356 1803 4439 approbaverint,
1863 4355 2374 4423 Genevensibus
2418 4356 2491 4421 in
2535 4355 2820 4422 similem
2862 4377 3053 4421 usum
3096 4352 3648 4421 commendarent.
3737 4352 4032 4419 Centum
4076 4375 4231 4420 vero
4273 4354 4390 4420 illa

338 4470 754 4554 exemplaria
797 4488 1013 4552 neque
1056 4469 1371 4553 impressa
1416 4487 1631 4552 neque
1673 4468 2114 4552 im1)rimenda
2155 4468 2562 4535 Neocomum
2605 4468 2809 4534 missa
2851 4465 3340 4544 crediderimus,
3385 4484 3621 4531 verum
3664 4466 3747 4531 ab
3781 4467 3942 4550 ipsis
3980 4466 4388 4532 Neocomen-

338 4584 535 4651 aibus
574 4602 780 4660 manu
822 4577 1251 4646 describenda
1289 4579 1512 4646 fuisse.
1602 4580 1777 4645 Nam
1820 4581 1877 4645 si
1919 4580 2054 4646 iam
2097 4582 2281 4665 typis
2323 4600 2569 4645 excusa
2611 4579 2894 4645 fuissent
2911 4631 2926 4660 ,
2983 4599 3301 4645 numerus
3345 4578 3759 4643 centenarius
3803 4578 3978 4642 iusto
4022 4577 4242 4643 minor
4283 4580 4388 4645 vi·

340 4695 564 4774 detur,
609 4691 807 4777 quam
864 4692 975 4776 qui
1014 4690 1127 4757 vel
1181 4692 1600 4760 neocomensi
1657 4692 1765 4768 vel
1821 4695 2181 4778 genevensi
2239 4692 2553 4759 ecclesiae
2602 4691 2903 4758 sufficere
2956 4691 3296 4775 potuisset.
3388 4688 3616 4772 Quum
3658 4709 3819 4756 vero
3862 4709 4065 4754 manu
4108 4689 4389 4775 scriptos

342 4809 657 4875 dicimus·
675 4804 824 4871 illos
865 4802 1172 4887 psalmos,
1218 4802 1422 4869 simul
1461 4805 1892 4887 paucissimos
1932 4805 2135 4872 fuisse
2178 4805 2539 4869 innuimus.
2627 4795 2915 4868 Videtur
2957 4802 3279 4869 Calvinus
3319 4802 3605 4886 experiri
3658 4799 3948 4866 voluisse
3991 4822 4120 4886 quo
4163 4802 4390 4869 favore

338 4920 466 4989 vel
509 4938 843 4997 successu,
900 4916 1042 4983 sive
1098 4936 1363 4981 novum*
1403 4916 1531 4983 hoc
1582 4915 2028 4983 canendorum
2083 4915 2489 5000 psalmorum
2532 4913 2932 4994 institutum,
2979 4915 3121 4982 sive
3163 4916 3293 4999 ipsi
3333 4914 3434 4980 illi
3468 4912 3807 4998 pauciores
3851 4911 4089 4996 psalmi
4131 4934 4390 4980 eorum-

342 5039 487 5119 1188
542 5027 724 5097 1110111
784 5050 947 5113 quos
1000 5032 1148 5094 tum
1200 5028 1505 5093 mittebat
1518 5079 1535 5104 ,
1581 5028 1662 5093 81)
1705 5025 1997 5095 ecclesiis
2039 5027 2391 5094 Helvetiae
2445 5025 2700 5112 gallicis
2744 5027 3224 5111 reciperentur,
3291 5033 3448 5093 ante
3492 5045 3688 5109 quam
3745 5045 3856 5090 eos
3912 5025 4392 5111 typographiae

342 5165 483 5230 ope
524 5143 727 5209 latius
768 5146 1184 5226 propagaret.
1274 5138 1531 5205 Verum
1586 5138 1695 5205 his
1749 5161 1886 5206 non
1941 5139 2340 5220 insistimus,
2396 5144 2628 5222 utpote
2683 5136 2900 5205 dubiis
2943 5143 3012 5203 et
3053 5139 3339 5204 incertis.
3428 5136 3576 5201 Hoc
3619 5142 3847 5202 tamen
3885 5138 4073 5204 nobis
4115 5159 4256 5202 non
4293 5139 4392 5204 fa-

341 5259 485 5327 cile
527 5251 1030 5340 persuademus,
1080 5254 1491 5319 Marotianos
1544 5252 1832 5335 psalmos
1884 5253 2018 5317 iam
2086 5258 2238 5317 ante
2292 5273 2350 5318 a.
2395 5256 2560 5317 1540
2619 5250 2929 5335 vulgatos
2981 5251 3182 5344 fpisse
3233 5249 3330 5314 ita
3371 5255 3450 5313 ut
3505 5247 3587 5314 de
3639 5247 3746 5315 his
3792 5247 4111 5317 Calvinus
4156 5250 4227 5313 in
4273 5270 4395 5315 sua

346 5368 645 5459 epistola
687 5365 933 5432 dixisse
974 5364 1309 5449 putandus
1351 5365 1455 5433 sit.
1522 5362 1698 5429 Vide
1741 5362 2132 5430 Sleidanum
2174 5344 2219 5430 l.
2262 5365 2305 5430 l.
2351 5364 2443 5430 Π.
2493 5368 2617 5430 308
2667 5361 2764 5431 811.
2811 5367 2973 5428 1786
3021 5373 3087 5427 81
3130 5360 3460 5427 Readium
3498 5360 3542 5427 1.
3588 5361 3631 5427 l.
3677 5384 3740 5446 p.
3789 5364 3889 5424 95.
3963 5360 4396 5444 Argentorati
