4999 6179
353 443 480 509 285

398 628 541 696 uasi
585 635 776 712 parta
819 627 1095 695 victoria
1111 678 1126 705 ,
1175 628 1465 693 exsultat
1507 626 1812 710 Pighius.
1900 624 2049 710 Ego
2094 631 2318 691 autem

493 715 829 799 praesenti
882 722 1105 780 nostro
1161 721 1344 779 statu
1412 710 1845 797 intelligenda
1899 711 2064 776 haec
2115 712 2322 777 verba

352 822 552 887 nego:
588 798 704 868 sed
739 800 950 883 qualis
982 800 1202 883 prima
1226 821 1348 865 sua
1369 800 1624 884 origine
1658 798 1870 864 factus
1888 797 2087 862 fuerit
2122 796 2319 861 homo

356 894 614 954 tantum
670 885 1037 953 ostendere.
1125 884 1415 951 Disertis
1467 885 1689 952 verbis
1735 882 2051 966 explicat,
2107 882 2319 966 qualis

356 982 616 1042 creatus
650 973 850 1039 fuerit
879 971 1108 1038 homo:
1145 971 1632 1056 corruptionem
1666 990 1833 1053 quae
1868 968 2126 1051 lapsum
2161 988 2318 1033 con-

357 1068 634 1145 sequuta
673 1064 824 1139 [pag.
865 1063 974 1139 73]
1019 1066 1137 1137 est,
1173 1079 1310 1122 non
1354 1062 1851 1125 commemorat:
1899 1053 2013 1119 sed
2057 1060 2320 1119 tantum

356 1168 565 1231 quum
605 1145 901 1211 malitiae
944 1164 1214 1210 causam
1257 1143 1597 1228 assignare
1640 1141 1815 1221 vult,
1863 1140 1958 1206 sic
1992 1139 2315 1223 loquitur:

355 1231 552 1300 Unde
605 1231 821 1297 malus
883 1229 1123 1295 homo?
1191 1251 1276 1296 ex
1342 1231 1606 1313 propria
1676 1227 1887 1310 ipsius
1955 1225 2314 1290 voluntate.

356 1318 551 1386 Unde
603 1317 819 1383 malus
877 1314 1218 1383 diabolus?
1307 1335 1394 1380 ex
1446 1313 1674 1380 eadem
1730 1331 1944 1379 causa.
2031 1311 2207 1377 Nam
2251 1316 2317 1375 et

355 1406 496 1489 ipse
550 1425 669 1488 per
727 1425 797 1469 se
835 1402 1110 1468 liberam
1163 1400 1362 1467 habet
1405 1400 1614 1466 vitam
1632 1451 1650 1479 ,
1707 1405 1775 1464 et
1812 1397 2097 1464 liberum
2141 1397 2315 1463 arbi-

356 1492 560 1557 trium
601 1491 672 1555 in
728 1510 800 1556 se
843 1490 1073 1567 situm,
1125 1495 1243 1553 aut
1283 1484 1595 1551 manendi
1653 1506 1805 1551 cum
1847 1484 2025 1562 Deo,
2087 1489 2204 1548 aut
2242 1503 2315 1547 se

354 1578 438 1644 ab
483 1598 560 1643 eo
603 1573 952 1641 alienandi.
1042 1572 1222 1656 Quid
1275 1592 1454 1638 nunc
1495 1568 1925 1637 iudicandum
1967 1567 2111 1634 est?
2202 1569 2315 1634 An

353 1664 577 1748 ipsum
632 1662 909 1741 latebat,
963 1660 1158 1743 quale
1224 1667 1293 1724 et
1345 1664 1667 1742 quantum
1730 1654 1975 1721 vulnus
2034 1661 2315 1719 naturae

353 1756 620 1816 nostrae
661 1770 747 1814 ex
787 1754 1054 1830 peccato
1089 1745 1416 1812 inflictum
1450 1743 1667 1810 esset?
1740 1742 1836 1807 At
1870 1761 1942 1805 se
1981 1740 2124 1823 ipse
2160 1739 2317 1805 alibi

355 1837 439 1902 ab
482 1835 607 1900 hac
649 1833 1021 1917 suspicione
1058 1831 1324 1910 liberat,
1368 1829 1527 1895 dum
1568 1828 1845 1894 humani
1886 1826 2148 1911 generis
2190 1826 2316 1890 mi-

355 1922 595 1989 seriam
651 1920 757 1985 his
807 1919 1034 2004 paucis
1090 1916 1352 2002 quidem
1365 1969 1381 1996 ,
1426 1915 1543 1982 sed
1594 1914 1868 1980 minime
1918 1920 2143 1978 tamen
2198 1911 2313 1976 ob-

356 2008 565 2073 scuris
617 2005 841 2073 verbis
883 2005 1185 2088 attingit:
1230 2002 1484 2070 Salutis
1534 2000 1802 2085 quidem
1843 1997 2106 2079 debiles,
2150 1996 2314 2063 libe-

353 2094 629 2159 rationis
669 2114 827 2159 vero
867 2091 1189 2177 indigent,
1213 2090 1349 2173 ‘qui
1381 2090 1453 2154 in
1487 2087 1870 2171 captivitate
1914 2082 2311 2149 detinentur.

356 2178 494 2261 Qui
536 2180 742 2264 igitur
785 2179 906 2244 sub
948 2185 1160 2242 morte
1203 2177 1455 2259 positus
1499 2182 1617 2254 est,
1665 2173 1880 2238 sciens
1921 2167 2097 2254 quod
2139 2189 2314 2239 unus

355 2274 456 2332 est
497 2267 609 2349 qui
650 2265 891 2330 liberat
906 2316 921 2342 ,
980 2269 1047 2330 et
1088 2284 1261 2329 unus
1316 2262 1431 2345 qui
1485 2267 1740 2338 servat,
1796 2257 1883 2323 In
1924 2264 2021 2336 te,
2077 2256 2312 2338 inquit,

356 2374 390 2418 s
473 2353 635 2418 ravi.
727 2348 941 2418 Serva
982 2370 1090 2414 me
1134 2370 1175 2414 a
1207 2346 1560 2426 debilitate,
1595 2344 1806 2411 libera
1839 2365 1880 2409 a
1913 2340 2312 2426 captivitate.

475 2438 488 2452 ‘
539 2436 820 2503 debilem
865 2444 936 2502 et
977 2435 1314 2518 captivum
1357 2433 1694 2498 hominem
1735 2428 1909 2508 facit,
1956 2437 2025 2494 et
2058 2448 2135 2492 eo
2169 2426 2314 2510 qui-

360 2523 513 2590 dem
557 2522 894 2589 servitutis
945 2541 1187 2608 genere
1243 2517 1523 2585 detineri
1573 2515 1995 2601 pronunciat,
2042 2509 2220 2611 unde
2274 2533 2315 2577 0

359 2610 498 2676 solo
542 2608 708 2686 Deo,
754 2628 889 2674 non
935 2628 975 2673 a
1019 2608 1133 2673 sei
1278 2605 1614 2683 liberetur,
1646 2608 1966 2685 quantum
1990 2598 2070 2664 de
2093 2619 2313 2683 priore

357 2697 474 2762 illa
514 2695 884 2762 conditione
937 2692 1125 2759 detra
1179 2691 1273 2756 ’1τῖ
1364 2689 1501 2757 Sed
1534 2691 1606 2755 in
1647 2689 1773 2755 hac
1812 2706 2069 2771 quoque
2108 2684 2313 2768 capti-

357 2784 569 2849 vitate
621 2780 826 2846 libero
873 2779 1144 2845 arbitrio
1198 2777 1484 2844 multum
1542 2773 1854 2841 concedit.
1945 2770 2315 2838 Audiamus

359 2873 685 2951 quantum
737 2865 903 2931 illud
948 2866 1052 2932 sit.
1144 2863 1279 2947 Qui
1331 2864 1402 2928 in
1459 2863 1656 2930 verbo
1698 2860 1830 2925 Dei
1884 2856 2124 2923 eruditi
2182 2877 2315 2921 non

359 2962 543 3033 sunt,
598 2952 669 3017 hi
712 2953 959 3019 frustra
1011 2952 1228 3017 inflati
1284 2970 1404 3033 por
1447 2948 1727 3017 liberum
1772 2944 2120 3012 arbitrium
2164 2962 2314 3026 pec-

357 3041 490 3107 cati
541 3037 829 3106 insultus
873 3039 1134 3105 abolere
1170 3058 1240 3102 se
1283 3056 1476 3121 posse
1521 3033 1887 3111 confidunt,
1947 3050 2153 3114 quum
2240 3048 2316 3093 er

285 3127 286 3130 ’
357 3127 575 3194 solum
618 3126 829 3192 crucis
876 3123 1268 3224 mysterium
1311 3127 1653 3205 peccatum
1697 3118 2051 3217 aboleatur.
2141 3049 2318 3180 Npam

360 3211 535 3297 quod
587 3212 663 3277 in
717 3210 1005 3277 hominis
1060 3214 1387 3292 potestate
1449 3207 1653 3272 situm
1697 3211 1798 3269 est
1864 3202 2148 3269 liberum
2209 3222 2316 3266 ar-

357 3298 665 3378 bitrium,
745 3298 818 3362 in
882 3294 1213 3381 eligendo,
1280 3299 1396 3359 aut
1455 3312 1590 3357 non
1637 3287 1967 3374 eligend0,
2034 3294 2113 3351 ut
2181 3286 2317 3387 dia-

359 3383 509 3450 bolo
565 3384 860 3464 resistat,
937 3382 1139 3448 situm
1207 3388 1339 3459 est,
1410 3398 1548 3443 non
1619 3377 1693 3440 in
1757 3395 1853 3454 eo,
1897 3372 2068 3456 quod
2108 3378 2318 3471 possit

358 3470 566 3537 robur
617 3470 864 3537 habere
909 3475 1142 3533 contra
1194 3466 1486 3565 affectus.
1567 3463 1662 3528 Et
1703 3459 1917 3561 paulo·
1941 3465 2123 3558 post:
2169 3457 2318 3522 Nisi

359 3577 541 3709 Ἠ
562 3577 797 3708 aa..
815 3562 1150 3719 aaa?
1210 3542 2315 3721 ffiffl.as.2m.:⁶..a:::

362 3749 547 3808 nem,
603 3729 852 3793 frustra
907 3726 1131 3792 omnia
1184 3724 1522 3800 molimur,
1580 3719 1767 3786 velut
1823 3715 2054 3800 procul
2105 3736 2146 3780 a
2196 3735 2315 3798 po-

359 3816 572 3880 tentia
623 3814 857 3880 crucis.
947 3811 1025 3878 Si
1082 3810 1433 3897 diligenter
1484 3806 1704 3872 omnia
1756 3801 2119 3902 expendas,
2163 3820 2316 3900 ’non

362 3900 545 3966 aliud
588 3899 841 3966 homini
883 3898 1225 3983 relinquit,
1280 3914 1476 3979 quam
1520 3894 1592 3958 in
1634 3888 1936 3975 eligendo
1979 3886 2315 3964 iudicium,

362 3986 534 4070 quod
588 3995 657 4053 et
694 3986 962 4070 penitus
1006 3985 1093 4050 sit
1133 3982 1458 4060 inefficax,
1507 3985 1574 4045 et
1613 3977 1697 4043 ad
1732 3972 2091 4074 vincendas
2135 3972 2318 4055 cupi-

364 4071 603 4139 ditates
668 4071 838 4138 nihil
894 4091 1014 4154 per
1077 4091 1149 4135 se
1216 4067 1455 4135 valeat.
1546 4065 1845 4130 Tametsi
1907 4065 2130 4126 autem
2181 4078 2319 4122 non

362 4160 602 4238 omnia,
643 4179 811 4243 quae
853 4154 1132 4223 dicenda
1163 4157 1444 4234 fuerant,
1490 4150 1599 4217 hic
1642 4148 1819 4229 dicit,
1863 4152 2185 4230 quantum
2219 4150 2318 4242 ta-

362 4266 518 4311 men
561 4265 602 4308 a
641 4244 996 4328 magnifica
1045 4241 1161 4307 illa
1212 4239 1535 4306 libertatis
1589 4232 2074 4319 praedicatione
2120 4228 2317 4294 dech-

363 4338 497 4411 net‚
542 4330 767 4399 videre
808 4329 979 4396 licet.
1067 4328 1153 4393 In
1196 4326 1403 4392 altero
1447 4324 1587 4390 loco
1630 4320 1798 4390 nihil
1840 4313 2317 4394 animadverto,

364 4415 538 4500 quod
580 4417 772 4483 nobis
814 4415 923 4483 vel
955 4415 1305 4480 minimum
1349 4410 1752 4478 adversetur.
1826 4411 1973 4485 [pag.
2012 4406 2121 4481 ⁷4]
2154 4401 2320 4466 Par-

362 4508 499 4569 tem
533 4503 791 4569 animae
823 4500 1212 4568 rationalem
1251 4495 1595 4582 potestatis
1628 4499 1891 4560 nostrae
1930 4510 2074 4555 esse
2115 4486 2320 4587 docet.

363 4588 622 4654 Verum
678 4595 758 4654 ut
814 4608 934 4673 ego
989 4594 1269 4664 taceam,
1338 4584 1498 4649 satis
1551 4580 1975 4666 perspicuum
2030 4580 2132 4639 est
2184 4572 2320 4671 11110

364 4677 623 4741 animae
665 4680 980 4740 naturam
1021 4674 1095 4738 in
1137 4693 1257 4738 sua
1298 4669 1680 4754 integritate
1723 4661 2148 4732 considerari:
2196 4678 2321 4723 sic-

363 4767 439 4825 ut
493 4761 565 4826 in
602 4758 1089 4826 definitionibus
1137 4755 1368 4824 dandis
1414 4755 1559 4821 fieri
1594 4753 1775 4822 solet.
1853 4748 2002 4847 2³10,ss
2045 4765 2319 4829 quoque,

366 4867 569 4931 quum
612 4846 695 4912 de
739 4847 960 4914 anima
1004 4843 1358 4928 disputatio
1403 4849 1530 4920 est,
1586 4840 1873 4923 primum
1917 4854 2058 4900 eius
2101 4837 2323 4914 partes

365 4933 446 4997 in-
490 4931 785 4999 medium
839 4932 1224 5011 statuimus,
1278 4934 1570 4995 mentem
1624 4946 1700 4992 ac
1756 4922 2198 5017 voluntatem,
2256 4922 2325 4981 et

366 5021 606 5084 mentis
662 5017 931 5102 quidem
985 5017 1272 5083 officium
1316 5033 1461 5080 esse
1516 5009 1854 5090 docemus,
1907 5024 2165 5090 praeire
2208 5022 2323 5066 vo-

367 5102 610 5169 luntati
625 5156 643 5184 ,
701 5125 975 5187 eamque
1031 5103 1431 5188 gubernare:
1487 5095 1663 5164 unde
1718 5105 1787 5162 et
1838 5112 2082 5160 nomen
2122 5087 2325 5188 habet

369 5188 731 5271 ἧγεμονικόνι
777 5190 1184 5257 voluntatem
1223 5208 1421 5271 porro
1472 5193 1633 5252 tunc
1668 5184 1835 5249 bene
1876 5179 2119 5244 habere
2163 5174 2323 5240 dici-

370 5296 535 5357 mus,
581 5295 788 5360 quum
830 5297 902 5341 se
946 5273 1414 5359 cupiditatibus
1456 5273 1589 5338 huc
1628 5269 1782 5336 illuc
1823 5259 2326 5333 distrahendam

372 5384 504 5429 non
546 5362 836 5448 exponit,
882 5361 999 5427 sed
1031 5362 1273 5428 mentis
1315 5360 1666 5444 imperium
1710 5353 2064 5422 auscultat:
2111 5353 2326 5412 totum

1840 435 1970 502 DE
2013 434 2372 504 LIBERO
2415 432 2893 504 ARBITRIO.

4254 438 4380 501 286

2423 624 2708 708 denique
2761 623 3098 689 hominem
3151 623 3281 687 rite
3337 628 3495 688 tunc
3550 643 3694 691 esse
3747 624 4180 708 compositum
4194 675 4212 705 ,
4268 624 4383 689 ubi

2421 717 2604 776 recta
2638 711 2711 774 in
2750 731 2826 775 eo
2861 709 3027 773 ratio
3066 708 3481 773 moderatur:
3522 729 3690 792 quae
3736 716 3803 775 et
3835 710 4248 775 volunt-atem
4283 709 4381 774 di-

2422 798 2598 880 rigat
2642 816 2769 880 quo
2817 793 3020 874 decet,
3068 802 3136 859 et
3177 793 3499 874 libidines,
3546 811 3858 878 tanquam
3902 796 4133 880 auriga
4178 816 4381 880 equos

2421 882 2805 962 indomitos,
2863 881 3000 947 suis
3053 880 3299 947 fraenis
3338 890 3650 947 coerceat.
3738 880 3996 946 Verum
4038 881 4235 949 simul
4278 904 4381 949 os—

2423 967 2788 1049 tendimUS,
2842 986 3102 1033 caecam
3147 988 3289 1033 esse
3334 974 3626 1034 nostram
3672 968 3998 1033 rationem
4016 1020 4030 1048 ,
4085 969 4238 1051 quia
4295 968 4383 1032 sit

2422 1075 2543 1138 per
2578 1059 2920 1136 peccatum
2958 1052 3091 1118 Dei
3145 1052 3397 1118 lumine
3441 1051 3773 1133 destituta,
3819 1074 3944 1119 nec
3985 1055 4169 1138 prius
4211 1053 4382 1119 bene

2423 1161 2653 1223 regere
2696 1161 2921 1223 posse,
2968 1138 3182 1222 quoad
3227 1138 3489 1223 spiritui
3544 1141 3673 1206 Dei
3715 1140 3787 1204 in
3826 1139 4265 1206 obedientiam
4310 1156 4382 1204 se

2423 1223 2802 1291 tradiderit:
2860 1226 2993 1289 imo
3047 1246 3317 1308 prorsus
3379 1226 3449 1289 in
3507 1225 3650 1292 eius
3716 1226 4093 1309 obsequium
4110 1277 4126 1305 ,
4198 1224 4383 1290 velut

2422 1310 2695 1392 ancilla,
2752 1310 3019 1377 redacta
3084 1312 3299 1376 fuerit.
3390 1311 3692 1377 Dicimus
3756 1311 4093 1392 similiter,
4164 1310 4382 1377 carnis

2422 1395 2821 1481 cupiditates
2871 1418 3151 1479 regnum
3210 1397 3283 1460 in
3327 1396 3591 1462 homine
3636 1416 4017 1481 occupasse,
4076 1418 4198 1463 nec
4242 1395 4381 1461 ulla

2421 1484 2681 1548 animae
2736 1483 3035 1565 potentia
3078 1481 3383 1566 impediri
3427 1503 3646 1565 posse,
3704 1483 3813 1550 vel
3866 1484 4164 1566 reprimi,
4212 1482 4382 1565 ‘quin

2420 1589 2611 1635 suam
2664 1567 3090 1655 tyrannidem
3147 1576 3526 1634 exerceant:
3586 1569 3993 1637 voluntatem
4053 1568 4230 1634 enim
4287 1568 4381 1634 sic

2420 1655 2674 1721 malitia
2719 1675 3126 1739 oppressam,
3184 1653 3278 1720 sic
3322 1655 3483 1719 vitio
3528 1663 3598 1720 et
3638 1656 4055 1739 corruptione
4098 1652 4381 1738 implici-

2421 1747 2592 1820 tam,
2636 1747 2715 1805 ut
2757 1739 2841 1805 ad
2885 1741 3237 1807 honestum
3282 1740 3578 1807 studium
3616 1761 3984 1826 emergere,
4027 1748 4142 1805 aut
4183 1762 4254 1807 se
4299 1738 4383 1805 ad

2419 1825 2882 1893 rectitudinem
2925 1825 3083 1892 dare
3128 1826 3313 1891 nullo
3356 1825 3551 1892 modo
3595 1835 3811 1911 queat.

2590 1963 2675 2027 In
2718 1963 3020 2028 omnibus
3064 1963 3461 2047 Hieronymi
3519 1966 3896 2043 sententiis,
3955 1985 4120 2047 quas
4176 1963 4383 2029 addu-

2420 2049 2540 2136 cit,
2607 2048 2892 2114 liberum
2950 2048 3299 2113 arbitrium
3353 2049 3715 2132 praedicari
3772 2070 3906 2115 non
3960 2071 4160 2135 nego:
4216 2051 4384 2116 scire

2419 2141 2646 2200 tamen
2689 2130 2889 2200 velim
2905 2184 2919 2213 ,
2976 2133 3134 2217 quid
3178 2135 3343 2200 certi
3397 2133 3552 2200 inde
3595 2137 3842 2201 referre
3886 2135 4063 2201 velit.
4153 2136 4381 2201 Dona-

2417 2227 2539 2299 tos,
2584 2220 2815 2303 inquit,
2860 2240 2982 2285 nos
3017 2219 3221 2285 libero
3265 2221 3555 2299 arbitrio,
3601 2229 3669 2286 et
3703 2240 4240 2304 unumquemque
4281 2223 4383 2288 vi-

2418 2325 2606 2385 vere,
2648 2327 2781 2371 non
2825 2327 2909 2371 ex
2948 2303 3080 2370 Dei
3122 2313 3290 2371 nutu
3333 2316 3400 2370 et
3432 2307 3524 2370 im
3612 2306 3742 2384 rio,
3798 2306 3913 2371 sed
3956 2308 4222 2391 proprio
4267 2305 4383 2370 ob—

2420 2393 2664 2475 sequi0.
2754 2389 2890 2457 Sed
2934 2391 3136 2474 quid?
3227 2389 3305 2457 Si
3349 2412 3433 2457 ex
3478 2415 3517 2458 a
3565 2413 3752 2458 verso
3797 2391 4154 2476 excipiam,
4210 2392 4385 2475 quod

2418 2498 2654 2544 verum
2689 2485 2818 2554 est,
2867 2476 3281 2543 vulneratam
3324 2478 3507 2543 illam
3552 2480 3756 2543 fuisse
3790 2478 4190 2557 libertatem,
4247 2478 4382 2542 imo

2418 2565 2776 2630 confectam
2821 2572 2890 2629 et
2930 2565 3350 2643 exstinctam,
3397 2564 3510 2629 ubi
3554 2563 3753 2629 homo
3796 2564 4050 2646 peccati
4088 2584 4267 2628 nexu
4310 2565 4383 2629 in

2419 2650 2812 2715 servitutem
2856 2647 3145 2715 Satanae
3189 2671 3259 2715 se
3313 2648 3610 2716 addixit?
3699 2652 3811 2715 An
3855 2658 4033 2715 certo
4076 2648 4383 2734 colligam

2418 2734 2576 2819 quid
2621 2734 2703 2800 de
2746 2742 2885 2801 tota
2940 2756 3013 2799 re
3070 2736 3489 2801 sentiendum
3535 2738 3650 2816 sit,
3707 2757 3907 2819 quum
3952 2734 4385 2818 praecipuum

2421 2829 2620 2906 caput
2641 2842 2778 2886 non
2822 2820 3152 2905 attingat?
3226 2822 3411 2906 Nego
3438 2841 3550 2886 eos
3595 2842 3822 2887 omnes
3867 2821 4109 2887 claram
4157 2828 4226 2885 et
4267 2822 4383 2886 fir·

2419 2929 2599 2972 mam
2644 2907 2725 2972 de
2768 2907 2973 2972 libero
3017 2907 3289 2972 arbitrio
3332 2907 3699 2973 doctrinam
3738 2907 4031 2987 tradere,
4092 2908 4201 2989 qui
4247 2927 4384 2971 non

2421 2993 2620 3059 simul
2663 2992 3012 3071 adiiciunt,
3068 2998 3215 3071 [pag.
3264 2999 3372 3071 75]
3460 2991 3572 3057 uid
3629 2991 3710 3058 de
3754 2995 3877 3058 hac
3920 2992 4220 3057 libertate
4264 3012 4385 3075 per

2418 3078 2610 3145 Adae
2652 3078 2910 3163 lapsum
2955 3078 3257 3162 perierit,
3302 3079 3415 3162 qui
3505 3100 3623 3162 per
3666 3079 4185 3163 regenerationis
4232 3100 4383 3162 gra-

2419 3168 2585 3231 tiam
2628 3164 2855 3230 fideles
2898 3171 3319 3247 recuperent:
3365 3175 3612 3248 quanta
3654 3164 3934 3248 denique
3978 3165 4066 3229 sit
4109 3165 4382 3229 vitiatae

2421 3258 2700 3317 naturae
2755 3252 3158 3333 perversitas
3203 3257 3272 3314 et
3314 3249 3583 3314 rebellio
3639 3250 3956 3316 adversus
4002 3251 4130 3315 Dei
4189 3250 4380 3315 iusti-

2419 3340 2602 3414 tiam,
2651 3343 2719 3400 et
2759 3357 2929 3418 quae
2964 3357 3232 3401 rursum
3269 3336 3542 3418 spiritus
3587 3338 3796 3402 sancti
3833 3337 3905 3401 in
3950 3335 4194 3415 electis,
4241 3345 4384 3400 tum

2421 3423 2508 3490 ad
2549 3420 3056 3487 illuminandam
3099 3430 3420 3500 mentem,
3467 3429 3619 3486 tum·
3658 3422 3742 3487 ad
3785 3442 3897 3489 cor
3942 3419 4381 3506 dirigendum,

2419 3509 2730 3592 operatiO.
2819 3505 2929 3571 De'
2971 3506 3076 3571 his
3119 3508 3423 3574 omnibus
3469 3507 3677 3573 altum
3722 3517 3824 3574 est
3868 3510 3938 3572 in
3983 3508 4381 3592 Hieronymi

2417 3595 2639 3662 verbis
2681 3593 3031 3658 silentium.

2592 3711 3024 3780 Ambrosium
3057 3733 3217 3778 vero
3265 3720 3382 3779 aut
3416 3734 3551 3779 non
3588 3713 3908 3780 advocare
3942 3734 4228 3797 prorsus,
4272 3719 4385 3778 aut

2422 3801 2613 3866 aliter
2655 3799 2720 3864 lo
2764 3807 3032 3863 nentem
3075 3798 3390 3865 inducere
3435 3798 3764 3865 debuerat.
3847 3797 4029 3881 Quid
4072 3800 4252 3863 enim
4288 3798 4386 3862 af-

2420 3886 2590 3952 fert?
2750 3883 3149 3949 oluutarium
3206 3906 3479 3950 servum
3524 3885 3649 3951 sibi
3703 3886 4117 3950 auctionatur
4161 3882 4384 3949 diabo-

2420 3974 2553 4038 lus:
2632 3970 2968 4035 neminem
3032 3970 3186 4054 iugo
3254 3970 3595 4037 servitutis
3657 3971 4003 4036 astrictum
4071 3966 4385 4052 possidet,

2421 4057 2553 4124 nisi
2596 4078 2667 4123 se
2710 4056 2896 4141 prius
2938 4062 3358 4138 peccatorum
3417 4078 3567 4122 aere
3623 4056 3685 4121 ei
3726 4052 4115 4123 vendiderit.
4206 4052 4388 4136 Quid

2422 4163 2690 4209 carnem
2732 4142 2918 4225 quasi
2963 4142 3296 4206 infirmam
3341 4140 3648 4207 accusas?
3717 4141 4018 4206 Affectus
4055 4147 4157 4206 est
4195 4147 4387 4205 autor

2424 4229 2684 4313 culpae:
2731 4247 2881 4294 caro
2925 4226 3286 4294 voluntatis
3328 4228 3650 4292 ministra.
3739 4226 3892 4292 Non
3936 4245 4097 4310 ergo
4143 4225 4389 4291 vendat

2423 4336 2545 4382 nos
2589 4314 2901 4383 voluntas
2944 4319 3188 4391 nostra,
3232 4334 3355 4395 per
3398 4333 3592 4397 quam
3630 4311 3838 4378 solam
3881 4313 3954 4376 in
3997 4311 4388 4379 servitutem

2423 4400 2765 4467 tradimur.
2864 4398 3119 4481 Nempe
3187 4419 3422 4464 vanam
3485 4415 3713 4463 eorum
3780 4398 4388 4483 tergiversationem

2423 4489 2695 4567 refutat,
2751 4486 2863 4570 qui
2917 4484 2986 4549 in
3031 4483 3248 4550 carnis
3302 4485 3757 4551 infirmitatem
3812 4485 4141 4561 reiiciunt,
4197 4481 4386 4565 quid-

2425 4572 2582 4656 quid
2625 4576 2918 4655 peccant.
2985 4569 3222 4637 Oarnis
3267 4577 3488 4637 autem
3530 4571 3797 4636 nomine
3841 4568 3995 4653 quid
4040 4568 4384 4652 significet,

2429 4658 2655 4725 statim
2715 4657 3012 4740 exponit,
3079 4676 3282 4738 quum
3341 4656 3697 4723 voluntatis
3752 4656 4121 4720 ministram
4178 4659 4386 4719 vocat.

2426 4744 2712 4810 Inferior
2757 4763 2914 4827 ergo
2957 4763 3110 4825 pars
3155 4741 3462 4821 hominis,
3507 4751 3574 4809 et
3615 4740 3954 4819 sensualis,
4006 4745 4084 4803 ut
4126 4745 4384 4820 vocant,

2428 4852 2581 4900 cum
2616 4830 2903 4912 eorporis
2936 4826 3221 4913 organis,
3259 4849 3378 4912 per
3410 4850 3680 4895 carnem
3716 4826 4113 4909 designatur.
4168 4825 4384 4906 Nunc,

2427 4918 2541 5002 qui
2583 4914 2907 4981 malorum
2964 4935 3233 4980 suorum
3284 4914 3546 4998 culpam
3599 4913 3757 4978 illuc
3813 4910 4098 4992 derivat,
4150 4913 4389 4978 merito

2428 5002 2512 5068 ad
2558 5002 2963 5068 voluntatem
3007 4999 3400 5065 retrahitur:
3458 5006 3536 5064 ut
3578 4997 3738 5064 dum
3781 4998 4125 5064 convictus
4167 4998 4384 5077 fuerit,

2426 5088 2566 5154 illic
2608 5087 2883 5153 haerere
2925 5085 3083 5152 mali
3138 5085 3457 5164 radicem,
3513 5084 3708 5150 simul
3763 5084 3999 5166 discat,
4057 5106 4127 5149 se
4177 5103 4388 5149 unum

2428 5195 2590 5252 esse,
2635 5173 2743 5239 cui
2784 5173 3112 5257 imputare
3156 5171 3420 5256 culpam
3464 5169 3711 5236 debeat.
3799 5171 3980 5238 Hinc
4025 5171 4079 5235 si
4124 5169 4389 5253 colligat

2428 5258 2739 5344 Pighius,
2786 5279 2955 5341 quae
2999 5259 3087 5325 sit
3130 5256 3320 5322 liberi
3364 5256 3617 5322 arbitrii
3660 5256 3966 5338 facultas,
4022 5261 4136 5320 aut
4179 5274 4387 5337 quan-

2429 5353 2575 5412 tum
2618 5366 2737 5429 per
2780 5366 2851 5411 se
2894 5345 3144 5422 valeat,
3205 5341 3399 5410 valde
3455 5350 3728 5428 argutus
3773 5344 3899 5412 erit
3940 5342 4384 5408 ratiocinator.
