4999 6179
432 459 552 522 397

1911 465 2042 533 DE
2086 467 2436 536 LIBERO
2476 467 2955 537 ARBI'PRIO.

4325 472 4451 539 398

431 667 580 711 rum
637 647 1010 714 membrum
1025 699 1040 726 ,
1098 648 1270 731 quod
1326 673 1412 717 ex
1464 664 1835 720 commento
1889 656 2106 721 carnis
2163 657 2385 722 assuit.
2488 656 2847 721 maioribus
2891 657 3165 739 posthac
3223 663 3607 740 augeantur.
3698 654 3834 721 Sed
3877 656 3946 722 id
4033 678 4249 742 noque
4305 680 4450 753 esse

430 732 560 799 His
605 739 743 797 tam
785 733 951 799 bene
996 734 1323 815 confectis,
1371 738 1619 804 dictum
1662 740 1829 806 illud
1872 738 2148 825 vulgare
2192 742 2388 807 Guil-

430 818 611 884 lelmi
657 817 902 886 Oceam
918 871 934 898 ,
985 820 1161 904 quod
1220 825 1402 889 omni
1457 847 1542 890 ex
1596 834 1783 909 parte
1837 827 2389 911 pelagianismum

431 904 677 988 resipit,
722 906 986 972 facienti
1031 907 1205 991 quod
1247 910 1318 974 in
1361 931 1433 975 se
1477 918 1578 976 est
1617 913 1841 977 Deum
1886 934 2020 978 non
2063 911 2389 998 denegare

431 992 745 1076 gratiam,
823 993 1242 1060 verissimum
1323 1017 1466 1063 esse
1531 997 1882 1064 concludit.
1970 997 2148 1063 Nam
2214 998 2390 1082 quod

431 1078 764 1143 neminem
809 1078 940 1144 Dei
991 1080 1275 1163 gratiam
1328 1103 1644 1166 quaerere
1696 1106 1886 1169 posse
1930 1084 2171 1150 tradidi
2185 1138 2201 1165 ,
2259 1086 2389 1151 nisi

431 1164 541 1246 qui
586 1183 627 1227 a
668 1161 796 1227 Dei
841 1166 1078 1247 spiritu
1124 1176 1379 1251 agatur,
1417 1190 1493 1235 eo
1537 1169 1730 1235 modo
1775 1169 2074 1237 homines
2116 1190 2388 1254 prorsus

431 1249 691 1332 stipites
753 1251 913 1315 fieri.
1006 1249 1140 1332 Qui
1208 1253 1348 1319 sic?
1438 1253 1770 1337 Quoniam
1835 1256 1991 1323 hinc
2054 1266 2386 1342 sequatur,

430 1336 684 1401 nemini
727 1337 1092 1418 expositam
1138 1359 1298 1418 esse,
1345 1342 1594 1406 nemini
1636 1343 2112 1424 quaerendam:
2156 1349 2387 1427 utpote

428 1441 599 1505 quae
621 1423 866 1505 quaeri,
893 1430 1248 1506 antequam
1273 1425 1613 1507 habeatur,
1652 1449 1785 1493 non
1811 1430 2036 1513 possit.
2104 1429 2389 1495 Frustra

429 1514 652 1572 autem
706 1510 965 1591 quaeri,
1029 1510 1205 1592 quod
1271 1512 1407 1577 iam
1473 1513 1862 1596 possidetur.
1952 1517 2047 1579 At
2113 1515 2386 1596 perinde

433 1598 585 1673 [pag.
635 1596 788 1673 229]
845 1595 1301 1676 ratiocinatur,
1360 1618 1437 1663 ac
1476 1600 1542 1665 si*
1576 1621 1963 1667 concessum
2010 1601 2148 1666 iam
2206 1601 2303 1665 illi
2347 1621 2388 1665 a

425 1699 539 1744 me
563 1679 752 1757 foret,
788 1701 925 1745 non
960 1702 1103 1748 esse
1135 1682 1200 1747 di
1209 1702 1434 1750 versas
1446 1687 1712 1770 gratias,
1748 1687 1934 1770 pium
1969 1686 2384 1767 desiderium,

427 1767 722 1849 eiusque·
744 1767 1349 1850 consequutionem:
1395 1791 1599 1854 quum
1641 1773 1777 1837 iam
1822 1773 1979 1840 alibi
2023 1795 2108 1838 ex
2151 1772 2385 1858 Aussgu-

424 1852 601 1916 stino
658 1851 1278 1934 demonstraverim,
1349 1856 1522 1924 hanc
1578 1857 1729 1923 fidei
1797 1861 2156 1925 sanitatem
2218 1881 2383 1943 esse,

419 1946 650 2021 petere
691 1947 769 2003 ut
807 1940 1106 2022 accipias,
1150 1961 1464 2023 quaerere
1507 1952 1585 2008 ut
1626 1946 1944 2025 inveniaS,
1992 1945 2257 2029 pulsare
2309 1952 2387 2011 ut

422 2024 766 2108 aperiatur
839 2025 976 2091 tibi.
1064 2027 1279 2092 Porro
1357 2028 1554 2094 huius
1617 2031 1922 2097 sanitatis
1987 2037 2179 2096 autor
2255 2053 2388 2105 uon

419 2131 643 2194 aeger,
689 2111 940 2193 opinor,
985 2109 1104 2178 sed
1145 2113 1438 2180 medicus
1481 2116 1958 2182 existimandus
2002 2118 2145 2182 erit.

601 2193 946 2276 Quantum
997 2197 1080 2262 ad
1134 2203 1664 2282 perseverantiae
1722 2201 1967 2268 donum
1986 2256 2000 2280 ,
2057 2203 2220 2269 haec
2280 2210 2385 2269 est

416 2282 654 2366 Pighii
692 2281 1125 2366 philosophia,
1170 2286 1450 2351 conferri
1483 2287 1651 2352 illud
1693 2288 1958 2371 quidem
2002 2290 2188 2355 nobis
2230 2310 2382 2373 gra-

417 2369 615 2447 tuite,
663 2384 731 2434 et
773 2375 993 2433 tamen
1025 2371 1278 2436 meritis
1322 2372 1609 2455 rependi.
1679 2375 1813 2456 Qui
1856 2375 2101 2441 factum
2146 2382 2262 2453 est,
2308 2382 2385 2441 ut

417 2454 591 2519 haec
626 2462 764 2519 tam
801 2454 1059 2521 subtilis
1092 2457 1400 2540 cogitatio
1434 2460 1697 2541 spiritui
1718 2468 1943 2527 sancto
1978 2483 2113 2526 non
2155 2481 2381 2526 occur·

411 2549 618 2619 reret,
665 2562 867 2624 quum
899 2543 1166 2624 penitus
1200 2546 1531 2610 contraria
1562 2567 1602 2610 a
1799 2556 1956 2613 enta
1988 2545 2202 2613 Paulo
2246 2547 2382 2612 dic·

414 2625 640 2692 taret?
731 2625 1073 2710 Siquidem
1130 2650 1338 2713 quum
1381 2630 1493 2710 ,illi
1537 2632 1880 2698 familiaris
1934 2635 2022 2698 sit
2063 2633 2377 2714 collectio,

411 2714 469 2777 si
533 2734 624 2778 ex
677 2715 920 2797 gratia,
981 2735 1138 2799 ergo
1193 2737 1329 2780 non
1381 2738 1465 2783 ex
1520 2718 1828 2801 operibus
1883 2720 2104 2804 (Rom.
2151 2725 2247 2799 11,
2288 2726 2378 2804 6),

407 2798 749 2864 rationem
793 2798 1032 2865 alicubi
1075 2799 1319 2867 reddit:
1375 2805 1533 2887 quia
1575 2804 1752 2888 quod
1793 2804 2099 2889 operibus
2140 2826 2380 2889 repen-

408 2882 624 2965 ditur,
670 2884 969 2953 debitum
1011 2887 1115 2955 sit.
1183 2886 1522 2971 Operanti,
1563 2891 1800 2974 inquit,
1845 2912 1981 2957 non
2013 2890 2381 2958 secundum

540 2972 706 3036 tiam
724 3023 741 3051 ,
808 2972 925 3038 sed
993 2973 1356 3039 seeundum
1413 2975 1707 3042 debitum
1775 2998 2027 3044 merces
2079 2976 2381 3043 redditur

406 2992 648 3142 ἔξω.
686 3065 747 3137 4,
784 3058 875 3143 4).
965 3058 1115 3125 Hoc
1180 3060 1465 3145 qualiter
1542 3062 1720 3128 cum'
1765 3062 1990 3149 Pighii
2049 3064 2378 3131 axiomata

400 3146 800 3226 conveniet,
858 3148 970 3228 qui
1025 3146 1176 3211 vult
1221 3169 1342 3213 nos
1396 3150 1662 3232 propria
1716 3152 1964 3216 virtute
2001 3151 2379 3233 ,promereri

399 3229 548 3297 Dei
583 3233 883 3316 gratiam,
932 3241 1000 3296 et
1027 3239 1252 3297 tamen
1286 3236 1577 3317 gratuito
1617 3257 1764 3301 eam
1796 3234 2148 3318 consequi?
2209 3235 2377 3304 Cae-

400 3329 638 3385 terum
679 3319 1092 3383 remunerari
1134 3318 1360 3384 Deum
1414 3321 1881 3403 posterioribus
2018 3322 2169 3387 atiis
2212 3322 2377 3407 legi-

393 3405 663 3471 timum
706 3405 999 3487 priorum
1047 3425 1256 3482 usum,
1304 3427 1386 3470 ex
1436 3406 1701 3491 vulgata
1742 3408 1859 3473 illa
1892 3406 1947 3474 O
1999 3408 2145 3473 risti
2185 3429 2376 3491 para-

394 3492 561 3557 bola
635 3490 716 3556 de
793 3491 1062 3557 talentis
1136 3511 1288 3556 cum
1351 3492 1619 3560 foenore
1692 3492 1967 3559 redditis
2032 3496 2379 3560 confirmat

393 3576 689 3662 (Matth.
731 3581 832 3656 26,
877 3578 1002 3661 15).
1071 3578 1218 3661 Ego
1263 3598 1419 3644 vero
1460 3601 1804 3663 nunquam
1838 3579 1963 3647 hoc
1993 3579 2377 3663 simplicit-er

390 3664 660 3749 negavi
673 3687 691 3743 ;
757 3663 874 3729 sed
939 3672 1203 3730 tantum
1267 3664 1440 3731 hanc
1497 3668 1950 3750 exceptionem
2013 3667 2232 3750 posui,
2302 3675 2379 3732 ut

311 3809 320 3816 .
389 3749 663 3834 duplex
693 3749 1064 3832 periculum
1104 3757 1466 3817 caveretur.
1534 3751 1638 3817 Ne
1679 3761 1795 3817 aut
1837 3752 1930 3819 sic
1966 3752 2378 3818 remunerari

385 3836 726 3902 credatur
768 3834 956 3901 Deus
1001 3835 1373 3920 legitimum
1415 3835 1670 3922 gratiae
1714 3860 1870 3905 suae
1913 3860 2140 3917 usum,
2199 3859 2274 3904 ac
2318 3839 2377 3904 si

384 3922 610 3988 homo
644 3943 765 3987 sua
806 3922 1015 4004 ipsius
1046 3919 1378 3987 industria
1417 3923 1707 3990 oblatam
1749 3924 1873 3990 sibi
1907 3924 2191 4009 gratiam
2226 3925 2375 3991 red-

384 4009 598 4075 deret
646 4008 1006 4084 efficacem:
1061 4018 1178 4072 aut
1220 4008 1313 4074 sic
1369 4011 1830 4077 remuneratios
1858 4021 2234 4090 censeatur,
2291 4023 2375 4077 ue

381 4096 482 4160 sit
533 4094 828 4179 amplius
881 4095 1173 4178 gratuita
1211 4096 1445 4178 gratia.
1537 4097 1681 4161 Imo
1725 4096 1818 4163 sic
1872 4095 2250 4179 parabolam
2293 4097 2374 4161 il-

377 4183 532 4249 lam
603 4180 845 4264 exponi
900 4178 1136 4246 debere
1186 4200 1607 4262 monueram,
1663 4180 1835 4266 quod
1890 4183 2075 4271 Deus
2131 4204 2253 4249 sua
2302 4185 2374 4248 in

377 4268 604 4334 nobis
660 4268 882 4349 priora
926 4266 1099 4331 dona
1154 4267 1345 4332 novis
1390 4276 1458 4333 et
1499 4268 1856 4334 maioribus
1900 4266 2180 4334 subinde
2222 4289 2371 4353 pro-

375 4353 732 4438 sequitur.
801 4350 1025 4432 Quare
1045 4351 1300 4417 nullum
1323 4373 1560 4436 operae
1581 4354 1871 4437 pretium
1892 4354 2051 4420 facit
2069 4354 2370 4440 Pighius,

372 4441 561 4507 dum
609 4446 877 4504 tantum
910 4438 1263 4504 verborum
1307 4437 1541 4519 fundit,
1586 4449 1726 4522 quo'
1755 4439 1922 4504 mihi
1966 4446 2371 4524 extorqueat,

367 4525 580 4612 'quod
621 4533 858 4609 sponte
890 4524 1024 4588 iam
1063 4524 1397 4608 professus
1433 4545 1613 4591 sum:
1661 4527 2058 4592 talentorum
2104 4528 2371 4592 nomine

370 4614 529 4679 illio
582 4609 723 4675 Dei
767 4612 1048 4695 gratias,
1107 4629 1227 4673 nos
1271 4610 1391 4676 sub
1436 4631 1774 4678 servorum
1810 4632 2108 4696 persona,
2149 4612 2371 4677 Deum

368 4709 636 4766 autem
691 4717 808 4779 per
857 4703 1111 4778 patrem
1165 4695 1446 4761 familias
1513 4696 1863 4782 designari.
1954 4695 2181 4779 Quum
2246 4698 2371 4765 hoc

367 4788 582 4851 inter
634 4804 754 4848 nos
797 4783 965 4848 citra
1008 4780 1280 4846 dubium
1322 4789 1607 4861 constet,
1653 4784 1872 4849 eliciat
1912 4783 2066 4849 inde
2111 4784 2168 4850 si
2212 4784 2371 4867 quid

365 4877 656 4974 potest,
727 4863 900 4952 quod
957 4871 1108 4948 [pag.
1165 4871 1315 4945 230]
1367 4866 1531 4931 mihi
1590 4868 1995 4936 adversetur.
2082 4869 2369 4950 Laudat,

362 4958 651 5043 inquit,
682 4953 869 5020 Deus
911 4953 1298 5019 fidelitatem
1330 4959 1644 5032 nostram,
1689 4953 1957 5037 eiusque
2001 4955 2372 5022 mercedem

365 5050 700 5111 testatur
744 5061 920 5120 esse,
965 5038 1138 5122 quod
1182 5037 1605 5121 amplioribus
1648 5059 1771 5105 nos
1815 5039 2004 5104 donis
2049 5042 2366 5107 cumulat:

361 5147 655 5213 nempe
697 5127 870 5192 sicut
911 5148 1032 5192 sua
1064 5125 1236 5190 dona
1275 5126 1347 5189 in
1391 5125 1582 5191 nobis
1624 5137 1911 5203 coronat,
1956 5129 2208 5208 quoties
2251 5128 2371 5193 ali-

409 5214 552 5283 uid
604 5213 937 5278 retribuit.
1006 5209 1123 5279 Sic
1165 5211 1365 5276 etiam
1409 5211 1612 5276 habet
1648 5210 1994 5277 Institutio
2036 5231 2209 5278 mea:
2253 5212 2371 5278 Fi-

356 5240 670 5370 delibus
722 5296 1228 5382 exspectandam
1274 5318 1416 5364 esse
1472 5296 1646 5363 hanc
1694 5296 2252 5378 benedictionem,
2299 5305 2376 5363 ut

2491 742 2743 823 gratiae
2787 739 3064 821 donum,
3121 736 3296 824 quod
3352 741 3519 806 bene
3574 742 3865 807 utantur.
4021 765 4057 809 e
4107 746 4253 828 quis
4295 767 4452 812 vero

2491 824 2559 891 id
2604 847 2645 891 a
2693 847 2804 891 me
2845 829 3201 894 confictum
3245 834 3512 910 putaret
3527 878 3545 905 ,
3600 829 4053 894 testimonium
4092 830 4291 896 Pauli
4333 830 4449 898 ad-

2493 910 2709 976 hibui:
2768 914 2881 995 qui
2939 920 3293 996 utrumque
3343 911 3428 979 ad
3479 933 3739 978 merum
3782 913 3913 979 Dei
3966 913 4452 1001 beneplacitum

2491 997 2716 1077 refert,
2803 997 2932 1063 uod
2971 1006 3040 1064 et
3084 998 3252 1066 velle
3296 1010 3609 1084 operetur
3649 1001 3722 1064 in
3758 1000 3991 1079 nobis„
4013 1009 4080 1065 et
4111 1004 4448 1084 perficere.

2489 1082 2621 1150 His
2653 1085 2764 1165 qui
2810 1105 2965 1151 nam
3011 1085 3099 1150 sit
3139 1087 3210 1150 in
3248 1084 3555 1169 parabola
3592 1087 4015 1166 contrarium,
4061 1107 4194 1152 non
4238 1088 4447 1155 video.

2664 1167 2862 1250 Quod
2916 1178 3141 1236 autem
3190 1172 3325 1237 ‘Dei
3381 1173 3632 1256 gratiae
3697 1182 4080 1256 cooperetur
4143 1172 4451 1242 voluntas

2491 1261 2746 1335 nostra,
2803 1256 3091 1322 Paulum
3135 1265 3374 1322 testem
3418 1256 3710 1337 adducit,
3756 1260 3868 1341 qui
3909 1266 4211 1325 testatur·
4235 1261 4450 1342 copio-

2492 1341 2630 1406 sius
2674 1362 2744 1406 se
2786 1341 2932 1407 aliis
2975 1343 3281 1408 omnibus
3322 1342 3652 1411 laborasse
3695 1346 3759 1428 (l
3784 1343 3954 1411 Cor.
3999 1350 4095 1424 15,
4140 1346 4266 1426 10).
4358 1348 4452 1411 At

2489 1446 2676 1503 mox,
2736 1429 3135 1494 correctione
3189 1428 3442 1497 adiecta
3494 1430 3564 1495 id
3607 1438 3948 1510 retractat,
4003 1430 4451 1514 transfertque

2492 1510 2578 1577 ad
2618 1513 2750 1578 Dei
2790 1515 3094 1597 gratiam,
3141 1514 3315 1597 quod
3360 1515 3485 1582 sibi
3529 1537 3787 1582 sumere
3833 1517 4013 1583 visus
4058 1525 4216 1582 erat.
4294 1517 4360 1582 N
4361 1536 4450 1582 on

2489 1618 2630 1681 ego,
2674 1598 2907 1682 inquit,
2954 1600 3068 1666 sed
3112 1602 3329 1685 gratia
3371 1602 3500 1667 Dei
3544 1623 3713 1685 quae
3754 1602 3922 1667 mihi
3978 1601 4221 1669 aderat.
4298 1602 4455 1670 Hac

2488 1685 2890 1750 correctione
2943 1707 3079 1750 non
3132 1686 3313 1751 aliud
3371 1687 3729 1771 significari
3786 1709 3825 1752 0
3871 1690 4093 1755 inatur
4146 1687 4445 1774 Pighius,

2488 1770 2619 1835 nisi
2662 1770 2837 1853 quod
2879 1771 3200 1839 adiutrice
3243 1781 3311 1838 et
3352 1775 3793 1857 cooperatrice
3906 1775 3967 1840 ei
4011 1775 4223 1859 gratia
4264 1775 4447 1841 labo-

2486 1857 2753 1921 raverit.
2843 1858 2938 1922 At
2988 1859 3044 1924 si
3095 1856 3166 1922 id
3224 1858 3429 1924 vellet
3479 1860 3733 1926 Paulus
3749 1912 3763 1938 ‚
3830 1868 4127 1926 uteretur
4185 1868 4445 1927 tantum

2488 1940 2613 2007 hac
2654 1940 3129 2009 moderatione:
3183 1962 3316 2009 non
3359 1966 3431 2010 se
3472 1945 3807 2012 laborasse
3847 1946 4088 2025 solum,
4134 1945 4250 2011 sed
4292 1966 4444 2048 gra-

2485 2027 2649 2092 tiam
2693 2028 2822 2093 Dei
2862 2028 3056 2094 simul
3102 2028 3407 2096 adfuisse.
3495 2031 3692 2098 Nunc
3736 2040 3959 2097 autem
3997 2052 4132 2097 non
4174 2031 4446 2099 dimidia

2486 2114 2901 2195 exceptione,
2967 2114 3084 2180 sed
3146 2115 3345 2198 plena
3407 2119 3808 2183 correctione
3873 2119 4099 2183 utitur.
4189 2117 4448 2191 Verum

2485 2220 2751 2278 cursus,
2808 2208 2875 2263 et
2913 2209 3242 2266 certamen
3261 2252 3278 2280 ,
3337 2208 3405 2265 et
3447 2203 3789 2287 castigatio
3835 2205 4124 2286 corporis
4141 2257 4158 2283 ‚
4219 2204 4446 2272 labore

2484 2291 2817 2350 constant:
2873 2286 3114 2368 quibus
3169 2286 3551 2353 defunctum
3593 2309 3664 2354 se
3708 2287 3860 2353 alibi
3919 2289 4239 2354 meminit.
4331 2289 4446 2357 Sic

2485 2380 2617 2457 est:
2662 2391 2879 2454 neque
2911 2392 3031 2437 nos
3063 2371 3490 2441 abhorremus
3521 2374 3600 2440 ab
3637 2376 3878 2443 usitato
3912 2373 3937 2438 l
4019 2373 4219 2440 uendi
4240 2392 4443 2456 more,

2485 2477 2615 2539 quo
2658 2465 2726 2521 et
2766 2477 3031 2523 currere
3046 2509 3060 2535 ,
3105 2467 3172 2524 et
3215 2468 3496 2538 certare,
3543 2468 3611 2525 et
3653 2460 3953 2525 laborare
4044 2461 4298 2534 omines
4342 2461 4442 2527 di-

2483 2552 2753 2621 cuntur,
2803 2541 2996 2608 modo
3039 2566 3125 2609 ne
3167 2541 3239 2608 id
3280 2566 3537 2630 quoque
3594 2546 3785 2611 nobis
3829 2554 4141 2628 negetur,
4187 2555 4320 2610 tam
4359 2544 4463 2612 ad‘

2483 2637 2836 2707 certamen,
2882 2650 3078 2712 quam
3113 2629 3195 2695 ad
3227 2653 3495 2697 cursum
3526 2639 3642 2697 aut
3672 2632 3981 2711 laborem,
4029 2642 4093 2696 et
4128 2634 4445 2712 animum,

2483 2721 2551 2778 et
2606 2714 2817 2793 vires,
2875 2712 3007 2780 Dei
3062 2716 3304 2799 gratia,
3364 2717 3495 2783 illis
3553 2719 3853 2786 conferri.
3942 2719 4113 2797 Aut,
4183 2720 4241 2783 si
4292 2739 4445 2803 pro-
4520 2800 4527 2804 ,

2481 2800 2720 2883 phetae
2776 2799 2999 2866 verbis
3056 2821 3323 2868 sensum
3379 2809 3679 2871 nostrum
3722 2805 4006 2888 exprimi
4048 2804 4260 2888 magis
4302 2803 4445 2887 pla-

2482 2896 2618 2952 cet:
2672 2887 2887 2953 facere
2941 2887 3263 2967 homines,
3304 2888 3586 2955 libenter
3627 2890 4073 2969 concedimus,
4127 2889 4241 2956 sed
4298 2890 4446 2956 Deo
4482 2960 4489 2965 ,

2481 2972 2823 3053 faciente,·
2854 2980 2934 3038 ut
2974 2973 3239 3040 faciant.
3327 2977 3470 3040 Aut
3501 2976 3709 3060 igitur
3749 2976 3943 3041 Pauli
3986 2976 4187 3041 verba
4229 2984 4447 3054 mutet

2482 3057 2782 3143 Pighius,
2806 3066 2933 3125 aut·
2951 3081 3100 3126 cum
3123 3081 3245 3126 sua
3262 3060 3809 3144 interpretatione
3832 3062 4129 3129 facessat.
4188 3062 4284 3127 At
4303 3083 4442 3128 ser-

2482 3147 2697 3211 monis
2722 3148 3118 3230 proprietate
3139 3167 3210 3211 se
3244 3154 3501 3213 tuetur:
3529 3150 3681 3232 quia
3698 3148 3996 3213 laborare
4021 3168 4443 3231 nequaquam

2482 3229 2629 3296 Deo
2666 3232 3034 3297 conveniat.
3104 3230 3434 3298 Laborem
3465 3234 3673 3318 igitur
3691 3242 3904 3299 totum
3939 3254 4079 3300 esse
4116 3246 4440 3315 nostrum,

2482 3317 2599 3383 sed
2643 3316 2980 3383 laborandi
3000 3318 3334 3394 ,virtutem
3377 3340 3417 3382 a
3458 3324 3608 3399 [pag.
3645 3325 3795 3400 231]
3832 3321 4046 3404 gratia
4087 3318 4442 3387 subminis-

2483 3404 2664 3469 trari.
2766 3404 2868 3468 Ac
2922 3423 3029 3468 me
3096 3424 3172 3468 00
3241 3425 3463 3470 errore
3540 3405 3884 3489 deceptum
3976 3407 4182 3471 fnisse
4263 3404 4440 3485 dicit,

2479 3491 2636 3572 quia
2675 3488 2800 3553 hoc
2854 3509 2990 3554 non
3033 3490 3636 3557 animadverterim.
3726 3492 3871 3577 Ego
3914 3512 4071 3558 vero
4114 3492 4290 3558 hanc
4334 3514 4441 3557 re-

2478 3574 2986 3658 prehensionem
3003 3628 3020 3655 ,
3085 3575 3259 3658 quod
3316 3575 3529 3643 fidelis
3598 3579 3809 3663 magis
3864 3599 4064 3661 quam
4116 3577 4440 3646 facundus

2478 3663 2806 3744 interpres
2847 3661 3107 3740 fuerim,
3151 3661 3435 3729 libenter
3475 3665 3783 3730 sustineo,
3872 3661 4269 3748 Quanquam
4312 3665 4442 3728 ista

2479 3746 2749 3832 quidem
2792 3747 3300 3830 reprehensione
3354 3750 3722 3832 apostolum
3763 3750 4013 3834 potius,
4068 3770 4269 3833 quam
4311 3771 4437 3828 me,

2479 3835 2774 3917 impetat.
2863 3833 3050 3899 Haec
3107 3835 3285 3900 enim
3342 3845 3500 3902 sunt
3553 3835 3753 3903 Pauli
3810 3836 4043 3902 verba:
4100 3835 4165 3900 N
4166 3857 4251 3900 on
4317 3856 4439 3918 ego

2479 3942 2646 4000 sum,
2694 3919 2807 4003 qui
2847 3920 3161 4000 laboravi,
3208 3919 3597 4023 sedfgratia,
3643 3943 3809 4005 quae
3851 3939 4110 3986 mecum
4154 3929 4320 3986 erat:
4367 3920 4439 3987 in

2478 4007 2716 4091 quibus
2754 4007 2817 4072 si
2869 4005 3038 4072 nihil
3093 4016 3354 4072 mutare
3411 4028 3610 4074 ausus
3665 4029 3844 4085 sum,
3902 4004 4059 4089 quid
4113 4018 4214 4071 est
4263 4005 4439 4089 quod

2478 4094 2645 4159 mihi
2709 4092 2995 4177 Pighius
3071 4100 3419 4193 propterea
3484 4094 3671 4159 litem
3743 4091 4091 4158 intendat?
4190 4091 4232 4154 V
4249 4109 4439 4158 erum

2478 4179 2840 4264 Augustini
2882 4187 3236 4244 autoritate
3280 4199 3390 4243 me
3432 4188 3654 4264 urget,
3700 4179 3816 4263 qui
3859 4177 4051 4244 Pauli
4097 4178 4301 4244 verba
4343 4178 4438 4245 sic

2476 4267 2754 4350 accepit:
2781 4264 2972 4349 quasi
3002 4264 3336 4331 laborasse
3369 4286 3439 4330 se
3474 4265 3669 4344 dicat,
3707 4263 3822 4332 sed
3849 4264 4168 4331 adiutrice
4199 4264 4432 4349 gratia.

2477 4351 2687 4434 Quasi
2722 4372 2880 4418 vero
2913 4372 3049 4417 non
3081 4352 3243 4417 satis
3286 4359 3568 4430 constet,
3624 4351 3735 4416 hic
3768 4351 4156 4419 hallucinari
4201 4351 4436 4434 Augu-

2475 4440 2756 4515 stinum,
2814 4438 2969 4521 quia
3010 4438 3220 4502 latina
3267 4437 3869 4520 interpretatione„
3904 4458 4071 4520 quae
4124 4434 4436 4519 ambigua

2476 4536 2544 4590 et
2586 4527 2809 4590 minus
2853 4524 3049 4607 plena
3078 4532 3239 4602 erat,
3284 4530 3649 4604 contentus,
3696 4524 3852 4609 quid
3884 4523 4207 4589 haberent
4236 4520 4436 4586 Pauli

2477 4611 2711 4689 verba,
2770 4631 2900 4676 non
2955 4609 3336 4692 inspexerit.
3429 4606 3566 4682 Sed
3622 4610 3786 4675 haec
3829 4616 3931 4675 est
3972 4607 4198 4691 Pighii
4241 4605 4434 4671 sedu-

2473 4697 2645 4776 litas,
2693 4718 2776 4762 ex
2819 4717 2980 4762 auro
3026 4696 3301 4761 scoriam
3346 4695 3671 4761 duntaxat
3712 4695 3948 4780 legere.
3988 4705 3997 4712 '

2648 4783 3014 4861 Postremo,
3060 4779 3345 4848 adducta
3374 4783 3446 4846 in
3489 4781 3781 4847 medium
3815 4777 4124 4863 parabola
4166 4776 4247 4843 de
4280 4798 4433 4861 ope·-

2476 4870 2670 4935 rariis
2712 4869 2787 4933 in
2828 4869 3091 4935 vineam
3136 4866 3505 4947 conductis,
3552 4875 3759 4950 rogat,
3804 4866 4110 4949 quisnam
4152 4864 4239 4930 sit
4279 4885 4433 4948 ope-

2476 4956 2693 5022 rarius
2726 4953 2856 5031 ille,
2901 4973 3097 5037 quem
3136 4952 3437 5019 mercede
3480 4951 3755 5036 dignum
3790 4951 4097 5018 Christus
4140 4971 4431 5034 pronun·

2476 5041 2624 5108 ciat.
2713 5039 2898 5105 Nihil
2943 5038 3124 5104 enim
3165 5038 3405 5105 habere
3450 5060 3568 5103 nos
3602 5037 3782 5104 aliud
3823 5044 4045 5122 putat,
4111 5033 4284 5120 quod
4326 5055 4431 5100 re-

2474 5125 2915 5211 spondeamus
2931 5177 2948 5206 ,
3005 5125 3135 5191 nisi
3182 5126 3313 5190 Dei
3356 5124 3666 5209 gratiam:
3734 5122 3908 5208 quod
3949 5142 4269 5210 perquam
4330 5128 4432 5187 est

2473 5211 2841 5278 ridiculum.
2919 5212 3015 5277 At
3057 5232 3173 5276 cur
3214 5212 3308 5277 sic
3351 5210 3792 5277 vaticinatur?
3866 5210 4006 5276 Nos
4048 5209 4225 5275 enim
4266 5204 4430 5272 fide-

2475 5298 2574 5363 les
2616 5299 2946 5380 operarios
3001 5318 3175 5376 esse,
3234 5297 3507 5364 minime
3563 5317 3913 5382 negamus:
3966 5294 4081 5362 sed
4135 5313 4247 5358 cor
4298 5313 4429 5377 quo

353 5410 512 5475 quo
565 5385 820 5452 melius
867 5385 972 5450 usi
1023 5385 1269 5450 fuerint
1312 5375 1755 5467 superioribus
1797 5381 1930 5450 Dei
1978 5385 2239 5469 gratiis,
2296 5403 2374 5449 eo
2435 5443 2454 5470 ,
2479 5382 2705 5464 velint,
2752 5383 2953 5450 robur
2996 5404 3125 5469 quo
3158 5382 3508 5463 sufficiant,
3552 5403 3790 5451 manus
3834 5383 4074 5468 quibus
4103 5380 4425 5458 laborent,
