4999 6179
283 1750 302 1805 ἶ

289 1828 312 1859 ι

391 457 511 520 253

388 663 504 711 6116
545 645 760 729 gratia
791 644 1087 727 inspirat.
1179 642 1374 710 Hanc
1417 645 1596 709 enim
1639 645 2071 710 necessariam
2117 663 2345 711 conse-

387 731 721 814 quentiam
774 732 956 796 facit:
1013 730 1332 814 quidquid
1387 730 1465 795 fit
1522 736 1675 795 ante
1731 728 2014 814 gratiam
2072 753 2113 796 a
2155 751 2344 798 servo

388 815 683 895 arbitrie,
740 817 1108 884 necessario
1151 817 1403 882 malum
1439 824 1567 895 est,
1613 824 1681 882 et
1724 838 1765 881 a
1809 816 1937 885 fide
1973 818 2185 900 magis
2227 817 2343 882 ab·

388 902 594 981 ducit,
655 923 854 984 quam
910 901 995 967 ad
1050 924 1196 968 eam
1261 902 1575 982 adducat,
1643 901 1934 985 fidesque
2002 902 2149 985 ipsa
2208 910 2344 968 tota

387 1011 425 1054 a
466 989 611 1054 Deo
669 988 927 1071 pendet.
1027 989 1211 1073 Ergo
1267 988 1558 1056 docendo
1613 998 1682 1054 et
1736 986 2149 1053 exhortando
2201 990 2340 1053 fru-

386 1082 522 1141 stra
585 1077 655 1139 in
717 1084 994 1140 ventum
1060 1076 1405 1158 proiicitur
1461 1076 1675 1140 omnis
1733 1075 1935 1141 labor.
2037 1074 2342 1157 Respon-

384 1161 533 1239 de0‚
594 1182 713 1226 666
773 1181 912 1225 666
976 1164 1190 1246 magis
1245 1182 1510 1245 operam
1576 1160 1834 1238 ludere,
1910 1180 2110 1244 quam
2167 1161 2340 1244 agri-

382 1248 585 1327 colas,
642 1247 800 1312 dum
853 1255 1102 1313 terram
1171 1254 1366 1313 arant
1423 1268 1499 1313 ac
1550 1248 1898 1312 seminant.
2001 1244 2341 1328 Scriptum

381 1341 481 1401 est
544 1334 747 1398 enim:
829 1330 1230 1410 Seminabis,
1302 1341 1371 1397 et
1431 1352 1565 1397 non
1622 1333 1888 1417 colliges
1945 1332 2176 1415 (Deut.
2237 1337 2338 1410 28,

383 1424 461 1486 38
474 1445 489 1499 ;
547 1420 749 1486 Mich.
811 1424 868 1498 6,
934 1420 1059 1504 15).
1164 1418 1316 1501 Quo
1379 1419 1818 1503 significatur,
1890 1419 2140 1484 frustra
2197 1439 2340 1485 esse

378 1527 640 1572 omnem
697 1506 1018 1581 laborem,
1084 1507 1228 1571 sinc
1284 1503 1734 1571 benedictione
1781 1504 1929 1570 Dei.
2032 1504 2162 1570 Ubi
2223 1526 2339 1570 au-

377 1602 513 1658 tem
568 1591 756 1657 labor
823 1611 1199 1658 successum
1254 1590 1480 1669 habet,
1547 1599 1622 1656 ut
1675 1588 1831 1655 inde
1899 1592 2150 1656 fructus
2207 1589 2339 1656 col-

376 1680 648 1765 ligatur,
720 1680 1037 1762 scriptum
1096 1689 1223 1743 est:
1302 1678 1449 1761 Ego
1517 1675 1867 1742 exaudiam
1925 1676 2212 1757 coelum,
2273 1686 2341 1741 et

376 1764 629 1833 coelum
674 1764 981 1831 exaudiet
1021 1770 1299 1843 terram,
1340 1774 1409 1829 et
1465 1770 1648 1828 terra
1688 1760 2000 1828 exaudiet
2052 1764 2339 1828 frumen-

281 1824 689 2004 ‘Qffiloem
720 1856 776 1931 2,
804 1854 934 1935 21).
1002 1851 1150 1915 Iam
1196 1849 1383 1916 audis
1429 1850 1676 1933 absque
1711 1849 1840 1914 Dei
1880 1846 2337 1915 benedictione

544 1940 565 2002 i
613 1958 754 2004 esse
799 1957 1059 2002 omnem
1104 1938 1413 2002 laborem.
1492 1935 1623 2001 Ubi
1665 1943 1885 2000 autem
1920 1936 2174 2000 fructus
2218 1935 2337 2000 ali-

372 2025 520 2109 quis
557 2025 871 2107 sequitur,
906 2023 1062 2087 inde
1099 2023 1467 2107 provenire,
1502 2021 1678 2105 quod
1712 2020 2044 2086 Dominus
2082 2021 2337 2087 eoelum

373 2111 762 2189 exaudierit,
806 2118 884 2176 ut
923 2118 1172 2175 terram
1214 2108 1603 2174 foecundam
1646 2107 1971 2173 redderet.
2041 2108 2335 2190 Expres-

372 2199 509 2263 sius
557 2197 775 2262 adhue
817 2196 1110 2279 loquitur
1150 2196 1341 2261 Deus
1384 2193 1569 2274 alibi,
1623 2216 1827 2277 quum
1871 2193 2060 2273 dicit,
2109 2215 2178 2258 se
2219 2213 2336 2277 po—

368 2284 607 2367 pulum
661 2304 857 2348 suum
912 2283 1282 2348 exercuisse
1345 2281 1418 2345 in
1473 2279 1765 2357 deserte,
1823 2300 1910 2345 ne
1965 2300 2169 2363 quum
2223 2300 2336 2345 ve-

369 2370 583 2435 nisset
628 2371 698 2433 in
755 2382 1003 2434 terram
1057 2367 1185 2434 sibi
1243 2369 1666 2452 1116161666111,
1726 2366 1973 2432 (1166161
2026 2366 2100 2431 16
2143 2364 2336 2431 661(16

366 2476 517 2522 suo:
564 2454 914 2521 Fortitudo
955 2474 1106 2520 mea
1149 2464 1217 2519 et
1258 2453 1462 2519 robur
1501 2473 1740 2518 manus
1774 2473 1961 2517 meae
1993 2452 2160 2517 haec
2195 2472 2336 2516 om·

366 2543 484 2607 nia
561 2542 726 2606 mihi
798 2543 1277 2624 praestiterunt
1330 2540 1561 2622 (Deut.
1610 2544 1670 2617 8,
1725 2539 1848 2622 17).
1940 2536 2146 2603 Vides
2203 2537 2337 2604 illic

368 2628 598 2694 Deum
639 2630 860 2693 omnia
902 2629 1246 2728 perficere,
1306 2633 1375 2691 et
1416 2626 1816 2703 necessario,
1875 2623 1997 2690 1166
2042 2632 2169 2702 661,
2218 2645 2334 2707 1116

363 2734 490 2780 6116
546 2713 979 2796 provident1a.
1071 2711 1252 2795 Quid
1297 2719 1428 2790 est,
1474 2709 1648 2794 quod
1688 2730 1961 2775 manum
2008 2710 2331 2793 agricolae

363 2807 548 2865 terra
582 2805 950 2883 exspectat,
996 2801 1181 2866 cuius
1221 2804 1359 2863 tota
1399 2797 1705 2863 fertilitas
1751 2818 1888 2861 non
1921 2795 2050 2861 nisi
2084 2817 2170 2861 ex
2203 2796 2336 2861 Dei

360 2885 819 2952 benedictione
860 2885 1001 2951 est?
1094 2885 1350 2968 Nempe
1392 2885 1548 2966 quia
1591 2885 1683 2949 sic
1739 2882 1927 2947 Deus
1982 2881 2328 2947 ordinavit.

359 2976 512 3052 [pag.
557 2977 664 3050 29]
709 2972 1055 3037 Proferam
1109 2971 1393 3035 alterum
1443 2990 1700 3053 quoque
1746 2969 1990 3043 simile,
2048 2968 2161 3033 scd
2218 2967 2331 3032 ad-

358 3058 494 3126 huc
557 3058 818 3125 clarius.
909 3058 1219 3122 Testatur
1260 3056 1625 3132 Dominus,
1686 3076 1786 3135 se,
1846 3076 2049 3138 quum
2092 3073 2252 3119 man
2296 3075 2332 3119 e

359 3145 547 3213 66616
577 3144 850 3228 plueret,
889 3150 1284 3227 perpetuum
1325 3142 1790 3208 documentum
1814 3141 2112 3218 edidisse,
2161 3140 2333 3223 quod

354 3253 497 3298 non
562 3232 635 3296 in
679 3231 816 3297 solo
858 3251 1027 3314 pane
1066 3230 1252 3294 vivat
1293 3228 1523 3306 home,
1584 3226 1699 3294 sed
1742 3230 1810 3292 in
1859 3228 2106 3292 virtute
2149 3227 2334 3293 verbi

1871 455 2001 521 DE
2045 452 2401 521 LIBERO
2443 453 2920 522 ARBITRIO.

4285 464 4408 526 254

2449 666 2663 710 unum
2700 665 2844 711 esse
2880 665 3000 729 pro
3040 644 3359 711 omnibus.
3414 643 3489 712 Si
3525 647 3669 729 quis
3696 654 3998 713 nostrum
4026 647 4411 732 simpliciter

2448 734 2547 796 ita
2571 730 2835 808 diceret,
2863 731 3035 796 nihil
3058 753 3200 797 esse
3225 733 3334 814 qui
3360 732 3564 809 docet,
3592 732 3758 797 nihil
3781 754 3922 799 esse
3947 735 4057 817 qui
4079 734 4405 815 hortatur,

2448 818 2685 900 quibus
2727 818 2981 883 facibus
3026 840 3177 883 suas
3223 820 3291 882 in
3338 839 3460 883 nos
3503 819 3707 884 furias
3749 819 4030 903 Pighius
4074 821 4404 888 armaret?

2448 905 2645 969 Nunc
2707 905 2779 968 iu
2845 904 3131 969 Paulum
3207 904 3439 970 dentes
3506 926 3660 970 suos
3713 905 4050 990 paulisper
4104 909 4405 992 stringat.

2448 988 2748 1070 Quaerat
2789 1011 2908 1073 per
2945 990 3327 1071 ludibrium,
3370 990 3529 1073 quid
3573 1012 3644 1056 se
3679 992 3775 1055 ita
3816 992 4157 1058 scribendo
4201 1002 4268 1059 et
4311 994 4410 1060 lo·

2446 1075 2707 1159 quendo
2751 1075 3096 1141 conficiat?
3139 1098 3258 1143 cur
3301 1084 3401 1140 tot
3434 1076 3666 1142 subeat
3708 1077 4007 1144 labores?
4054 1085 4155 1143 tot
4197 1102 4267 1145 se
4303 1101 4411 1162 pe-

2446 1162 2673 1227 riculis
2717 1160 3015 1227 obiiciat?
3074 1169 3173 1227 tot
3213 1163 3531 1229 molestiis
3586 1171 3655 1227 et
3696 1165 3873 1230 611116
3918 1187 3987 1229 66
4033 1166 4405 1232 excruciet?

2445 1247 2705 1312 nullum
2765 1248 3125 1314 cursitandi
3184 1250 3385 1314 finem
3428 1249 3669 1315 faciat?
3728 1250 3786 1315 si
3831 1250 3991 1316 11666
4037 1252 4263 1316 6611116
4306 1251 4409 1316 61-

2445 1333 2541 1398 hil
2588 1341 2761 1398 61161.
2851 1333 2979 1398 Η16
3024 1336 3326 1400 6166111116
3369 1335 3723 1417 respondet
3763 1336 4049 1416 Paulae,
4097 1358 4168 1403 se
4212 1338 4408 1420 spiri-

2443 1428 2554 1485 tus
2599 1419 2842 1485 habere
2886 1421 3356 1498 ministerium,
3413 1442 3540 1503 quo
3598 1422 3924 1506 evangelii
3978 1423 4409 1505 praedicatio-

2444 1527 2599 1571 nem
2643 1504 2961 1569 inscribat
3006 1506 3349 1571 hominum
3396 1514 3541 1586 [pag.
3584 1513 3692 1585 36]
3736 1508 4060 1587 6611111166,
4107 1530 4239 1574 666
4285 1530 4408 1593 per

2443 1611 2631 1657 suam
2668 1591 3065 1657 industriam
3100 1601 3166 1656 et
3201 1612 3487 1675 operam,
3525 1593 3632 1659 vel
3670 1595 3953 1676 propri0‚
3991 1595 4164 1677 quod
4201 1595 4408 1676 aiunt,

2442 1685 2674 1756 marte,
2723 1677 2838 1742 sed
2881 1678 3125 1760 spiritu
3149 1678 3280 1743 Dei
3315 1680 3450 1743 vivi
3497 1679 3565 1763 (2
3594 1679 3742 1744 Cor.
3771 1685 3831 1758 3,
3864 1684 3921 1745 3.
3952 1680 4040 1763 6).
4108 1680 4254 1745 Iam
4291 1703 4406 1747 au-

2443 1762 2575 1841 dis,
2632 1762 2809 1828 unde
2852 1765 2940 1828 sit
2981 1765 3272 1830 efficacia
3312 1765 3698 1830 ministerii:
3756 1787 3993 1848 nempe
4038 1788 4121 1831 ex
4165 1787 4408 1834 arcana

2441 1849 2714 1932 spiritus
2754 1850 2965 1914 sancti
3007 1850 3280 1929 actione,
3326 1872 3461 1916 non
3498 1851 3784 1916 hominis
3825 1852 4064 1931 labore,
4112 1860 4230 1917 aut
4265 1862 4406 1918 stu-

2443 1935 2570 2000 dio.
2660 1933 2874 2000 Audis
2917 1944 3291 2018 praeterea,
3351 1957 3484 2001 non
3528 1939 3724 2002 inane
3773 1959 3914 2003 esse
3953 1937 4101 2003 ideo
4154 1940 4406 2005 instru-

2440 2029 2758 2097 mentum,
2801 2043 2928 2103 quo
2972 2021 3056 2085 ad
3100 2021 3509 2105 implendum
3556 2044 3720 2106 opus
3757 2044 3949 2089 61111111
3994 2044 4232 2090 manus
4274 2026 4407 2090 Dei

2440 2108 2670 2172 utitur.
2731 2106 2926 2173 Hanc
2968 2107 3174 2191 igitur
3219 2128 3406 2172 suam
3453 2108 3899 2174 defensionem
3938 2118 4204 2176 sanctus
4250 2132 4407 2195 apo-

2441 2194 2649 2258 stolus
2693 2193 2883 2259 nobis
2926 2214 3182 2276 quoque
3218 2192 3661 2259 accommodet
3702 2195 3775 2258 in
3818 2198 4151 2261 communi
4187 2218 4403 2264 eausa.

2442 2277 2722 2360 Quaerit
2776 2280 3091 2363 Pighius,
3160 2300 3474 2362 quorsum
3539 2287 3764 2344 noster
3807 2280 3878 2344 in
3933 2280 4277 2346 scribendo
4337 2291 4405 2347 et

2440 2365 2887 2431 concionando
2946 2365 3157 2444 labor,
3216 2367 3271 2430 si
3322 2365 3549 2445 home,
3618 2372 3771 2431 ante
3825 2365 4053 2444 fidem,
4112 2365 4405 2433 Satanae

2440 2451 2727 2517 vinculis
2770 2451 3068 2534 captivus
3107 2457 3389 2531 tenetur,
3436 2460 3512 2516 ut
3555 2472 3788 2516 sanam
3825 2450 4191 2517 doctrinam
4233 2455 4401 2519 reci-

2439 2558 2596 2620 pere
2640 2544 2833 2620 atque
2879 2538 3187 2620 amplecti
3230 2558 3348 2619 per
3389 2558 3460 2602 se
3504 2544 3790 2620 nequeat
3800 2561 3817 2617 ;
3858 2536 3971 2603 ubi
4014 2545 4236 2603 autem
4273 2539 4403 2605 Dei

2439 2623 2679 2707 spiritu
2722 2623 3149 2703 illuminatur,
3197 2624 3548 2690 efficaciter
3592 2631 3659 2688 et
3700 2625 4066 2690 necessario
4108 2644 4255 2690 eam
4298 2646 4404 2691 re-

2440 2709 2639 2793 cipit?
2687 2708 3111 2793 Respondeat
3145 2709 3253 2775 hic
3270 2710 3552 2776 Paulus:
3594 2709 3751 2793 quia
3776 2709 4192 2794 evangelium
4215 2709 4403 2776 Deus

2438 2795 2512 2859 in
2544 2796 2722 2862 hunc
2768 2797 2967 2861 finem
3008 2794 3396 2873 destinavit,
3442 2804 3520 2861 ut
3550 2817 3671 2879 per
3701 2795 3917 2878 ipsum
3950 2797 4260 2880 spiritum
4299 2798 4403 2862 sui

2438 2882 2754 2948 virtutem
2799 2888 3133 2947 exsereret
3167 2881 3388 2966 (Rom.
3434 2887 3486 2957 l,
3520 2887 3626 2961 163
3670 2880 3878 2946 lCor.
3928 2887 3978 2959 l,
4024 2884 4150 2965 18).
4222 2880 4404 2962 Quid

2439 2967 2724 3049 amplius
2782 2968 2921 3032 vis?
3014 2966 3211 3033 Solus
3266 2981 3365 3050 est
3424 2967 3609 3032 Deus
3663 2967 3776 3050 qui
3836 2968 4000 3050 agit:
4078 2966 4192 3032 sed
4251 2970 4405 3050 quia

2437 3053 2712 3136 spiritus
2747 3054 2849 3119 6111
2887 3055 3200 3119 virtutem
3238 3051 3713 3137 quodammodo
3736 3051 3806 3117 in
3843 3053 4171 3138 evangelii
4209 3074 4402 3137 prae-

2437 3139 2764 3206 dicatione
2806 3139 3125 3205 inclusam
3164 3161 3306 3205 esse
3348 3139 3578 3218 voluit,
3615 3161 3748 3203 non
3784 3160 3963 3203 vana
4004 3161 4216 3222 neque
4251 3141 4403 3205 inu-

2436 3226 2572 3292 tilis
2616 3232 2719 3290 est
2761 3232 2987 3291 nostra
3024 3247 3239 3307 opera,
3287 3246 3453 3307 quae
3498 3226 3638 3290 eius
3678 3224 4131 3307 providentiae
4176 3227 4400 3291 servit.

356 3319 466 3384 sui
513 3317 748 3402 (Deut.
788 3320 848 3395 8,
896 3316 984 3400 3).
1076 3313 1152 3381 Si
1196 3336 1329 3381 non
1372 3334 1560 3399 pane,
1607 3313 1722 3379 sed
1763 3313 1968 3378 verbo
2009 3311 2137 3378 Dei
2181 3334 2333 3395 pas·
2382 3293 2388 3422 ἰ
2437 3312 2590 3377 Non
2646 3320 2746 3409 est
2800 3312 3004 3394 igitur
3061 3331 3180 3375 cur
3234 3311 3611 3411 festixsitatis
3666 3308 3930 3375 laudem
3982 3332 4066 3375 ex
4111 3311 4402 3411 scurrili-

353 3405 581 3470 eimur
622 3423 698 3469 ac
734 3402 1156 3474 sustinemur,
1202 3399 1358 3484 quid
1395 3400 1613 3466 adhuc
1657 3397 2037 3464 laboramus
2074 3398 2154 3464 de
2190 3397 2333 3465 cibo
2381 3431 2387 3494 1
2437 3405 2577 3463 tate
2621 3397 2728 3462 1116
2769 3406 3020 3479 captet,
3068 3396 3227 3461 dum
3272 3397 3462 3462 661116
3506 3417 3893 3479 16611666661
3938 3397 4213 3481 affingit,
4261 3398 4400 3464 sive

355 3500 424 3556 et
469 3489 684 3574 potu?
774 3489 1086 3572 Excipiet
1129 3486 1443 3573 Pighius,
1499 3507 1634 3550 non
1674 3484 1810 3550 solo
1854 3482 2121 3568 quidem
2163 3505 2333 3568 pane

351 3596 480 3643 nos
524 3576 791 3652 vivere,
849 3574 966 3640 sed
1009 3581 1234 3639 tamen
1291 3573 1507 3657 aliquo
1561 3571 1774 3636 modo.
1864 3571 1960 3636 At
2015 3571 2142 3636 hoc
2185 3581 2332 3636 tan-

351 3669 504 3728 tum
548 3660 852 3727 obtinere
894 3660 1071 3727 volo:
1115 3680 1328 3743 neque
1370 3678 1611 3742 panem
1654 3656 1901 3740 aliquid
1943 3676 2065 3739 per
2101 3679 2172 3723 se
2215 3678 2333 3722 va-

351 3748 499 3815 lere
517 3800 533 3828 ,
600 3755 668 3813 et
712 3746 922 3813 solam
965 3745 1096 3811 Dei
1141 3744 1662 3812 benedictionem
1719 3743 2019 3809 sufficere
2074 3743 2159 3808 ad
2213 3764 2333 3808 nos

352 3834 663 3901 alendos.
747 3832 879 3899 Ubi
924 3834 1102 3898 enim
1143 3852 1278 3896 non
1322 3829 1507 3896 adest
1559 3829 1833 3894 interior
1874 3829 1990 3893 illa
2031 3829 2159 3894 Dei
2195 3829 2333 3895 vir-

352 3928 488 4001 tus,
542 3920 718 3986 nihil
753 3918 935 3984 aliud
970 3917 1263 3985 accidere
1297 3923 1533 4000 potest,
1575 3935 1772 3998 quam
1807 3914 1979 3997 quod
2016 3916 2333 3998 scriptum

349 4015 491 4073 est:
543 4004 903 4085 Gomedes,
952 4014 1019 4070 et
1060 4026 1194 4070 666
1239 4003 1656 4070 saturaberis.
1744 3999 1947 4065 Item:
1995 4001 2174 4065 Fran

349 4093 680 4159 baculum
733 4091 925 4176 panis
984 4092 1229 4174 (Levit.
1273 4094 1377 4168 26,
1424 4088 1558 4173 26).
1647 4087 1781 4153 Ubi
1846 4093 2068 4152 autem
2126 4023 2334 4167 affi

347 4200 496 4246 11611
544 4179 773 4245 1616116
817 4177 1169 4243 efficaciter
1222 4177 1363 4243 6166
1419 4194 1622 4258 11666,
1672 4193 1868 4257 quam
1910 4193 2029 4256 per
2071 4193 2331 4256 panem,

347 4287 479 4332 1166
541 4266 731 4331 fovet
771 4284 847 4330 66
902 4270 1251 4330 sustentat.
1340 4261 1471 4328 Ubi
1525 4260 1641 4325 illa
1684 4258 2054 4343 Pighianae
2107 4279 2333 4324 conse·

346 4351 682 4436 quentiae
741 4348 1135 4416 necessitas?
1225 4349 1413 4414 Deus
1464 4346 1842 4425 efficaciter,
1918 4366 2159 4411 arcana
2213 4365 2334 4410 sua

345 4439 636 4514 virtute,
682 4437 1019 4502 hominem
1052 4435 1282 4518 pascit,
1329 4440 1526 4517 atque
1568 4431 1638 4496 id
1671 4431 1828 4496 facit
1860 4451 1983 4513 pro
2020 4453 2142 4496 sua
2183 4451 2331 4514 pro-

344 4524 686 4601 videntia,
729 4529 808 4587 ut
849 4520 1005 4587 inde
1041 4520 1326 4605 pendeat
1367 4527 1507 4584 tota
1551 4518 1692 4584 61116
1737 4516 1894 4595 vita,
1935 4538 2070 4582 non
2106 4538 2147 4581 a
2190 4517 2332 4581 cibo

342 4619 474 4677 aut
548 4615 736 4695 potu.
824 4609 1008 4693 Ergo
1075 4608 1320 4672 frustra
1378 4605 1634 4671 edimus
1703 4623 1778 4669 ac
1840 4601 2138 4668 bibimus.
2227 4602 2332 4667 Ne

344 4705 599 4764 tamen
646 4695 772 4759 sim
814 4693 1164 4778 prolixior:
1211 4691 1420 4757 tribus
1463 4691 1703 4770 verbis,
1751 4689 1962 4773 qualis
2004 4689 2207 4754 istaec
2247 4690 2335 4754 sit

339 4780 856 4865 consequentia,
902 4778 1266 4845 ostendam.
1354 4777 1542 4843 Deus
1583 4776 1761 4844 solus
1805 4775 2139 4840 hominem
2182 4795 2329 4858 pas·

341 4870 458 4936 cit.
563 4867 752 4951 Ergo
805 4887 941 4931 non
994 4866 1133 4949 agit
1173 4885 1294 4949 per
1327 4864 1575 4932 media:
1628 4865 1754 4931 hoc
1798 4869 1926 4942 661,
1983 4860 2188 4926 611Πί6
2229 4862 2330 4925 in·

340 4953 764 5021 strumentis
820 4952 1047 5017 utitur.
1138 4950 1307 5031 Quis
1366 4972 1559 5034 puer,
1628 4953 1684 5016 si
1738 4953 1832 5016 ita
1885 4947 2329 5028 ratiocinetur,

338 5062 490 5107 1166
542 5061 592 5104 a
632 5038 952 5122 magistro
995 5036 1311 5121 vapulet?
1401 5037 1598 5101 Nunc
1642 5045 1969 5120 superest,
2029 5043 2107 5100 ut
2148 5034 2329 5099 simi-

336 5126 687 5194 litudines
741 5124 904 5190 istas
959 5123 1365 5208 applicemus
1432 5120 1518 5185 ad
1571 5131 1980 5203 praesentem
2039 5139 2327 5189 causam.

336 5213 625 5281 Paulus
639 5262 654 5292 ,
711 5230 917 5293 quum
962 5210 1042 5274 de
1089 5207 1533 5293 apostolorum
1585 5206 1795 5272 officio
1844 5206 2162 5290 loquitur,
2218 5225 2331 5270 eos

335 5296 745 5367 hortulanis
766 5303 1105 5380 comparat
1123 5295 1237 5379 qui
1270 5295 1578 5378 plantant
1598 5290 1705 5359 vel
1726 5292 1966 5376 rigant.
2011 5295 2103 5358 Et
2123 5293 2332 5359 conti-

338 5408 490 5453 11116
516 5382 794 5453 6111111611
809 5404 920 5449 666
947 5382 1115 5447 nihil
1132 5402 1300 5449 esse:
1328 5379 1552 5446 Deum
1570 5378 1679 5463 qui
1701 5376 1814 5442 dat
1829 5377 2328 5460 incrementum,

2435 3485 2624 3561 bene,
2668 3484 2809 3548 sive
2844 3483 3036 3560 male,
3083 3503 3206 3548 nos
3252 3503 3445 3567 agere
3482 3483 3606 3548 hoc
3641 3482 4031 3563 6666666116,
4077 3504 4210 3548 666
4247 3502 4402 3549 con-

2437 3569 2604 3646 silio,
2652 3577 2767 3635 aut
2809 3570 3083 3634 ratione.
3171 3569 3235 3634 N
3238 3590 3310 3634 66
3349 3566 3630 3651 quidem,
3669 3568 3727 3633 si
3770 3565 3996 3647 nescit,
4042 3590 4257 3652 neque
4297 3589 4402 3633 sa-

2437 3656 2686 3739 pientia
2728 3662 2972 3734 nostra,
3015 3676 3227 3738 neque
3264 3656 3530 3719 fortuito
3573 3655 3844 3720 excitati
3879 3676 4106 3721 sumus
4151 3655 4234 3720 ad
4278 3653 4402 3720 hoc

2437 3743 2904 3820 ministerium,
2963 3739 3077 3806 sed
3122 3749 3298 3807 certo
3353 3750 3420 3805 et
3464 3740 3683 3806 stabili
3727 3740 3859 3805 Dei
3898 3741 4197 3818 consilio,
4259 3741 4400 3806 effi-

2437 3828 2706 3910 cacique
2760 3828 3031 3911 spiritus
3084 3828 3293 3893 sancti
3346 3834 3549 3892 motu.
3638 3826 3869 3910 Neque
3912 3828 4090 3893 enim
4136 3847 4405 3908 separa-

2437 3920 2579 3979 tam
2617 3912 2936 3979 habemus
2989 3915 3310 3979 rationem
3371 3934 3410 3979 a
3464 3911 3678 3978 Paulo
3697 3964 3711 3990 ,
3769 3914 3880 3995 qui
3938 3924 4007 3975 et
4046 3911 4176 3976 Dei
4220 3911 4400 3978 elec-

2438 4002 2616 4065 tione
2660 4021 2730 4066 se
2774 3999 2974 4065 fuisse
3018 4000 3099 4066 ab
3144 4007 3333 4065 utero
3377 3998 3779 4064 destinatum
3825 3995 3910 4063 ad
3951 4017 4200 4062 munus
4244 4018 4401 4081 apo-

2437 4086 2591 4151 stoli
2634 4084 2993 4168 praedicat,
3040 4104 3162 4150 nec
3205 4106 3276 4150 se
3320 4091 3474 4149 ante
3517 4084 3821 4166 coepisse,
3912 4104 4067 4146 uam
4113 4081 4252 4147 dies
4288 4105 4402 4150 ve-

2438 4173 2645 4238 nisset
2686 4192 2727 4235 a
2761 4172 2906 4236 Deo
2949 4170 3308 4237 constituta
3351 4169 3531 4253 (Gal.
3578 4173 3631 4244 l,
3678 4173 3752 4231 15
3790 4218 3804 4233 .
3951 4167 4032 4231 ed
4074 4168 4233 4251 quid
4279 4169 4402 4236 hoc

2438 4256 2523 4322 ad
2576 4256 2907 4324 insulsum
2963 4256 3191 4340 Pighii
3248 4253 3640 4321 dicterium?
3787 4254 3951 4318 imul
4003 4255 4183 4319 enim
4237 4255 4400 4321 certi

2437 4364 2666 4409 sumus
2686 4394 2701 4421 ,
2761 4342 3122 4408 secundum
3178 4342 3350 4407 hanc
3393 4341 3522 4406 Dei
3565 4338 3945 4406 electionem
3964 4391 3980 4418 ,
4036 4361 4159 4404 nos
4202 4340 4402 4404 mini-

2393 4448 2407 4466 ·
2437 4431 2715 4494 sterium
2749 4448 3074 4506 exercere,
3114 4435 3182 4492 et
3213 4429 3275 4493 ei
3309 4434 3679 4510 acceptum,
3718 4433 3787 4491 et
3818 4427 3886 4490 in
3922 4424 4202 4491 salutem
4238 4424 4400 4490 fide-

2438 4514 2600 4579 lium
2647 4514 2898 4594 efficax,
2937 4522 3008 4579 et
3051 4513 3364 4581 ecclesiae
3401 4513 3706 4578 salutare.
3780 4513 4021 4594 Atque,
4065 4518 4143 4575 ut
4182 4510 4399 4576 verbis

2437 4601 2638 4666 etiam
2682 4601 3049 4685 Augustini
3076 4600 3128 4685 ¹)
3172 4600 3435 4683 loquar,
3480 4598 3913 4665 exhortamur
3953 4607 4021 4661 et
4062 4596 4398 4679 praedica·

2435 4707 2606 4767 mus,
2652 4693 2729 4751 ut
2770 4687 2881 4768 qui
2928 4706 3123 4753 aures
3168 4685 3418 4752 habent
3460 4683 3799 4762 audiendi,
3848 4682 4155 4759 audiant3
4201 4689 4398 4766 atque

2435 4772 2581 4838 ideo
2624 4772 2902 4837 facimus
2918 4822 2933 4850 ‚
2981 4772 3135 4855 quia
3175 4773 3419 4839 seimus
3456 4770 3684 4855 paucis
3728 4790 3871 4835 esse
3915 4768 4265 4848 donatum,
4322 4776 4401 4834 ut

2437 4860 2581 4924 sine
2626 4858 2916 4923 hominis
2959 4858 3324 4924 ministerio
3370 4857 3776 4940 intelligant:
3833 4861 3980 4934 [pag.
4021 4859 4126 4935 31]
4173 4854 4399 4920 multis

2436 4965 2594 5010 vero
2629 4942 2701 5008 id
2739 4963 2883 5010 esse
2918 4942 3255 5020 donatum,
3300 4951 3378 5009 ut
3410 4944 3556 5009 Deo
3601 4962 3719 5025 per
3763 4941 4063 5007 homines
4108 4940 4396 5007 credant.

2436 5028 2750 5112 Quolibet
2793 5041 3019 5095 tamen
3062 5030 3257 5096 modo
3312 5029 3791 5096 annunciemus
3846 5026 4224 5093 hominibus
4267 5025 4398 5090 Dei

2434 5117 2747 5268 verbuss,e
2774 5116 3008 5199 procul
3050 5115 3267 5197 dubio,
3312 5116 3427 5200 qui
3471 5115 3567 5181 sic
3610 5113 3796 5180 audit
3837 5123 3913 5180 ut
3956 5111 4237 5192 obediat,
4283 5110 4397 5176 do-

2435 5225 2597 5268 num
2750 5202 2771 5267 i
2815 5215 2935 5270 est.

2578 5391 2639 5459 1)
2676 5392 2760 5447 De
2798 5392 2942 5448 bono
2979 5391 3431 5461 perseverantiae.
