4999 6179
355 466 477 530 237

355 671 466 721 sae
517 654 845 735 gravitate
903 653 1184 719 alienus:
1246 654 1505 720 etiamsi
1558 655 1702 720 eius
1746 652 2054 739 dignitati
2095 657 2316 723 minus

355 737 786 820 undecunque
829 738 1242 822 respondeat.

528 822 682 906 Quo
736 832 993 901 tamen,
1052 827 1446 908 comparatis
1487 826 1665 890 inter
1709 845 1781 890 66
1816 827 1982 892 111616
2026 835 2094 891 et
2136 826 2316 893 illius

356 912 650 994 scriptis,
698 910 953 976 facilius
1011 931 1087 976 ac
1142 910 1386 976 certius
1430 909 1751 976 iudicium
1804 912 2019 977 facere
2074 922 2318 994 queant

351 998 631 1064 lectores
645 1048 661 1076 ,
706 1006 774 1062 et
816 996 1004 1079 quasi
1045 1015 1273 1061 rerum
1317 1016 1613 1062 summas
1653 995 1862 1080 digito
1905 1004 2133 1063 notare
2149 1048 2165 1075 ,
2208 1017 2314 1063 or-

356 1083 579 1149 dinem
633 1104 709 1149 ac
763 1081 1287 1165 dispositionem,
1356 1103 1554 1165 quam
1608 1081 1749 1165 ipse
1813 1082 2190 1150 observavit
2240 1083 2314 1147 in

355 1192 476 1236 suo
533 1189 760 1253 opere,
830 1188 1083 1251 sequar.
1175 1167 1467 1232 Tantum
1518 1167 1644 1233 hoc
1701 1168 1830 1232 erit
1882 1167 2310 1234 discriminis:

355 1255 530 1340 quod
567 1275 770 1339 quum
823 1252 1166 1321 venditare
1209 1273 1281 1319 66
1322 1254 1674 1338 magnifico
1714 1254 2066 1319 verborum
2111 1275 2311 1337 appae

354 1349 509 1407 ratu
551 1340 865 1417 voluerit,
911 1358 1035 1424 ego
1063 1337 1466 1423 ‘compendio
1509 1359 1585 1415 ac
1627 1338 2050 1421 simplicitati,
2096 1340 2312 1423 quoad

352 1426 591 1507 licebit,
638 1424 937 1492 studebo:
987 1424 1222 1490 deinde
1265 1445 1468 1509 quum
1520 1425 1897 1491 thrasonico
1941 1446 2060 1491 6110
2115 1426 2308 1504 fastu,

356 1533 432 1580 ac
473 1512 823 1579 virulentis
861 1513 934 1576 in
985 1532 1107 1576 nos
1149 1511 1460 1578 conviciis
1514 1510 1759 1575 multas
1800 1511 2076 1595 paginas
2119 1530 2310 1576 occu-

354 1600 647 1683 paverit,
703 1599 780 1662 in
820 1596 946 1663 hoc
989 1617 1246 1679 quoque
1288 1617 1530 1680 genere
1571 1596 1856 1662 libenter
1897 1597 1995 1661 illi
2043 1601 2191 1676 [pag.
2241 1600 2308 1675 6]

356 1683 603 1752 cedam.
691 1683 879 1749 Nihil
951 1683 1129 1748 enim
1182 1682 1288 1748 vel
1343 1681 1592 1747 Christi
1664 1682 1910 1765 gloriae
1976 1681 2307 1761 decedere,

353 1770 465 1837 vel
505 1770 826 1835 bonorum
881 1768 1353 1833 existimationi
1405 1767 1633 1832 obesse
1675 1774 1864 1852 puto,
1925 1768 1982 1832 si
2024 1767 2310 1852 Pighius

355 1855 644 1922 disertus
684 1854 1084 1920 conviciator
1126 1861 1196 1918 et
1237 1854 1352 1931 sit,
1409 1862 1477 1918 et
1515 1863 1825 1919 vocetur:
1868 1852 2063 1918 modo
2107 1852 2309 1919 simul

356 1962 586 2009 omnes
628 1940 1009 2024 intelligant
1022 1991 1035 2015 ,
1096 1959 1249 2004 eum
1303 1939 1551 2004 furiosa
1591 1939 1834 2021 partim
1876 1937 2308 2005 maledicendi

355 2027 661 2107 libidine,
718 2028 962 2110 partim
1006 2033 1152 2090 atra
1195 2025 1342 2105 bili,
1409 2024 1516 2090 vel
1569 2024 1791 2108 potius
1835 2026 2058 2089 mania
2098 2027 2308 2108 perci-

349 2122 519 2193 tum,
563 2114 697 2179 huc
739 2112 898 2178 illuc
943 2111 1125 2177 nullo
1170 2109 1429 2176 delectu
1472 2111 1741 2193 raptari.

526 2202 627 2265 Ac
680 2198 1000 2282 principio
1052 2218 1218 2279 quae
1270 2198 1342 2261 in
1396 2215 1516 2262 sua
1569 2195 1652 2261 ad
1697 2194 2080 2262 Sadoletum
2138 2198 2309 2280 epis-

349 2285 490 2352 tola
522 2292 778 2357 tractat,
827 2283 1090 2349 tametsi
1123 2303 1256 2346 non
1299 2290 1457 2347 sunt
1487 2280 1685 2347 huius
1720 2281 2121 2366 quaestionis
2158 2302 2309 2364 pro-

349 2372 519 2455 pria,
565 2373 719 2453 quia
753 2377 979 2435 tamen
1010 2368 1093 2433 ad
1113 2365 1684 2452 praegravandum
1713 2376 2008 2432 nostram
2044 2388 2311 2433 causam

349 2464 653 2541 spectant
666 2508 682 2535 ,
738 2455 949 2521 obiter
1003 2452 1467 2537 expendamus.
1555 2454 1846 2519 Miratur
1894 2472 1970 2518 ac
2015 2452 2312 2536 deplorat

348 2543 639 2626 Pighius
696 2541 1096 2608 Germaniae
1155 2560 1314 2605 suae
1349 2549 1736 2622 stuporem,
1797 2558 1966 2621 quae
2018 2541 2309 2622 potuerit

349 2627 434 2693 ad
493 2627 860 2695 doctrinam
912 2636 1208 2691 nostram
1262 2625 1677 2691 commoveri.
1765 2625 1903 2690 Nos
1958 2625 2136 2690 enim
2190 2646 2308 2690 ne-

345 2714 604 2798 gotium
649 2734 733 2797 ag
853 2712 919 2778 di
960 2712 1158 2795 longe
1201 2711 1550 2789 difficilius,
1595 2731 1795 2794 quam
1836 2711 1993 2775 olim
2033 2712 2312 2776 fecerint

346 2800 662 2882 apostoli:
763 2798 956 2864 einde
1011 2797 1484 2863 absurdissima
1541 2796 1799 2875 docere,
1870 2804 1937 2862 et
1993 2795 2305 2881 quidquid

346 2885 510 2950 olim
555 2885 846 2950 alienum
900 2905 940 2949 a
978 2903 1138 2949 vera
1190 2883 1456 2965 pietatis
1499 2882 1730 2967 regula
1774 2884 2128 2950 commenti
2174 2884 2309 2949 sint

343 2969 680 3049 haeretici,
726 2973 807 3037 ab
851 2969 1078 3035 inferis
1119 2989 1461 3034 revocare:
1505 2969 1638 3033 imo
1682 2989 1992 3051 superare
2015 2970 2306 3035 omnium

345 3055 812 3123 deliramenta:
859 3064 928 3122 et
969 3063 1191 3121 tamen
1238 3053 1423 3134 nihil,
1471 3053 1578 3120 vel
1620 3055 1691 3118 in
1717 3056 2000 3137 speciem
2041 3055 2305 3136 habere,

343 3142 524 3226 quod
563 3143 729 3208 falso
777 3142 1011 3207 saltem
1065 3139 1412 3223 splendore
1457 3140 1758 3206 homines
1805 3142 2013 3224 possit
2054 3143 2302 3209 fallere.

343 3228 581 3310 Neque
618 3229 794 3293 enim
817 3228 925 3294 vel
954 3227 1268 3302 doctrina,
1315 3225 1420 3290 vel
1457 3225 1780 3302 facundia,
1823 3226 1934 3291 vel
1960 3229 2308 3294 sanctitate

342 3316 527 3379 vitae
564 3313 913 3392 excellere,
960 3333 1126 3396 quae
1171 3312 1516 3377 hominum
1545 3312 1977 3376 attentionem
2023 3316 2307 3380 excitare

217 3390 232 3405 ⁵
343 3399 602 3465 debeat.
657 3402 878 3483 Atque
898 3409 974 3463 ut
995 3399 1119 3463 hoc
1142 3396 1375 3462 melius
1398 3395 1772 3481 amplificet,
1799 3397 2089 3462 ostendit
2110 3420 2307 3482 quam

341 3485 577 3568 inepta
619 3486 708 3550 sit
749 3505 825 3551 ac
868 3494 1289 3568 praepostera
1332 3490 1559 3547 nostra
1602 3483 1838 3565 agendi
1885 3485 2070 3548 ratio.
2169 3485 2304 3552 Re·

339 3569 644 3653 spondeo
688 3569 993 3646 breviter,
1039 3569 1237 3634 nimis
1275 3567 1608 3650 stupidum
1645 3589 1789 3634 esse
1813 3568 2148 3652 Pighium,
2194 3574 2306 3654 qui

339 3676 489 3721 non
543 3665 857 3740 agnoscat
909 3655 1166 3720 illustre
1219 3675 1294 3719 ac
1351 3654 1774 3719 manifestum
1845 3675 1988 3720 6666
2043 3654 2305 3722 divinae

335 3743 682 3826 potentiae
723 3741 1134 3818 miraculum,
1190 3738 1382 3823 quod,
1426 3738 1588 3805 velit
1629 3740 1815 3819 nolit,
1861 3742 2088 3806 mirari
2131 3745 2306 3827 cogi-

337 3837 476 3894 tur.
568 3827 739 3892 Nam
795 3849 923 3911 quo
965 3847 1087 3892 nos
1140 3828 1361 3891 minus
1402 3824 1568 3890 bene
1622 3828 1983 3908 comparati
2025 3829 2306 3895 instruc-

336 3915 533 3999 tique
592 3934 823 3979 sumus
880 3913 963 3979 ad
1008 3919 1269 3978 tantum
1322 3919 1586 3993 tamque
1644 3911 1923 3976 arduum
1981 3932 2174 3996 opus,
2232 3938 2308 3982 eo

333 4001 564 4085 magis
597 4001 946 4083 perspicua
980 3998 1196 4064 elucet
1226 3996 1358 4062 Dei
1394 3999 1625 4076 virtus,
1661 4019 1828 4079 01166
1862 4018 1982 4081 per
2016 4008 2310 4072 nostram

332 4087 803 4152 infirmitatem
850 4092 1063 4151 totum
1117 4083 1340 4149 orbem
1397 4084 1702 4148 concutit.
1794 4083 1988 4164 Quod
2045 4085 2103 4151 si
2144 4088 2309 4153 istae

243 4213 250 4226 ·
334 4172 574 4257 Pighii
636 4173 1081 4254 querimoniae
1135 4172 1208 4234 in
1261 4169 1708 4251 apostolorum
1773 4176 2033 4253 tempus
2089 4173 2308 4237 confe-

331 4265 615 4335 rantur,
685 4256 864 4324 dicas
929 4256 1405 4340 Porphyrium,
1484 4265 1602 4319 aut
1667 4255 1953 4338 aliquem
2026 4256 2231 4323 alium
2256 4261 2306 4337 ¹)

334 4365 424 4409 ex
489 4343 610 4408 illa
662 4343 928 4408 cohorte
976 4343 1172 4426 loqui.
1261 4340 1493 4425 Itaque
1548 4362 1633 4407 ne
1688 4341 1796 4408 hic
1851 4341 2110 4426 longior
2161 4344 2305 4424 sim,

331 4429 758 4513 respondebo
802 4451 886 4495 ex
929 4448 1041 4494 ore
1076 4427 1304 4493 Pauli:
1351 4450 1471 4494 nos
1515 4427 1795 4493 libenter
1836 4429 2046 4509 fateri,
2094 4437 2190 4494 tot
2232 4451 2307 4496 60

329 4523 540 4581 tanta
580 4515 911 4597 praesidia
944 4515 1133 4580 nobis
1167 4515 1441 4580 minime
1475 4521 1841 4597 suppetere,
1910 4536 2033 4580 uae
2054 4514 2138 4580 ad
2160 4524 2307 4581 tan-

334 4609 493 4666 tam
538 4600 783 4665 molem
827 4599 1282 4666 sustinendam
1326 4600 1687 4665 sufficiant:
1743 4621 1830 4682 qu
1974 4600 2308 4669 doctrinae

327 4694 617 4752 nostrae
670 4686 918 4753 veritas
961 4708 1038 4754 ac
1081 4685 1246 4750 fides
1287 4705 1421 4749 non
1465 4684 1863 4767 eloquentia,
1921 4695 2036 4751 aut
2088 4687 2308 4753 erudi-

330 4773 529 4838 tione
572 4773 856 4856 propria,
916 4772 1032 4838 sed
1076 4769 1403 4853 spirituali
1446 4770 1574 4835 Dei
1617 4770 1868 4837 virtute
1909 4773 2182 4840 fundata
2224 4775 2311 4839 sit

330 4858 362 4933 (
365 4861 407 4922 2
451 4857 612 4924 Gor.
652 4862 711 4936 2,
755 4862 862 4937 16;
919 4866 946 4922 1
991 4857 1141 4925 Cor.
1183 4860 1241 4936 2,
1288 4858 1378 4938 4).
1469 4855 1754 4923 oausam
1799 4867 1975 4925 certe
2021 4858 2305 4925 validam

327 4964 410 5011 ac
473 4943 719 5008 fortem
772 4965 915 5010 esse
958 4951 1249 5027 oportet,
1308 4962 1472 5025 quae
1515 4962 1653 5006 non
1696 4943 2040 5011 hominum
2085 4954 2306 5029 patro-

327 5029 555 5106 cinio,
611 5050 746 5094 non
789 5033 1083 5096 externis
1128 5026 1526 5112 quibuslibet
1568 5032 1718 5106 [pag.
1761 5035 1825 5108 7]
1870 5029 2303 5110 adminiculis,

319 5114 453 5182 sed
499 5113 648 5181 sola
688 5135 810 5180 sua
851 5116 1139 5182 bonitate
1181 5114 1456 5181 suffulta
1495 5114 1824 5180 consistat.

482 5388 551 5456 1)
590 5388 769 5458 alium,
806 5403 906 5443 om.
944 5389 1024 5444 ed.
1065 5389 1244 5448 Besae
1277 5386 1416 5442 1576
1450 5394 1498 5442 ετ
1534 5401 1676 5457 seqq.

1850 468 1978 532 DE
2021 466 2377 535 LIBERO
2421 468 2896 536 ARBI'PRIO.

4253 483 4379 544 238

2595 658 2878 723 Desinat
2917 680 3074 744 ergo
3118 669 3386 742 stupere
3428 662 3731 746 Pighius,
3776 664 3957 731 unde
4000 665 4165 731 11660
4208 688 4382 734 nova

2421 749 2490 807 et
2534 743 2836 808 inaudita
2890 743 3226 811 doctrinae
3283 754 3548 814 nostrae
3591 749 3910 816 efficacia:
3968 751 4231 835 quando
4271 774 4381 819 res
4466 784 4471 791 ·

2418 828 2564 910 ipsa
2623 828 2893 907 clamat,
2960 850 3096 896 non
3139 831 3519 898 Lutherum
3562 835 3754 899 initio
3810 835 4190 920 loquutum,
4255 838 4371 904 sed

2420 913 2643 978 Deum
2676 935 2799 996 per
2840 936 2913 981 os
2956 917 3110 982 eius
3138 917 3558 1000 fulminasse3
3615 942 3828 1004 neque
3870 943 3991 988 nos
4045 921 4240 990 hodie
4281 924 4379 989 lo-

2417 1001 2558 1082 qui,
2626 999 2743 1065 sed
2798 1001 3022 1066 Deum
3076 1024 3113 1068 6
3182 1004 3360 1069 00610
3428 1006 3742 1071 virtutem
3814 1028 4001 1072 suam
4054 1030 4376 1076 exserere.

2418 1084 2629 1167 Atqui
2672 1106 2755 1151 ex
2799 1086 3009 1152 altera
3042 1097 3231 1170 parte
3271 1089 3695 1172 demonstrat,
3742 1101 4064 1176 quantum
4098 1094 4179 1160 ab
4224 1114 4378 1178 apo-

2417 1170 2604 1235 stolis
2649 1170 3050 1239 differamus.
3141 1175 3474 1258 Equidem
3531 1179 3588 1242 si
3645 1176 3728 1243 de
3781 1181 4081 1262 personis
4135 1182 4377 1264 agitur,

2415 1255 2623 1321 nullis
2664 1255 2884 1323 verbis
2928 1261 3087 1324 satis
3132 1262 3416 1343 exprimi
3457 1271 3688 1346 potest,
3737 1272 3995 1347 quanto¹
4025 1265 4379 1332 intervallo

2416 1361 2538 1441 nos
2590 1340 2693 1405 illi
2744 1344 3183 1425 praecellant:
3248 1347 3363 1411 sed
3416 1350 3487 1413 in
3551 1349 3787 1433 quibus
3848 1372 3965 1416 nos
4025 1350 4379 1418 dissimiles

2414 1426 2573 1525 facit
2614 1427 2912 1512 Pighius,
2957 1439 3276 1513 quantum
3321 1433 3406 1497 ad
3448 1432 3841 1514 doctrinam,
3887 1433 4030 1502 dico
4069 1457 4191 1503 nos
4236 1458 4380 1503 esse

2415 1512 2803 1580 simillimos.
2891 1515 3020 1595 Illi,
3054 1518 3289 1600 inquit,
3337 1540 3415 1583 66
3456 1520 3819 1586 narrabant
3861 1541 4029 1603 quae
4071 1520 4380 1589 viderant

2414 1598 2650 1677 0011116,
2696 1621 2864 1682 01166
2905 1602 3174 1668 auribus
3210 1603 3599 1685 hauserant,
3641 1627 3808 1689 quae
3849 1607 4188 1690 praedicta
4230 1608 4374 1672 fue-

2412 1692 2598 1762 rant,
2665 1706 2832 1767 quae
2885 1688 3122 1771 figuris
3192 1687 3602 1756 adumbrata.
3692 1691 3834 1757 Nos
3890 1700 4110 1759 autem
4166 1692 4371 1776 quid?

2413 1769 2526 1833 An
2584 1791 2835 1836 novum
2887 1774 3305 1857 evangelium
3350 1775 3767 1857 excudimus,
3823 1780 3928 1842 cui
3969 1779 4377 1861 postulemus

2412 1853 2642 1920 haberi
2685 1855 2916 1936 fidem,
2974 1856 3088 1922 1110
3133 1861 3355 1926 valere
3398 1864 3580 1928 iusso
3624 1863 3799 1946 quod
3839 1864 4110 1946 apostoli
4150 1863 4374 1947 prodi-

2413 1938 2697 2004 derunt?
2759 1941 3010 2007 Multas
3049 1953 3116 2009 et
3141 1944 3222 2010 de
3255 1947 3454 2013 rebus
3495 1949 3698 2014 variis
3732 1951 4205 2017 controversias
4252 1950 4374 2015 ha-

2413 2025 2644 2091 bemus
2702 2048 2855 2092 cum
2919 2049 3122 2113 regno
3173 2034 3431 2096 romani
3476 2034 3902 2113 Antichristi,
3972 2035 4089 2101 66(1
4144 2057 4375 2102 01111166

2412 2112 2886 2193 propemodum
2952 2136 3035 2179 ex
3102 2114 3226 2181 hoc
3292 2118 3469 2182 fonte
3537 2118 3785 2197 fluunt,
3854 2121 4030 2203 quod
4086 2120 4372 2201 Christo,

2411 2198 2754 2279 prophetis
2795 2207 2861 2262 et
2903 2201 3215 2283 apostolis
3250 2201 3657 2268 audientiam
3696 2203 3837 2269 dari
3884 2205 4208 2285 volumus,
4255 2206 4373 2273 ad-

2414 2283 2717 2361 versarii,
2773 2284 2929 2367 quia
2981 2285 3320 2352 silentium
3376 2288 3595 2370 palam
3650 2291 4002 2374 iniungere
4057 2292 4193 2356 illis
4237 2314 4374 2357 non

2415 2366 2666 2465 audent
2681 2420 2697 2447 ,
2758 2370 2898 2436 suis
2936 2374 3275 2456 figmentis
3323 2373 3538 2439 locum
3581 2374 3815 2440 iubent
3857 2375 4031 2441 dare.
4124 2377 4366 2457 Mirus,

2413 2454 2655 2535 inquit,
2734 2458 3177 2538 apostolorum
3253 2479 3607 2525 consensus
3676 2471 3820 2526 erat
3891 2462 3964 2526 in
4048 2463 4365 2528 doctrina.

2412 2535 2626 2619 Quasi
2667 2562 2824 2606 vero
2867 2563 3003 2607 non
3046 2543 3225 2610 hunc
3265 2565 3518 2629 quoque
3560 2567 3952 2612 consensum
3994 2547 4247 2613 dederit
4287 2548 4373 2613 iis

2411 2623 2760 2706 Dominus,
2797 2629 2910 2710 qui
2945 2630 3268 2714 evangelii
3292 2629 3659 2696 doctrinam
3691 2633 3765 2696 in
3789 2633 4143 2716 pristinum
4178 2655 4377 2699 suum

2408 2708 2627 2775 locum
2663 2713 3016 2780 restituere
3060 2714 3256 2780 hodie
3292 2728 3628 2782 conantur.
3685 2717 3956 2795 Aderat,
3992 2719 4224 2802 inquit,
4272 2719 4372 2784 di-

2410 2796 2605 2862 vinae
2655 2801 3048 2881 operationis
3100 2801 3204 2868 vis
3258 2810 3760 2883 praesentanea:
3816 2804 4044 2870 aderat
4099 2806 4373 2887 spiritus

2409 2881 2521 2947 1116
2564 2884 2832 2967 igneus,
2893 2888 3009 2968 qui
3053 2908 3125 2951 66
3181 2886 3443 2952 illorum
3498 2889 3817 2966 moribus,
3895 2889 4087 2955 vultu
4135 2890 4372 2957 oculis-

2412 2988 2538 3050 que
2596 2971 2955 3053 promebat.
3046 2970 3183 3038 Sed
3227 2974 3403 3037 enim
3448 2973 3613 3040 haec
3669 2983 3736 3040 et
3778 2996 4202 3059 quaecunque
4238 2977 4368 3042 alia

2412 3064 2884 3123 commemorat
2924 3056 3233 3143 Pighius,
3292 3060 3364 3125 in
3417 3059 3810 3142 apostolicae
3855 3060 4216 3141 doctrinae,
4263 3062 4372 3130 vel

2411 3142 3040 3219 commendationem
3058 3196 3073 3222 ,
3131 3143 3235 3211 vel
3292 3145 3827 3228 approbationem
3844 3197 3860 3225 ,
3915 3167 4103 3211 arma
4144 3156 4373 3214 nostra

2413 3239 2584 3292 sunt.
2678 3228 3017 3312 Quidquid
3061 3231 3240 3295 6111111
3287 3231 3629 3308 docemus,
3685 3233 3757 3295 in
3812 3231 3983 3297 hanc
4040 3255 4371 3299 summam

2411 3312 2601 3389 redit,
2632 3323 2705 3377 ut
2729 3315 3149 3398 evangelium
3190 3314 3375 3394 illud,
3421 3315 3599 3399 quod
3634 3324 3733 3382 tot
3764 3339 3803 3383 a
3837 3318 4193 3402 praeclaris
4227 3329 4370 3386 tes·

2412 3400 2703 3464 timoniis
2758 3401 3219 3466 confirmatum
3272 3402 3478 3467 fuisse
3535 3405 3959 3485 pronunciat,
4033 3426 4073 3470 a
4122 3405 4370 3470 mundo

2411 3483 2734 3550 audiatur.
2827 3483 3180 3569 Sepultum
3217 3489 3394 3552 onim
3437 3488 3660 3565 fuisse,
3707 3497 3775 3552 et
3816 3490 4008 3572 quasi
4051 3490 4371 3557 abolitum

2410 3592 2493 3635 ex
2547 3570 2891 3636 hominum
2934 3573 3286 3651 memoria,
3333 3575 3821 3656 conquerimur,
3879 3596 4097 3659 neque
4138 3577 4370 3642 imme-

2410 3656 2555 3721 rito.
2648 3657 2786 3721 Nec
2830 3657 3009 3723 aliud
3042 3659 3413 3740 quaesitum
3458 3667 3560 3724 est
3593 3681 3633 3723 a
3675 3662 3920 3726 nostris
3955 3682 4074 3744 per
4117 3661 4237 3728 hos
4271 3664 4370 3729 vi-

2410 3743 2578 3825 ginti
2620 3744 2907 3826 quinque
2943 3763 3178 3824 annos,
3265 3766 3420 3810 uam
3463 3753 3541 3809 ut
3583 3752 3721 3810 tota
3764 3748 4096 3812 contentio
4133 3750 4228 3813 sic
4271 3747 4370 3812 di·

2410 3827 2794 3908 rimeretur,
2853 3850 2935 3893 ne
2991 3830 3242 3895 homini
3335 3854 3366 3896 s
3431 3837 3578 3909 [pag.
3633 3835 3699 3907 Β]
3758 3832 4021 3897 cederet
4073 3834 4367 3912 victoria,

2412 3914 2527 3980 sed
2585 3935 2784 3997 penes
2854 3914 3221 3981 doctrinam
3274 3916 3459 3984 illam
3512 3938 3553 3981 a
3606 3916 3875 3982 Christo
3940 3924 4006 3981 et
4061 3918 4370 3999 apostolis

2412 4000 2770 4083 proditam,
2815 4009 2895 4065 ut
2934 4022 3056 4084 par
3100 4011 3268 4078 erat,
3316 4003 3533 4068 solum
3569 4011 3884 4067 maneret.
3974 4002 4170 4069 Nunc
4208 4025 4369 4087 quo-

2413 4105 2571 4167 que,
2631 4085 2687 4149 si
2730 4086 3014 4151 convicti
3070 4088 3416 4166 fuerimus,
3471 4087 3718 4170 aliquid
3760 4095 4023 4170 praeter
4066 4110 4210 4153 eam
4256 4088 4370 4154 (10-

2412 4189 2588 4248 cere,
2646 4191 2778 4236 non
2836 4171 3030 4236 modo
3070 4190 3425 4238 ‚recantare
3469 4174 3679 4254 parati
3715 4194 3972 4250 sumus,
4030 4173 4146 4239 sed
4189 4177 4371 4240 omni

2419 4256 2636 4321 studio
2688 4259 3097 4341 impugnare.
3134 4283 3141 4288 ·
3186 4259 3285 4322 Er
3329 4279 3368 4321 0
3427 4279 3629 4340 01111111
3700 4278 3741 4322 a
3793 4257 3982 4324 nobis
4050 4261 4371 4326 miracula

2412 4343 2823 4427 flagitantur,
2883 4351 2953 4409 et
3010 4344 3135 4408 alia
3180 4345 3293 4426 qui
3340 4365 3416 4409 us
3473 4342 3632 4408 olim
3689 4344 4017 4428 evangelii
4059 4346 4369 4412 maiestas

2413 4430 2668 4495 sancita
2708 4430 2853 4507 fuit,
2898 4451 3029 4493 non
3077 4429 3206 4493 alia
3259 4426 3649 4512 proferenda
3705 4438 3888 4508 sunt,
3949 4451 4146 4514 quam
4202 4452 4369 4514 quae

2412 4522 2573 4580 tunc
2620 4535 2739 4597 per
2782 4535 3017 4582 manus
3060 4515 3501 4599 apostolorum
3545 4516 3818 4581 fuerunt
3859 4514 4051 4581 edita.
4143 4515 4367 4582 Semel

2413 4601 2593 4666 enim
2636 4602 3058 4680 exstiterunt,
3117 4599 3233 4667 sed
3287 4601 3360 4665 in
3413 4609 3801 4685 perpetuam
3845 4601 4173 4685 evangelii
4216 4622 4366 4667 con-

2412 4687 2867 4753 firmationem.
2956 4688 3176 4770 Atque
3237 4686 3346 4754 hic
3409 4688 3577 4752 mihi
3631 4708 3827 4770 quam
3897 4688 4223 4770 spatiosus
4267 4686 4367 4753 di-

2412 4771 2604 4838 cendi
2662 4792 2929 4854 campus
2992 4780 3280 4855 pateret,
3345 4795 3551 4858 quum
3617 4772 3699 4837 de
3762 4773 4241 4855 ingratitudine
4291 4793 4367 4840 ac

2411 4857 2695 4937 malitia,
2754 4867 2900 4922 tum
2943 4860 3142 4922 etiam
3187 4858 3269 4924 (16
3311 4857 3723 4945 impudentia
3766 4879 4023 4938 eorum,
4082 4860 4195 4942 qui
4232 4880 4367 4924 non

2412 4943 2602 5009 modo
2648 4943 3070 5027 evangelium
3088 4950 3092 4955 '
3113 4943 3398 5025 Christi,
3454 4943 3730 5028 perinde
3774 4965 3851 5010 ac
3894 4944 3951 5008 si
3995 4965 4245 5011 novum
4268 4947 4365 5011 fo·

2411 5037 2518 5094 ret
2559 5050 2636 5094 ac
2679 5050 2895 5111 nuper
2934 5037 3188 5109 natum,
3234 5032 3425 5097 novis
3469 5032 3711 5094 iterum
3757 5030 3966 5114 signis
4010 5029 4363 5114 approbari

2410 5115 2778 5198 postulant,
2834 5115 2947 5181 sed
2992 5115 3110 5182 illa
3151 5117 3297 5199 ipsa
3337 5114 3675 5194 miracula,
3721 5135 3891 5198 quae
3934 5117 4075 5181 eius
4119 5115 4367 5200 gloriae

2409 5202 2660 5267 servire
2705 5201 2946 5267 debent
2960 5253 2976 5282 ,
3032 5203 3102 5270 in
3148 5199 3613 5268 contumeliam
3673 5209 3984 5284 torquent
4025 5209 4218 5285 atque
4259 5202 4365 5267 lu-

2303 5361 2314 5370 .
2408 5285 2711 5353 dibrium.
2814 5285 2949 5353 Sed
2992 5287 3300 5371 quoniam
3355 5285 3438 5352 ad
3472 5285 3647 5352 hanc
3691 5308 3832 5353 rem
3877 5287 4158 5352 alterum
4176 5327 4183 5332 ·
4201 5307 4366 5371 opus

2406 5371 2756 5450 destinavi,
2776 5373 2848 5437 in
2871 5373 3245 5455 praesentia
3264 5373 3673 5456 supersedeo.
3732 5373 3827 5438 At
3846 5373 4064 5458 pergit
4080 5373 4365 5459 Pighius
