4999 6179
446 449 564 510 501

1792 452 2517 521 REFORMANDAE
2562 453 3107 523 ECCLESIAE.

4341 469 4465 535 502

438 634 700 718 impleri
745 636 1128 703 vaticinium
1172 637 1340 704 illud
1383 640 1688 722 oportuit,
1735 649 1812 705 ut
1848 641 2219 708 domesticis
2260 643 2396 709 suis
2504 642 2856 709 stultitiam
2899 643 3258 727 derideant,
3296 647 3485 731 quasi
3520 647 3601 714 de
3636 649 3938 717 leviculis
3975 654 4463 736 quaestionibus

440 729 614 787 esset
667 721 973 789 Christus
1028 724 1195 807 lapis
1264 725 1641 792 offensionis
1705 734 1774 792 ct
1828 736 2016 811 petra
2071 728 2392 794 scandali:

440 808 532 872 ita
573 806 743 872 nihil
785 809 1060 888 mirum,
1112 811 1167 876 si
1223 818 1453 877 nostro
1510 833 1766 896 quoque
1821 823 2115 898 tempore
2163 835 2396 881 verum

440 895 542 959 sit.
633 894 760 959 Est
795 895 1060 978 quidem
1102 896 1228 962 hoc
1270 897 1648 963 habendum
1691 898 1974 985 prodigii
2016 901 2175 980 1000,
2223 898 2395 983 (111οᾶ

437 979 741 1064 lapidem,
787 982 900 1064 qui
942 983 1014 1046 in
1058 983 1488 1049 fundamento
1527 986 1972 1069 principatum
2009 993 2236 1051 tenere
2281 986 2394 1051 de-

438 1066 607 1144 beat,
652 1067 958 1133 reiiciant
989 1069 1358 1136 architecti:
1404 1070 1520 1136 sed
1564 1071 1716 1155 quia
1753 1070 1878 1138 hoc
1915 1073 1997 1138 ab
2032 1072 2221 1137 initio
2261 1074 2394 1139 fac-

438 1160 582 1218 tum
625 1154 755 1218 fuit
795 1154 866 1218 in
911 1153 1200 1235 Christo,
1249 1177 1333 1222 ne
1375 1156 1711 1236 miremur,
1757 1179 1960 1240 quum
2004 1156 2200 1224 hodie
2279 1178 2395 1223 uo-

438 1260 565 1323 que
609 1262 735 1305 usu
780 1241 977 1306 venit.
1045 1242 1176 1308 Hic
1219 1249 1401 1308 tuam
1444 1244 1856 1310 maiestatem
1902 1244 2181 1329 appello,
2229 1180 2394 1310 gac—

439 1347 566 1403 sar,
610 1334 1030 1409 vestramque
1074 1327 1595 1412 amplitudinem,
1641 1330 2009 1414 Principes,
2052 1351 2256 1414 quum
2291 1333 2395 1396 in-

436 1412 655 1477 fausta
689 1412 849 1478 hacc
884 1413 1195 1479 ecclesiae
1233 1414 1592 1498 dissipatio,
1629 1417 1884 1499 aliaque
1903 1417 2166 1482 infinita
2200 1418 2390 1495 mala,

437 1519 602 1581 01186
658 1520 740 1563 ex
799 1498 1202 1566 dissensione
1260 1509 1405 1565 orta
1448 1508 1632 1581 sunt,
1689 1503 1800 1568 vel
1842 1511 2197 1568 occurrunt
2251 1504 2392 1569 ani-

434 1585 562 1649 mis
605 1586 873 1663 vestris,
941 1586 1049 1652 vel
1108 1607 1411 1662 sermone
1467 1592 1615 1668 [pag.
1655 1594 1764 1669 82]
1819 1589 2164 1655 hominum
2215 1611 2391 1656 com-

409 1678 922 1751 'memorantur,
977 1675 1168 1738 facite
1225 1680 1304 1739 ut
1346 1673 1540 1739 simul
1586 1675 1661 1739 in
1714 1683 2001 1763 mentem
2049 1676 2234 1742 vobis
2282 1698 2391 1742 ve-

436 1758 592 1835 niat,
637 1758 712 1821 in
758 1777 1031 1841 scopum
1086 1759 1620 1827 contradictionis
1674 1762 1960 1843 positum
2006 1783 2147 1827 esse
2193 1761 2389 1827 Chri-

435 1850 644 1908 stum:
705 1849 782 1908 ut
823 1845 1074 1926 quoties
1129 1845 1545 1929 praedicatur
1588 1846 1728 1911 eius
1774 1848 2218 1931 evangelium,
2264 1849 2389 1913 im-

433 1930 696 2012 piorum
759 1929 1010 1995 rabiem
1067 1931 1384 1997 accendat
1428 1933 1647 1997 statim
1716 1932 1799 1997 ad
1865 1934 2389 2018 repugnandum.

434 2015 579 2080 Iam
647 2037 732 2080 cx.
792 2017 1104 2083 conflictu
1175 2019 1320 2083 ficri
1385 2019 1872 2084 concussionem
1936 2040 2204 2086 necesse
2267 2029 2387 2086 est.

433 2101 621 2168 Haec
661 2103 865 2185 igitur
901 2113 1222 2187 perpetua
1256 2104 1397 2183 fuit,
1431 2125 1636 2188 usque
1671 2126 1710 2169 a
1731 2105 1943 2188 primo
1979 2127 2096 2171 suo
2132 2113 2388 2187 exortu,

435 2194 503 2253 et
545 2208 806 2270 semper
849 2189 1009 2267 erit,
1071 2211 1276 2273 usque
1317 2189 1661 2269 in'finem,
1705 2191 2031 2276 evangelii
2076 2191 2388 2257 conditio:

434 2281 514 2340 ut
554 2273 694 2339 eius
738 2275 1285 2358 praedicationem
1333 2277 1596 2361 magnis
1639 2278 2166 2344 contentionibus
2212 2279 2390 2344 exci-

432 2360 573 2444 piat
628 2360 934 2426 mundus.
1038 2362 1174 2429 Sed
1230 2362 1655 2446 prudentium
1701 2371 1803 2429 est
1849 2363 2391 2444 animadvertere,

434 2446 612 2512 unde
656 2453 967 2513 nascatur
1010 2449 1212 2514 huius
1255 2448 1413 2514 mali
1455 2470 1666 2515 causa.
1757 2449 1904 2517 Hoc
1948 2451 2243 2532 quisquis
2288 2473 2393 2516 re—

434 2534 694 2617 spiciet,
759 2533 950 2599 facile
994 2556 1118 2600 nos
1187 2536 1368 2600 omni
1432 2537 1626 2619 culpa
1681 2535 2003 2602 liberabit.
2105 2535 2392 2602 Veritati

435 2627 611 2685 certe
653 2621 1105 2687 testimonium
1146 2619 1449 2702 reddere,
1508 2622 1704 2688 sicuti
1767 2623 2040 2688 fecimus
2083 2623 2389 2706 oportuit.

432 2706 578 2772 Vae
622 2705 889 2787 mundo,
935 2709 991 2773 si
1037 2708 1379 2774 Christum
1425 2708 1684 2775 mavult
1735 2707 1819 2774 ad
1863 2717 2196 2774 certamen
2239 2729 2392 2792 pro-

430 2813 686 2873 vocare,
728 2813 925 2876 quam
969 2795 1257 2861 oblatam
1293 2793 1373 2858 ab
1409 2814 1485 2860 eo
1519 2816 1748 2878 pacem
1786 2795 2109 2879 amplecti.
2173 2795 2391 2861 Fran-

434 2886 629 2963 getur
692 2880 870 2944 enim
937 2882 1165 2965 procul
1219 2880 1444 2959 dubio,
1512 2880 1624 2964 qui
1680 2882 1761 2946 ab
1818 2903 1894 2946 eo
1952 2881 2192 2966 corrigi
2257 2903 2391 2947 non

433 2966 802 3032 sustinebit.

607 3054 702 3119 At
755 3053 862 3120 hic
918 3055 1106 3120 nobis
1149 3074 1416 3119 rursum
1461 3054 1794 3134 obiicitur,
1838 3076 1976 3120 non
2019 3056 2242 3121 omnia
2285 3076 2389 3121 ec-

433 3139 671 3207 clesiae
713 3140 879 3206 vitia
931 3148 1069 3206 tam
1125 3142 1375 3225 asperis
1432 3139 1739 3206 remediis
1794 3141 2183 3225 corrigenda
2225 3162 2386 3219 esse,

435 3246 556 3292 nec
624 3224 708 3291 ad
769 3226 990 3292 vivum
1061 3226 1442 3305 resecanda,
1502 3247 1578 3293 ac
1633 3248 1717 3292 ne
1771 3226 2072 3293 omnibus
2127 3227 2390 3309 quidem

433 3311 838 3378 afferendam
875 3333 1017 3379 esse
1053 3311 1473 3380 medicinam:
1513 3314 1630 3379 sed
1664 3314 1794 3378 alia
1828 3312 2212 3397 castiganda
2246 3334 2390 3379 esse

431 3397 689 3477 leniter,
736 3398 866 3464 alia
909 3420 1052 3465 esse
1095 3398 1464 3479 toleranda,
1520 3400 1577 3466 si
1622 3400 1778 3484 quid
1822 3399 2225 3465 difficultatis
2271 3399 2388 3465 ha-

432 3485 588 3550 beat
644 3483 1030 3551 emendatio.
1132 3485 1555 3569 RespondeO,
1616 3507 1751 3550 non
1805 3507 2012 3569 usque
2057 3483 2219 3551 adeo
2262 3485 2387 3550 im-

432 3570 676 3654 peritos
731 3593 875 3637 esse
929 3593 1050 3637 nos
1126 3571 1493 3637 communis
1545 3573 1753 3650 vitae,
1821 3573 1981 3655 quin
2047 3572 2388 3639 ecclesiam

433 3658 817 3725 noverimus
860 3679 1119 3741 semper
1172 3658 1377 3724 fuisse
1421 3658 1771 3725 obnoxiam
1818 3658 2146 3743 aliquibus
2188 3658 2385 3737 vitiis,

433 3763 823 3826 semperque
875 3746 1045 3809 fore:
1101 3764 1267 3827 quae
1311 3744 1438 3827 piis
1484 3745 1916 3830 improbanda
1950 3744 2232 3828 quidem,
2276 3766 2387 3828 po-

433 3830 567 3895 ta‘us
609 3836 835 3895 tamen
887 3829 1157 3896 ferenda
1210 3832 1372 3910 sint,
1428 3851 1628 3914 quam
1672 3852 1901 3897 eorum
1945 3852 2144 3898 causa
2185 3831 2389 3897 hosti-

434 3914 588 3980 liter
641 3913 1104 3981 dimicandum.
1205 3918 1591 3996 Caeterum,
1667 3917 1980 3983 iniuriam
2045 3916 2237 3982 nobis
2292 3917 2386 3982 fa-

435 4002 620 4068 ciunt
663 4001 1050 4083 adversarii,
1106 4003 1264 4069 dum
1320 4002 1560 4068 nimiae
1602 4003 1999 4070 morositatis
2044 4025 2164 4069 nos
2198 4024 2389 4069 aceu-

436 4096 605 4168 sant,
650 4090 857 4173 quasi,
901 4090 980 4154 ob
1026 4089 1302 4173 exiguos
1344 4089 1656 4172 levesque
1704 4111 1977 4169 errores,
2023 4089 2390 4155 molestiam

437 4173 747 4241 ecclosias
800 4173 1313 4241 exhibuerimus.
1418 4180 1566 4255 [pag.
1606 4181 1714 4255 83]
1773 4176 1949 4241 Nam
2003 4176 2174 4241 hanc
2231 4195 2388 4258 quo-

435 4282 562 4345 que
606 4262 1001 4327 calumniam
1037 4260 1120 4326 ad
1163 4261 1326 4327 alias
1361 4259 1757 4346 adiungunt,
1803 4261 1978 4345 quod
2012 4268 2391 4340 extenuant,

437 4369 565 4432 quo
608 4354 889 4433 possunt
931 4348 1238 4424 artificio,
1296 4369 1407 4414 eas
1461 4370 1569 4415 res
1613 4347 1693 4413 de
1736 4348 1970 4431 quibus
2013 4356 2394 4414 controver-

439 4436 604 4501 siam
661 4435 1019 4500 movimus:
1071 4440 1148 4498 ut
1211 4433 1475 4499 rixandi
1527 4434 1740 4521 magis
1793 4434 2066 4511 libidine
2122 4433 2393 4516 impulsi

437 4520 813 4599 videamur,
877 4542 1075 4603 quam
1149 4522 1327 4585 iusta
1392 4542 1590 4586 causa
1656 4521 1918 4587 adducti
1986 4521 2116 4585 huc
2170 4520 2390 4585 fuisse.

436 4607 667 4690 Neque
721 4607 899 4673 enim
940 4604 1008 4670 id
1051 4607 1300 4673 faciunt
1355 4606 1759 4691 ignorantia,
1818 4606 1934 4672 sod
1979 4614 2192 4672 astuto
2237 4627 2395 4672 con-

437 4692 611 4759 silio:
661 4693 817 4776 quia
858 4692 1105 4759 scilieet
1147 4700 1480 4759 noverunt
1513 4692 1832 4760 eiusmodi
1878 4693 2392 4775 importunitate,

437 4779 700 4864 qualem
742 4777 931 4844 nobis
967 4779 1312 4862 affingunt,
1351 4779 1517 4843 nihil
1555 4800 1697 4845 csse
1733 4778 2039 4845 odiosius.
2107 4779 2392 4843 Tametsi

439 4887 632 4932 suam
685 4884 945 4948 quoque
998 4865 1406 4949 impietatem
1465 4866 1538 4930 in
1594 4885 1668 4930 eo
1724 4865 2044 4950 produnt,
2101 4862 2271 4946 quod
2316 4862 2396 4929 (16

437 4953 637 5019 rebus
682 4951 979 5016 omnium
1035 4951 1342 5016 maximis
1399 4952 1495 5016 ita
1538 4951 1964 5034 contemptim
2016 4951 2394 5033 loquuntur.

442 5040 636 5105 Itane
671 5037 871 5104 vero?
912 5043 992 5102 ut
1033 5057 1237 5120 quum
1273 5037 1692 5119 profanatum
1716 5037 1846 5102 Dei
1881 5036 2156 5115 cultum,
2196 5056 2395 5120 quum

444 5126 763 5191 honorem
814 5123 956 5188 eius
1011 5142 1279 5206 prorsus
1336 5123 1787 5203 imminutum,
1844 5145 2046 5206 quum
2103 5122 2396 5205 implica-

445 5220 586 5278 tam
627 5210 856 5275 multis
909 5208 1295 5293 perniciosis
1350 5209 1679 5275 erroribus
1736 5208 1967 5275 salutis
2012 5207 2399 5287 doctrinam,

444 5320 647 5382 quum
680 5295 1000 5380 sepultam
1050 5316 1194 5363 esse
1215 5293 1466 5361 Christi
1501 5295 1839 5376 virtutem,
1885 5316 2074 5362 sacra
2118 5292 2399 5379 denique

447 5384 675 5464 omnia
717 5381 1078 5467 sacrilegiis
1134 5381 1386 5465 polluta
1425 5381 1916 5464 conquerimur,
1981 5388 2057 5447 ut
2099 5387 2399 5446 nostram

2503 729 2899 812 disputando
2933 752 3055 798 nos
3091 739 3159 798 et
3192 740 3404 799 totum
3438 735 3762 801 mundum
3786 738 4033 803 frustra
4057 741 4459 826 fatigemus?

2675 815 2960 895 Verum,
3012 820 3166 901 quia
3208 819 3370 886 haec
3414 823 3658 888 cursim
3699 825 4059 907 perstringi
4107 837 4457 910 nequeunt,

2499 901 2684 967 locus
2726 903 3041 985 postulat,
3081 911 3160 969 ut
3201 926 3425 971 earum
3471 928 3721 985 rerum,
3784 909 3865 973 de
3909 910 4143 995 quibus
4187 921 4458 979 conton-

2503 986 2750 1066 dimus,
2804 988 3193 1072 dignitatem
3250 998 3316 1055 et
3367 992 3627 1075 pondus
3685 993 4067 1079 diligentius
4110 997 4298 1063 vobis
4342 1022 4457 1065 ex-

2502 1091 2773 1156 ponam:
2828 1082 2904 1139 ut
2956 1083 3294 1160 appareat,
3365 1100 3500 1143 non
3555 1080 3747 1145 modo
3803 1102 3939 1145 non
3984 1083 4189 1148 fuisse
4243 1085 4457 1169 negli-

2502 1158 2778 1242 gendas,
2837 1160 2953 1226 sed
3006 1162 3189 1227 nullo
3246 1162 3437 1229 modo
3491 1166 3781 1247 potuisse
3826 1187 3866 1230 a
3918 1167 4106 1232 nobis
4162 1179 4452 1253 praeter-

2498 1244 2697 1322 mitti,
2743 1247 2904 1328 quin
2939 1250 3230 1312 maximo
3271 1250 3512 1315 scelere
3548 1259 3616 1315 et
3650 1252 3855 1334 impia
3888 1252 4205 1321 adversus
4229 1255 4446 1322 Deum

2501 1331 2773 1413 perfidia
2816 1354 2936 1397 nos
2980 1332 3556 1418 obstringeremuS.
3647 1336 3841 1417 Quod
3889 1338 3968 1403 (16
4018 1341 4229 1407 tribus
4277 1347 4450 1426 capi-

2499 1414 2709 1496 tibus,
2766 1416 2845 1483 de
2888 1419 3128 1501 quibus
3172 1421 3358 1486 initio
3403 1421 3736 1487 dicturum
3780 1445 3888 1488 me
3932 1428 4261 1508 proposui,
4307 1436 4452 1494 crat

2497 1503 2569 1566 in
2605 1502 2836 1568 ordine
2869 1506 3164 1570 tortium.
3219 1507 3559 1590 Principio
3603 1510 3771 1576 scire
3806 1509 4023 1589 velim,
4071 1532 4199 1594 qua
4232 1514 4451 1579 fronte

2498 1587 2911 1655 Christianos
2955 1612 3025 1656 se
3060 1593 3405 1658 nominare
3445 1594 3685 1675 ausint,
3730 1597 3841 1678 qui
3888 1618 4006 1663 nos
4043 1598 4125 1663 ob
4169 1600 4448 1664 nimium

2497 1674 2677 1740 leves
2731 1697 2963 1742 causas
3020 1676 3360 1745 discordiis
3426 1687 3670 1745 temere
3748 1682 4047 1749 turbasse
4108 1683 4448 1750 eeclesiam

2493 1760 2898 1828 insimulant.
2987 1763 3160 1829 Nam
3204 1765 3259 1831 si
3304 1766 3473 1830 tanti
3524 1766 3912 1850 religionem
3965 1770 4257 1836 facerent
4296 1792 4450 1837 nos-

2495 1854 2698 1926 tram,
2758 1853 2906 1927 [pag.
2946 1855 3055 1928 84]
3097 1852 3321 1933 quanti
3383 1872 3536 1917 suas
3590 1854 3888 1918 fecerunt
3939 1863 4193 1922 veteres
4246 1856 4448 1922 idolo-

2494 1932 2733 2014 latrae,
2795 1935 2935 2001 eius
2984 1938 3471 2003 conservandae
3528 1939 3850 2019 studium,
3921 1942 4093 2023 quod
4148 1942 4247 2007 1111
4302 1943 4449 2008 81118

2496 2019 2799 2085 omnibus
2843 2021 3019 2088 curis
3072 2042 3147 2087 ac
3201 2025 3483 2107 negotiis
3537 2025 4039 2107 praeferendum
4098 2028 4447 2107 duxerunt,

2493 2127 2629 2170 non
2671 2107 2767 2171 ita
2809 2115 3327 2174 contemnerent.
3416 2109 3523 2174 Illi
3574 2111 3749 2175 enim
3793 2133 3997 2193 quum
4043 2134 4163 2197 pro
4208 2116 4340 2182 aris
4384 2127 4454 2180 ct

2494 2191 2657 2258 focis
2704 2193 3016 2259 dimicare
3060 2215 3131 2260 se
3175 2196 3393 2273 aiunt,
3453 2216 3721 2262 causam
3767 2197 3892 2262 sibi
3934 2198 4249 2265 videntur
4294 2202 4451 2266 alle-

2495 2299 2653 2362 gare
2699 2280 2995 2343 omnium
3032 2281 3349 2363 optimam
3394 2291 3460 2346 et
3495 2283 3782 2347 maxime
3818 2284 4264 2352 favorabilem.
4322 2287 4452 2353 His

2499 2363 2762 2430 videtur
2819 2385 2960 2431 esse
3017 2387 3225 2448 paene
3268 2387 3677 2449 supervacua
3720 2371 4069 2449 contentio,
4122 2393 4289 2453 quae
4333 2393 4451 2454 pro

2496 2450 2628 2515 Dei
2653 2449 2862 2534 gloria
2897 2459 2964 2516 et
3006 2451 3345 2517 hominum
3386 2453 3596 2518 saluto
3641 2455 4017 2538 suscipitur.
4085 2456 4240 2521 Non
4276 2460 4451 2523 enim

2499 2534 2581 2601 de
2638 2536 2874 2602 umbra
2940 2539 3138 2617 asini,
3196 2539 3366 2605 sicut
3409 2539 3654 2604 dictum
3711 2551 3839 2620 est,
3904 2541 4272 2626 litigamus:
4335 2545 4452 2610 sed

2463 2631 2637 2687 -tota
2712 2622 3050 2707 religionis
3125 2623 3524 2690 christianae
3595 2648 3856 2692 summa
3919 2628 3993 2691 in
4074 2631 4449 2710 quaestione

2494 2710 2796 2775 vertitur.
2900 2707 2979 2775 Si
3004 2704 3203 2775 'nihil
3258 2710 3437 2776 aliud
3492 2713 3754 2776 veniret
3816 2713 3888 2776 111
3942 2715 4294 2793 rationem,
4363 2736 4447 2780 an

2495 2796 2752 2860 tantulo
2810 2798 2878 2860 in
2933 2797 3144 2879 pretio
3200 2798 3390 2863 nobis
3453 2807 3555 2862 est
3619 2805 3890 2863 aeterna
3943 2806 4011 2864 et
4057 2801 4452 2884 inviolabilis

2494 2880 2627 2946 Dei
2672 2884 2939 2963 veritas,
2984 2903 3181 2966 quam
3214 2889 3315 2948 tot
3356 2883 3725 2950 illustribus
3769 2886 4161 2951 testimoniis
4204 2894 4448 2952 certam

2493 2968 2801 3047 reddidit,
2848 2991 2966 3053 pro
3009 2989 3139 3052 qua
3180 2971 3632 3035 confirmanda
3675 2977 3773 3035 tot
3812 2971 4023 3035 ‘sancti
4068 2973 4447 3055 prophetae,

2494 3059 2595 3118 tot
2636 3063 2966 3139 martyres
3010 3063 3291 3122 mortem
3326 3056 3655 3123 obierunt:
3704 3057 3889 3122 cuius
3931 3058 4071 3140 ipse
4097 3057 4226 3123 Dei
4269 3059 4447 3125 filius

2492 3161 2728 3223 praeco
2781 3150 2849 3206 et
2902 3143 3089 3207 testis
3141 3142 3299 3220 fuit,
3359 3164 3556 3225 quam
3614 3143 3893 3225 denique
3947 3164 4064 3208 suo
4124 3145 4448 3229 sanguiue

2493 3225 2892 3311 obsignavit:
2954 3233 3030 3291 ut
3084 3227 3273 3294 nobis
3318 3226 3695 3294 videntibus
3751 3237 3820 3293 et
3874 3228 4241 3295 tacentibus
4293 3252 4444 3297 con-

2492 3313 2738 3380 culcari
2779 3311 3051 3377 debeat?

2665 3397 2802 3465 Sed
2854 3398 3177 3465 descendo
3221 3398 3305 3465 ad
3352 3399 3617 3484 species.
3708 3399 3970 3467 Scimus
4014 3421 4209 3483 quam
4259 3423 4445 3468 exse-

2491 3484 2753 3551 crabilis
2796 3486 2941 3550 Deo
2997 3506 3105 3552 res
3161 3486 3248 3550 sit
3298 3485 3694 3551 idololatria:
3754 3496 3822 3551 et
3859 3507 4057 3569 quam
4100 3485 4447 3554 horrendis

2492 3571 2720 3655 poenis
2759 3591 2903 3637 eam
2950 3571 3127 3636 ultus
3171 3573 3260 3637 sit
3303 3578 3444 3636 tum
3489 3571 3561 3636 in
3605 3573 3844 3656 populo
3884 3572 4252 3652 israelitico,
4299 3579 4445 3638 tum

2490 3659 2562 3722 in
2607 3657 2756 3723 aliis
2798 3658 3134 3740 gentibue,
3186 3659 3429 3741 passim
3483 3667 3762 3724 narrant
3814 3658 4143 3724 historiae.
4234 3659 4433 3725 Audi·

2493 3765 2641 3809 mus
2687 3743 2962 3809 candem
3002 3743 3364 3811 vindictam
3410 3744 3551 3810 eius
3596 3765 3707 3810 ore
3763 3743 4146 3810 denunciari
4189 3745 4262 3808 in
4306 3764 4444 3809 om-

2492 3851 2609 3896 nes
2654 3837 2922 3897 aetates.
2988 3830 3193 3896 Nobis
3227 3831 3404 3896 enim
3446 3830 3751 3915 loquitur,
3795 3851 3996 3914 quum
4032 3851 4149 3913 per
4183 3851 4448 3897 sacrum

2494 3937 2687 3981 suum
2744 3937 2982 3981 nomen
3040 3916 3243 3997 iurat,
3303 3938 3431 3982 non
3476 3937 3824 3999 passurum
3870 3937 3968 3994 sc,
4026 3927 4103 3979 ut
4146 3915 4230 3980 ad
4273 3915 4448 3980 idola

2494 4002 2706 4087 gloria
2790 4024 2911 4068 sua
2974 4002 3442 4068 transferatur:
3515 4024 3716 4085 quum
3799 4010 4077 4065 testatur
4144 4022 4215 4066 86
4279 4003 4446 4066 zelo-

2493 4099 2732 4173 typum
2792 4109 2964 4167 csse,
3022 4089 3130 4171 qui
3189 4089 3261 4152 in
3304 4090 3569 4152 tertiam
3615 4098 3682 4153 et
3724 4098 4025 4170 quartam
4077 4088 4449 4170 generatio-

2493 4196 2649 4240 nem
2692 4173 3143 4240 vindicaturus
3199 4175 3313 4251 sit,
3375 4195 3575 4256 quum
3622 4173 3751 4238 alia
3793 4179 4085 4255 peccata,
4133 4180 4276 4237 tum
4325 4173 4450 4240 hoc

2494 4262 2712 4343 ipsum
2766 4280 2923 4343 prae
2978 4259 3140 4324 aliis.
3240 4259 3390 4324 Hoc
3432 4266 3772 4343 peccatum
3827 4266 3955 4337 cst,
4023 4259 4209 4325 cuius
4253 4279 4451 4324 causa

2496 4348 2798 4431 Moyses,
2859 4353 2995 4410 tam
3036 4352 3382 4411 mansueto
3428 4344 3671 4427 alioqui
3714 4344 3984 4427 ingenio
4029 4345 4163 4422 vir,
4210 4345 4450 4427 spiritu

2497 4434 2629 4499 Dei
2682 4453 3022 4512 accensus,
3102 4430 3376 4499 Levitae
3428 4430 3797 4496 discurrere
3849 4452 3967 4514 per
4019 4442 4235 4496 castra
4301 4436 4448 4510 [pag.

2501 4524 2609 4599 85]
2654 4518 2862 4597 iussit,
2908 4526 2977 4583 ct
3019 4539 3256 4584 manus
3298 4518 3577 4582 fratrum
3621 4538 3889 4582 suorum
3934 4516 4253 4600 sauguine
4297 4537 4451 4583 eon-

2498 4625 2756 4671 sccrare
2791 4603 3030 4689 (Exod.
3072 4608 3171 4685 32,
3212 4603 3356 4689 27):
3413 4604 3598 4670 cuius
3652 4624 3850 4669 causa
3901 4603 4217 4685 populum
4260 4622 4453 4667 suum

2499 4691 2694 4756 toties
2737 4698 3174 4773 persequutus
3218 4697 3322 4756 est
3362 4688 3567 4770 Deus,
3602 4695 3691 4756 ‘ac
3733 4695 3936 4773 peste,
3981 4690 4171 4767 same,
4218 4685 4458 4771 gladio,

2501 4777 2682 4842 omni
2750 4776 3032 4859 denique
3089 4775 3538 4842 calamitatum
3616 4796 3858 4860 genere
3924 4773 4189 4839 afflixit:
4275 4774 4462 4841 cuius

2499 4882 2698 4929 causa
2738 4862 3159 4946 potissimum
3202 4862 3485 4928 concidit
3525 4882 3807 4945 regnum
3841 4858 4114 4925 Israelis
4146 4859 4458 4941 primum,

2501 4946 2738 5014 deinde
2772 4948 2941 5013 Iuda
2950 4972 2967 5028 ;
3027 4949 3249 5014 excisa
3289 4947 3653 5013 Ierusalem
3697 4946 3931 5011 civitas
3980 4952 4237 5025 sancta,
4290 4954 4459 5025 tem-

2501 5035 2685 5118 plum
2719 5034 2869 5112 Dei,
2899 5032 3071 5117 quod
3107 5035 3367 5100 unicum
3406 5041 3547 5099 erat
3570 5042 3730 5097 tunc
3764 5031 3837 5095 in
3875 5032 4092 5110 terris,
4130 5031 4453 5112 dirutum;

2503 5120 2784 5206 populus
2837 5119 2977 5200 ille,
3036 5119 3148 5203 qui
3199 5142 3285 5185 ex
3340 5119 3644 5184 omnibus
3698 5116 4117 5201 peculiariter
4173 5116 4454 5183 selectus

2504 5214 2676 5286 erat,
2744 5205 2854 5272 cui
2909 5228 2979 5272 se
3036 5207 3222 5271 Deus
3277 5204 3535 5270 foedere
3590 5205 4049 5288 coniungeret,
4105 5204 4222 5286 qui
4277 5203 4455 5269 solus

2502 5292 2707 5357 ferret
2745 5293 2876 5358 Dei
2920 5292 3226 5377 1118131118,
3270 5298 3338 5356 et
3380 5292 3500 5356 sub
3537 5291 3678 5356 eius
3713 5290 3921 5355 tutela
3956 5290 4456 5372 principatuque

2504 5379 2776 5458 viveret,
2823 5397 2907 5442 ex
2949 5398 3076 5460 quo
3112 5376 3392 5459 denique
3445 5385 3825 5443 nasceretur
3866 5374 4202 5455 Christus,
4249 5375 4456 5441 afflic-

3474 5473 3494 5490 ⁸
3945 5475 4044 5531 32*
