4999 6179
604 458 862 529 xvm
1724 528 1729 535 ,
1805 452 2352 523 ΤΒΑΟΤΑΤΠΒ
2400 450 2990 520 THEOLOGIOI
3032 448 3479 519 MINORES.

484 670 493 679 ·
586 651 923 721 'ecclesiae
975 648 1145 714 ritus
1197 648 1491 731 primum
1547 618 1896 716 reformari
1949 651 2329 728 coeperant,
2386 640 2561 728 quod
2616 641 2918 726 pluribus
2972 642 3166 706 annis
3217 648 3373 708 ante
3428 639 4008 725 quadragesimum
4074 641 4349 707 tertium
4411 641 4662 709 factum

606 782 755 830 esse
780 778 994 827 'nemo
1036 768 1141 827 est
1182 761 1297 844 qui
1349 761 1618 826 nesciat.
1710 758 1942 842 Neque
2003 755 2478 842 negligendum
2521 753 2789 823 videtur
2843 752 3016 837 quod
3061 751 3461 819 Oolladonus
3517 752 3847 837 expressis
3891 748 4112 819 verbis
4153 751 4363 832 addit,
4404 755 4662 836 praefa-

608 875 863 940 tionem
906 873 987 939 ab
1031 873 1156 956 ips
1170 892 1209 937 o
1245 869 1528 937 Oalvino
1573 871 1888 954 scriptam
1930 870 2149 948 fuisse,
2201 867 2375 952 quod
2419 888 2578 934 sane
2623 866 2738 933 vix
2784 864 3064 951 dignum
3105 863 3340 930 fuisset
3394 871 3766 930 memoratu
3782 915 3796 943 ,
3844 865 3902 929 si
3944 870 4125 930 totus
4169 863 4334 930 liber
4377 862 4660 931 cundem

609 991 913 1053 autorem
955 982 1080 1050 sibi
1121 981 1536 1050 vindicasset.
1627 983 1739 1048 Ex
1782 981 1887 1048 his
1931 982 2210 1047 fortasse
2252 1001 2389 1045 non
2433 981 2578 1045 sine
2621 978 2762 1044 veri
2806 978 3020 1061 specie
3065 976 3356 1042 effecerit
3399 976 3651 1061 aliquis,
3697 976 4012 1042 formulas
4053 976 4204 1042 illas
4248 975 4489 1043 saltem
4523 997 4659 1042 non

615 1097 703 1163 ad
748 1117 953 1163 unam
1008 1115 1237 1161 omnes
1294 1117 1334 1160 a
1390 1093 1672 1161 Calvino
1733 1093 1935 1160 verbo
1990 1100 2185 1159 tenus
2244 1097 2593 1174 conceptas
2635 1091 2870 1169 fuisse,
2932 1068 3000 1155 et
3042 1110 3127 1154 ex
3167 1094 3357 1173 parte
3401 1089 3547 1155 aliis
3590 1089 3753 1156 viris
3798 1085 3878 1154 de
3922 1087 4198 1155 ecclesia
4241 1088 4660 1156 reformanda

613 1209 790 1274 bene
832 1208 1092 1274 meritis
1151 1228 1295 1273 esse
1351 1205 1741 1273 tribuendas
1755 1258 1773 1286 ,
1829 1204 1945 1271 ubi
1989 1226 2159 1273 sane
2191 1203 2443 1270 Farelli
2481 1223 2724 1269 nomen
2767 1202 3057 1286 primum
3102 1200 3396 1265 omnium
3444 1202 3538 1268 sic
3582 1201 3892 1267 sentienti
3931 1221 4075 1266 sese
4116 1199 4442 1267 obtulerit.
4532 1200 4662 1268 At?

614 1330 844 1387 tamen
887 1328 962 1385 ut
1003 1319 1210 1385 libere
1239 1317 1533 1399 dicamus
1560 1316 1738 1402 quod
1782 1315 1971 1383 nobis
1998 1338 2157 1383 vero
2203 1315 2616 1383 simillimum
2657 1313 2938 1392 videtur,
2984 1313 3258 1378 minime
3303 1334 3343 1378 a
3385 1311 3574 1379 nobis
3598 1313 3953 1396 impetrare
3995 1332 4344 1395 possumus
4389 1320 4465 1378 ut
4505 1312 4660 1379 Oa}-

613 1433 849 1498 vinum
900 1431 1289 1515 simpliciter
1332 1428 1692 1495 collectoris
1745 1434 1971 1514 partes
2015 1428 2141 1495 sibi
2207 1429 2565 1512 sumpsisse
2610 1425 2952 1493 credamus
2998 1424 3073 1489 in
3116 1425 3241 1490 hac
3283 1424 3529 1508 publici
3573 1424 3790 1490 cultus
3844 1426 4059 1490 forma
4102 1422 4490 1491 ordinanda.
4580 1422 4659 1492 si

615 1544 801 1609 enim
853 1542 1023 1608 nihil
1078 1542 1387 1625 amplius,
1445 1562 1660 1624 neque
1713 1541 1956 1607 laboris
2015 1560 2231 1624 neque
2277 1538 2521 1618 laudis,
2584 1560 2667 1603 ex
2710 1537 2823 1603 illo
2879 1537 3181 1603 instituto
3225 1536 3305 1602 ad
3354 1557 3507 1602 eum
3559 1537 3961 1620 pertinebat,
4002 1533 4190 1619 quid,
4238 1554 4656 1619 quaesumus,

614 1655 867 1721 Bezam
910 1674 1295 1737 permovere
1338 1658 1599 1736 poterat
1641 1661 1716 1717 ut
1758 1652 1879 1718 vix
1930 1651 2238 1718 defuncto
2282 1658 2641 1733 utrumque
2701 1646 3134 1726 adscriberet,
3199 1647 3419 1715 libello
3464 1649 3533 1712 in
3592 1646 3848 1731 Corpus
3902 1647 4336 1713 Tractatuum
4389 1650 4655 1725 inserto,

615 1771 686 1830 et
727 1763 992 1849 quidem
1034 1785 1253 1830 coram
1300 1764 1671 1830 coaetaneis
1715 1784 1941 1828 rerum
1982 1763 2264 1829 istarum
2308 1782 2465 1826 sane
2510 1783 2641 1826 non
2685 1759 2977 1845 ignaris?
3045 1759 3390 1825 Habemus
3435 1766 3661 1824 tamen
3701 1758 3880 1824 aliud
3912 1780 4168 1843 quoque
4203 1760 4657 1826 testimonium

615 1898 702 1942 ex
745 1877 956 1961 ipsius
1002 1875 1267 1942 Calvini
1321 1897 1432 1941 ore
1487 1883 1887 1965 exceptum,
1930 1895 2136 1958 quum
2189 1874 2388 1938 morti
2436 1873 2782 1956 proximus
2825 1871 3094 1956 collegis
3138 1871 3564 1950 valediceret,
3620 1870 3794 1955 quod
3851 1878 4009 1937 tunc
4061 1871 4272 1937 literis
4314 1872 4658 1941 mandavit

616 1986 711 2053 Io.
757 1987 1006 2052 Pinaut
1047 1986 1133 2050 V.
1171 1987 1255 2051 D.
1295 1987 1422 2063 M„
1483 1984 1689 2051 edidit
1730 2007 1886 2052 vero
1930 2005 2147 2068 nuper
2190 1984 2401 2050 Iulius
2445 1985 2715 2049 Bonnet
2766 1983 2849 2048 ad
2904 1983 3151 2049 calcem
3192 1982 3647 2066 Epistolarum
3703 1982 3968 2048 Oalvini
4021 1982 4430 2066 gallicarum·
4452 1985 4526 2049 Τ.
4561 1984 4676 2050 11„-

616 2118 765 2183 pag.
817 2100 939 2161 573
978 2118 1153 2181 seqq.
1200 2098 1312 2165 ubi
1355 2097 1534 2162 inter
1577 2096 1707 2161 alia
1752 2096 1915 2162 haec
1957 2095 2269 2180 legimus:
2324 2095 2556 2177 Quanti
2596 2095 2657 2160 ie
2698 2097 2844 2160 vins
2874 2095 3353 2176 prmnierement
3392 2110 3468 2159 en
3510 2099 3663 2161 ceste
3706 2093 4058 2177 Eylise,.il
4102 2098 4207 2177 n’y
4251 2097 4423 2162 avoit
4465 2097 4653 2178 quasi

615 2226 844 2274 comme
887 2209 1042 2274 rien.
1141 2208 1236 2275 On
1283 2207 1595 2291 preschoit
1637 2209 1883 2290 etpuis
1923 2208 2071 2273 c'esi
2120 2212 2247 2271 tout
2289 2256 2304 2272 .
2353 2257 2367 2271 .
2416 2257 2428 2270 .
2477 2255 2492 2270 .
2576 2206 2760 2291 Page
2799 2209 2953 2270 578:
3012 2205 3077 2270 A
3122 2227 3269 2272 mon
3320 2211 3528 2271 retour
3583 2206 3660 2271 de
3709 2203 4088 2291 strasbourq
4139 2208 4199 2271 ie
4248 2205 4333 2287 fis
4377 2209 4433 2273 le
4481 2206 4654 2275 Cate-

614 2320 846 2385 chisme
901 2319 944 2383 ὰ
1001 2320 1068 2385 la
1116 2319 1328 2400 haste,
1382 2340 1494 2385 car
1536 2322 1596 2385 ie
1652 2341 1729 2386 ne
1770 2318 1997 2385 voulus
2038 2319 2278 2385 iamais
2323 2322 2599 2402 accepter-
2637 2317 2693 2384 lc
2732 2317 3050 2382 miniscere
3092 2317 3285 2399 qu’ilz
3327 2338 3404 2383 ne
3460 2318 3788 2383 m’eussent
3829 2317 3972 2382 iure
4026 2337 4125 2384 ces
4177 2319 4350 2403 deum,
4382 2321 4652 2401 poinde,

604 2432 901 2497 assavoir
939 2431 1015 2496 de
1056 2432 1218 2497 tenir
1262 2432 1318 2497 le
1366 2429 1745 2497 catechism
1786 2436 1846 2496 et
1885 2430 1953 2496 la
1994 2428 2343 2514 discipline.
2436 2429 2528 2495 Et
2579 2450 2656 2496 en
2710 2430 3109 2510 z’escrvpvant
3163 2450 3245 2494 on
3287 2430 3487 2495 venoit
3529 2430 3746 2511 querir
3787 2430 3877 2494 les
3920 2450 4254 2496 morccaux
4296 2431 4373 2497 de
4400 2433 4653 2525 papier,

604 2543 813 2627 lames-
852 2561 1080 2607 comme
1123 2544 1189 2608 la
1228 2544 1429 2622 main,
1474 2548 1531 2606 et
1573 2543 1663 2608 les
1691 2543 1932 2624 portoit
1971 2563 2051 2608 on
2091 2542 2133 2605 ὰ
2179 2541 2648 2623 l‘imprimeric.·
2695 2538 2984 2607 Combien
3025 2561 3144 2622 que
3185 2534 3474 2607 maistre
3496 2539 3723 2606 Picrre
3774 2541 3944 2607 Viret
3981 2542 4121 2624 fust
4163 2564 4238 2608 en
4281 2549 4435 2610 ceste
4489 2543 4650 2623 ville,

592 2670 833 2736 penses
872 2674 1026 2719 vous
1066 2674 1186 2736 quc
1225 2644 1286 2719 ie
1326 2653 1437 2737 luy
1478 2675 1551 2718 en
1596 2659 1979 2721 monstrasse
2006 2654 2260 2729 ‚iamais
2301 2652 2493 2717 rien?
2586 2651 2663 2718 Ie
2700 2657 2877 2717 n’eus
2910 2653 3148 2719 iamais
3191 2653 3250 2717 le
3292 2652 3475 2718 loisir
3517 2658 3574 2718 et
3612 2654 3790 2718 avcis
3839 2655 3981 2734 bien
4018 2654 4213 2737 Peme
4256 2633 4682 2741 quelquefcya

605 2765 715 2848 a’y
754 2769 965 2829 mettre
999 2765 1065 2830 za
1106 2766 1299 2846 main,
1344 2767 1405 2831 ει·
1447 2766 1681 2832 caussa
1714 2785 1793 2831 eu
1837 2766 1895 2833 ze
1938 2766 2137 2833 1088.
2213 2765 2427 2847 cuam
2467 2785 2602 2830 aux
2633 2765 2888 2848 prims
2930 2764 3040 2829 aas
3082 2764 3440 2829 amanam
3479 2764 3542 2829 ie
3574 2765 3766 2847 prins
3814 2767 3882 2832 za
3918 2766 4118 2849 forme
4159 2767 4235 2832 ae
4275 2742 4655 2854 stiasbomq
4775 2774 4782 2780 ·

606 2880 664 2941 et
704 2895 780 2941 cn
825 2882 1199 2962 cmpruntay
1231 2876 1298 2942 la
1327 2877 1484 2960 plus
1521 2878 1765 2963 yrande
1794 2874 2031 2959 'partia
2119 2875 2257 2942 Des
2296 2881 2529 2957 amo-es,
2555 2864 2634 2941 'ie
2674 2898 2751 2979 nc
2791 2876 2881 2942 les
2912 2877 3182 2958 pouvois
3216 2876 3492 2958 prendre
3534 2877 3746 2957 deux,
3805 2898 3918 2944 car
3960 2877 4013 2943 il
4051 2878 4156 2962 τίς]
4199 2899 4274 2943 en
4320 2881 4491 2946 avo-it
4519 2900 4654 2962 pas·

606 2970 723 3052 im.
753 2994 906 3071 mot,
961 2989 1139 3055 ”zai-a
1174 2989 1234 3054 ie
1278 2991 1477 3070 prins
1529 2989 1585 3061 le
1637 2990 1770 3055 toat
1828 2989 1905 3054 dc
1958 2987 2383 3055 z’Esericure..
2447 2987 2523 3055 Ie
2560 2989 2673 3070 fus
2724 2988 3069 3054 contrainct
3110 2989 3294 3055 aussi
3336 2988 3410 3054 de
3449 2989 3620 3071 fam
3664 2990 3719 3055 le
3760 2989 4140 3072 formulairc
4181 2992 4270 3057 da
4313 2984 4655 3074 Baptesme

522 3104 535 3114 '
608 3105 812 3167 estant
842 3099 908 3165 -ἰι
957 3100 1352 3187 δίναεόοανρ,
1406 3108 1464 3167 ct
1518 3105 1705 3185 qu’on
1757 3100 2162 3184 m’azmortoit
2216 3102 2305 3168 les
2359 3101 2587 3184 enfans
2638 3101 2752 3168 des
2801 3099 3247 3186 Anabaptistcs
3301 3102 3378 3167 de
3399 3093 3562 3186 ὀὑηᾳ
3589 3091 3594 3098 ’
3617 3088 3674 3169 ἐι
3725 3103 3800 3168 de
3855 3103 3971 3170 dix
4023 3103 4217 3170 lienes
4258 3104 4303 3169 ὰ
4343 3103 4413 3172 la
4443 3095 4648 3172 'rende

593 3232 766 3296 pour
816 3211 906 3278 les
961 3211 1255 3298 bapti-ser
1346 3212 1421 3280 Ic
1472 3215 1556 3297 fis
1610 3214 1785 3281 alors
1839 3234 1904 3279 ce
1959 3213 2337 3296 formulaire
2389 3213 2573 3294 rude,
2628 3212 2799 3286 mais
2849 3217 2985 3278 tant
3046 3234 3089 3297 y
3129 3232 3173 3277 a
3227 3231 3346 3297 que
3388 3214 3451 3280 ie
3490 3235 3566 3281 ne
3622 3235 3777 3281 vous
3818 3215 4104 3283 meme
4145 3216 4221 3282 de
4266 3217 4322 3282 le
4362 3216 4645 3303 ckanyer.

516 3322 785 3406 .Qua0
848 3325 906 3392 81
961 3317 1207 3410 absque
1260 3325 1713 3410 praeiudicata
1781 3325 2090 3436 opinione
2145 3325 2608 3411 perpenderis,
2661 3326 3010 3393 nobiscum
3066 3326 3341 3393 fortasse
3383 3327 3497 3392 in·
3487 3327 3633 3396 ·hoc
3677 3303 4083 3424 consenties:
4138 3327 4528 3430 Calvinum,
4587 3329 4652 3394 si

589 3433 815 3504 minus
865 3423 1092 3506 omnes
1134 3445 1203 3506 et
1246 3438 1547 3526 singulas
1589 3431 1866 3552 precum
1912 3429 2233 3505 formulas
2273 3440 2416 3524 ipse
2456 3439 2714 3527 primus
2757 3446 2825 3530 et
2867 3438 3045 3505 solus
3090 3439 3314 3506 verbis
3359 3440 3736 3523 concepisse
3779 3438 4093 3507 dicendus
4135 3441 4357 3523 fuerit,
4398 3442 4646 3524 primas

590 3557 820 3618 tamen
866 3556 935 3617 et
974 3533 1297 3619 maxirrias
1340 3551 1415 3616 in
1459 3551 1586 3618 hoc
1628 3572 1825 3650 opere
1872 3557 2100 3637 partes
2145 3551 2553 3632 sustinuisse,
2600 3572 2813 3635 neque
2857 3551 3059 3617 etiam
3102 3549 3542 3618 Oolladonum
3584 3574 3624 3617 a
3681 3572 3840 3619 vero
3870 3546 4253 3633 aberrasse,
4312 3574 4516 3637 quum
4559 3574 4646 3619 ex

412 3645 423 3654 ⁰
498 3759 505 3766 .
591 3663 794 3730 variis
843 3664 1134 3732 fontibus
1177 3664 1328 3729 illas
1373 3685 1444 3730 se
1488 3663 1827 3750 collegisse
1859 3662 2179 3730 Calvinus
2221 3665 2361 3746 ipse
2402 3662 2598 3744 dicat,
2644 3683 2880 3729 verum
2923 3663 3273 3748 praecipue
3317 3662 3561 3730 talibus
3599 3686 3761 3748 quos
3795 3665 3936 3749 ipse
3973 3671 4170 3730 antea
4209 3665 4641 3754 Argentorati

584 3773 715 3842 sibi
758 3786 1131 3859 paraverat.
1196 3761 1326 3842 Est
1370 3777 1594 3842 tamen
1628 3775 1819 3840 inter
1862 3774 1984 3842 1188
2032 3776 2349 3841 formulas
2393 3775 2774 3855 una,illa1n
2818 3773 3097 3868 dicimus
3135 3795 3300 3859 quae
3346 3775 3432 3840 ad
3478 3773 3940 3906 celebrandum
3982 3777 4388 3848 matrimonii
4433 3777 4646 3844 ritum
4777 3841 4786 3848 ,

588 3894 862 3971 spectat,
910 3888 983 3951 in
1029 3886 1314 3953 editione
1356 3893 1587 3953 nostra
1626 3907 1777 3976 pag.
1827 3891 2171 3953 203—208
2222 3887 2549 3978 impressa
2592 3887 2664 3972 (8
2708 3887 2959 3954 verbis:
2999 3887 3305 3953 Nostre
3350 3886 3528 3953 81(18
3575 3888 3794 3954 soit.
3909 3940 3925 3955 .
3973 3910 4239 3973 ,usque
4285 3887 4369 3953 ad
4393 3889 4642 3974 finem)
4767 3901 4774 3906 “

593 4018 797 4082 quam
840 3999 1208 4065 certissimo
1253 3977 1646 4065 documento
1691 3998 1842 4063 fulti
1888 3997 2172 4065 Calvino
2215 4000 2482 4066 omnino
2529 3998 2996 4066 abiudicamus.
3083 3999 3330 4065 Exstat
3372 3999 3554 4064 enim
3601 4000 3802 4068 verbo
3846 4009 4040 4068 tenus
4083 4000 4158 4066 in
4207 4000 4430 4067 libello
4467 4011 4642 4067 an‘no

508 4155 517 4162 -
602 4112 765 4175 1533
812 4109 1124 4177 Ncoeomi
1169 4109 1344 4195 apud
1387 4112 1669 4176 Petrum
1707 4109 1813 4176 de
1832 4110 2143 4196 Wingle
2154 4131 2396 4177 excuso
2446 4111 2569 4178 sub
2613 4111 2738 4177 hoc
2777 4111 3006 4176 titulo:
3056 4110 3200 4175 La·
3228 4111 3603 4177 Maniere
3657 4121 3736 4177 et
3788 4113 4069 4178 fasson
4126 4111 4254 4195 qu’·
4265 4132 4364 4177 on
4399 4113 4643 4178 tient
4733 4131 4743 4138 ·

530 4257 535 4262 ·
595 4241 678 4287 88
722 4221 953 4286 lieux
997 4242 1148 4305 qne
1193 4220 1410 4290 Dieu
1455 4220 1551 4288 de
1598 4243 1684 4289 sa
1727 4243 1972 4307 grace
2017 4243 2059 4288 a
2098 4222 2431 4302 visites,
2476 4243 2674 4306 quem
2718 4244 2802 4288 ex
2845 4224 3038 4288 unico
3081 4223 3445 4306 exemplari
3490 4224 3810 4291 turicensi
3853 4224 4174 4289 Baumius
4215 4229 4444 4290 noster
4487 4231 4643 4291 ante

596 4332 720 4398 hos
764 4339 907 4398 octo
946 4353 1155 4398 annos
1196 4334 1626 4417 Argentorati
1668 4332 2122 4401 recudendum
2168 4334 2447 4415 curavit,
2476 4341 2562 4400 -et
2607 4334 2875 4401 Farello
2919 4334 3133 4400 autori
3175 4333 3554 4402 vindicavit.
3644 4335 3728 4401 In
3770 4334 3896 4400 hac
3938 4335 4145 4419 igitur
4183 4335 4465 4401 formula
4503 4335 4644 4403 Ge·—

595 4463 812 4511 nevae
855 4451 1051 4509 antea
1105 4445 1242 4509 iam
1286 4452 1601 4528 usurpata
1651 4444 1971 4512 Calvinus
2016 4444 2185 4512 nihil
2229 4447 2547 4526 mutavit,
2607 4446 2779 4511 nihil
2821 4444 3099 4526 addidit,
3155 4445 3272 4512 sed
3319 4453 3581 4512 tantum
3625 4467 3838 4510 unum
3882 4452 4012 4542 aut·
4040 4446 4326 4513 alterum
4371 4468 4641 4514 versum

597 4552 947 4620 brevitatis
991 4554 1211 4621 studio
1255 4557 1495 4623 omisit.
4411 4563 4424 4573 ’

916 4776 1231 4861 superest
1278 4787 1358 4844 ut
1398 4779 1719 4844 nonnulla
1763 4777 2054 4845 dinamus
2102 4778 2183 4844 de
2228 4778 2591 4846 Psalmis
2640 4759 2896 4865 gallicis
2938 4781 3052 4864 qui
3104 4780 3178 4845 in
3231 4779 3419 4846 libris
3466 4778 3795 4863 liturgicis
3837 4780 4032 4847 modo·
4076 4779 4358 4849 laudatis
4399 4784 4637 4869 legun-

597 4895 727 4955 tur.
820 4886 1121 4970 Quorum
1166 4890 1514 4962 historiam
1555 4891 1931 4973 literariam.
1968 4892 2347 4978 accuratius,
2382 4892 2819 4976 conscriptam
2873 4892 3187 4976 peculiari
3225 4889 3406 4966 ‚libro
3462 4911 3617 4959 mox
3657 4891 3974 4974 ‚editurus
4019 4901 4122 4962 est
4160 4894 4359 4970 Felix
4399 4896 4635 4976 Bovet,

598 4998 734 5065 iam
780 5020 984 5083 supra
1020 5021 1061 5064 a
1101 5003 1294 5068 nobis
1336 5002 1667 5082 laudatus3
1713 5025 1832 5069 nos
1877 5010 2142 5068 tantum
2184 5009 2456 5069 eatenus
2511 5004 2910 5089 attingemus
2964 5024 3094 5087 qua
3136 5002 3221 5068 ad
3261 5010 3527 5070 nostras
3583 5024 3690 5070 res
3745 5004 4087 5088 speciatim
4142 5007 4474 5089 pertinere
4528 5009 4636 5075 vi-

599 5109 815 5191 detur,
862 5133 1073 5195 neque
1118 5112 1394 5181 fortasse
1438 5114 1888 5199 attigissemus
1934 5113 2063 5181 8181
2108 5114 2191 5181 811
2240 5115 2469 5181 eodem
2514 5114 2763 5181 moniti.
2851 5114 3005 5199 Ipse
3048 5115 3225 5182 enim
3268 5116 3525 5199 primus
3569 5137 3691 5183 nos
3749 5115 3995 5197 docuit,
4053 5117 4125 5181 18
4179 5119 4636 5202 antiquissima

596 5221 718 5289 illa
764 5223 1111 5289 Formae
1164 5231 1491 5309 precum
1543 5226 1859 5307 editione,
1930 5245 2135 5309 quae
2172 5223 2627 5316 Stuttgardiae
2693 5233 3112 5324 asservatur,
3179 5227 3533 5294 nonnullos
3615 5225 3906 5311 psalmos
3972 5225 4250 5313 reperiri
4317 5252 4357 5297 a
4408 5231 4636 5304 Maro-

594 5334 799 5400 tianis
841 5336 1111 5402 omnino
1165 5335 1458 5406 diversos
1512 5347 1581 5405 et
1636 5361 1677 5404 a
1731 5336 2206 5405 recentioribus
2268 5339 2453 5406 libris
2511 5338 2816 5406 exsulare
2869 5337 3109 5419 iussos,
3166 5360 3327 5423 quos
3372 5339 3655 5407 Calvino
3700 5341 3916 5451 autori
3982 5342 4181 5409 tribui
4236 5340 4494 5410 debere
4529 5365 4637 5411 sa·
4749 5323 4758 5328 ³
