4999 6179
668 443 750 504 67
1977 441 2099 506 LE
2142 438 2743 507 GATEOHISME
2790 437 2920 504 DE
2968 437 3369 503 GENEVE.
4601 440 4678 503 68

842 712 989 796 Que
1043 732 1212 780 nous
1271 662 1945 780 observ-londffifbrdre
1990 714 2312 779 constitue
2354 733 2440 778 en
2481 711 2622 777 l'E-
2898 711 3000 778 Ne
3046 718 3276 779 sancta
3320 660 3857 795 institutafugfiae
3903 711 3986 776 ad
4031 711 4439 795 spiritualem
4483 713 4679 779 66616-

668 799 852 885 glise,
896 820 1063 883 pour
1105 820 1272 884 ouyr
1313 798 1382 865 la
1420 800 1684 866 Parolle
1729 799 1818 864 du
1863 800 2210 884 seigneur,
2256 799 2621 866 communi-
2729 798 2865 863 siae
2908 798 3202 881 politiam
3247 799 3523 879 faciunt,
3582 791 4024 882 negligamus:
4081 799 4467 881 praesertim
4510 821 4677 881 vero,

667 906 832 970 quer
876 906 1008 951 aux
1050 885 1299 970 priores
1341 884 1702 969 publiques,
1750 898 1817 952 et
1860 908 1993 952 aux
2037 885 2450 952 Saoremens.
2531 883 2625 949 Et
2727 892 2805 949 ut
2849 905 3068 952 sacros
3124 892 3488 950 conventus
3542 883 3628 949 ad
3673 882 4075 949 audiendum
4117 884 4249 950 Dei
4290 905 4673 961 sermonem,

668 993 795 1055 que
848 992 1016 1038 nous
1071 993 1154 1038 ne
1206 973 1705 1039 controvenions
1758 993 1878 1056 pas
1932 978 1972 1037 a
2025 971 2092 1037 la
2157 971 2365 1054 police
2428 970 2623 1053 spiri·
2730 968 2814 1034 ad
2867 969 3189 1055 mysteria
3233 968 3650 1049 celebranda,
3724 970 3805 1034 ad
3860 970 4162 1036 solennes
4216 991 4470 1054 preces,
4515 973 4678 1039 sicut

669 1057 888 1139 tuelle,
934 1059 1046 1141 qui
1090 1065 1191 1124 est
1233 1064 1418 1123 entre
1461 1058 1559 1124 les
1599 1058 1846 1124 fideles.
2625 1138 2632 1149 .
2731 1062 2929 1120 erunt
2971 1055 3274 1133 ordinati,
3319 1057 3826 1140 frequentemus.

1457 1179 1525 1214 128
1558 1180 1816 1216 ΜΠΠΒΤΒΕ.
3578 1179 3837 1214 ›11⁸1st-

841 1231 935 1296 Et
979 1229 1059 1297 de
1101 1229 1168 1295 la
1210 1231 1443 1314 figure,
1488 1251 1572 1295 66
1617 1251 1786 1297 66116
1829 1232 2063 1315 profite
2111 1229 2235 1295 6116
2279 1227 2468 1293 rien?
2902 1229 3112 1311 Atqui
3155 1226 3410 1292 nihilne
3454 1228 3738 1312 amplius
3778 1230 3995 1313 figura
4037 1229 4225 1295 nobis
4269 1228 4617 1297 conducit?

839 1408 958 1483 [fol.
998 1406 1105 1481 33]
1160 1397 1238 1467 Si
1279 1401 1437 1466 faict
1479 1352 1877 1469 bliggfumbar
1915 1401 1964 1466 il
2007 1422 2178 1467 nous
2220 1401 2287 1466 la
2330 1401 2476 1465 faut
2521 1421 2624 1465 re-
2902 1398 3046 1465 Imo
3092 1421 3264 1466 vero.
3339 1398 3448 1465 Ad
3489 1350 3892 1466 suanlimennim
3925 1401 4279 1466 veritatem
4317 1400 4680 1468 revocanda

670 1488 860 1554 duire
916 1496 958 1554 a
1010 1488 1077 1553 la
1131 1487 1363 1555 verite.
1453 1487 1629 1554 O'est
1691 1493 2020 1572 qu’estans
2063 1487 2242 1571 vrais
2298 1487 2625 1552 membres
2731 1492 2850 1552 est.
2939 1487 3036 1552 Ut
3086 1486 3333 1553 scilicet
3397 1488 3582 1552 insiti
3633 1487 3706 1551 in
3763 1485 4013 1552 Christi
4066 1508 4303 1571 corpus
4319 1539 4334 1565 ,
4401 1488 4679 1571 factique

668 1574 750 1640 de
807 1573 1064 1653 Christ,
1132 1594 1297 1639 nous
1365 1572 1752 1640 delaissions
1816 1596 1938 1639 noz
2005 1595 2264 1640 oeuvres
2329 1593 2624 1657 propres,
2730 1572 2868 1638 eius
2911 1574 3234 1652 membra,
3282 1570 3659 1638 desinamus
3704 1593 3744 1637 a
3785 1573 4065 1656 propriis
4108 1575 4440 1657 operibus,
4488 1582 4678 1659 atque

668 1682 833 1744 pour
874 1682 1043 1726 nous
1081 1667 1440 1744 permettre
1485 1666 1527 1725 a
1569 1681 1688 1725 son
1732 1666 2267 1745 gouvernement.
2724 1658 2819 1723 ita
2859 1658 2989 1723 Dei
3033 1659 3495 1742 gubernationi
3536 1680 3657 1724 nos
3698 1660 4128 1744 resignemus,

1810 1765 1829 1797 1

839 1834 1112 1900 Venons
1157 1838 1199 1899 a.
1240 1832 1306 1896 la
1348 1767 1891 1899 secbdnldtgmffiblie.
2906 1831 3347 1898 Transeamus
3391 1831 3476 1896 ad
3518 1780 3870 1915 alffissnfi)
3915 1830 4227 1899 tabulam.

1544 1935 1558 1963 ²

839 2005 1160 2071 Honnore
1203 2010 1318 2069 ton
1362 1954 1543 2069 Pel-<¹³1a
1560 1953 1778 2069 agetug.
1795 2024 1992 2070 mere.
2902 2003 3067 2068 Eius
3111 2004 3379 2069 initium
3424 2011 3551 2070 est:
3596 1952 3876 2068 fild-'iinora
3915 2008 4173 2086 patrem
4208 2010 4278 2067 et
4309 2009 4608 2071 matrem.
4626 2005 4677 2089 ⁴)

1460 2125 1526 2160 u:
1559 2125 1816 2162 mm.
3579 2123 3838 2159 mms'rnu.

842 2175 1207 2259 Qu’entens
1253 2183 1326 2241 tu
1368 2196 1490 2259 par
1532 2175 1905 2242 honnorer‘?
2070 2180 2075 2185 ’
2903 2174 3081 2258 Quid
3125 2175 3244 2241 tibi
3287 2176 3613 2260 significat
3655 2174 3763 2240 hic
3805 2195 3935 2239 vox
3978 2174 4288 2241 honoris?

1541 2278 1556 2306 9

842 2346 989 2428 Que
1031 2347 1128 2414 les
1171 2347 1400 2414 enfans
1459 2298 2049 2435 sdfgssimfiumbles
2095 2352 2161 2412 et
2204 2344 2542 2413 obeissans
2585 2353 2629 2412 a
2901 2349 2999 2414 Ut
3053 2368 3206 2415 cum
3257 2346 3580 2412 modestia
3633 2296 4127 2412 ¹eltmliumilitate
4182 2347 4493 2432 morigeri
4550 2348 4681 2415 sint

667 2434 844 2500 leurs
897 2455 1088 2518 peres
1143 2440 1211 2500 et
1253 2455 1466 2499 meres
1481 2486 1497 2513 ,
1553 2434 1697 2499 leur
1750 2438 2015 2517 portent
2068 2433 2370 2499 honneur
2413 2439 2480 2499 et
2523 2454 2626 2499 re·
2732 2440 2799 2499 et
2854 2434 3285 2517 obsequentes
3320 2433 3463 2516 ‚filii
3517 2432 3927 2518 parentibu8‚
3993 2441 4070 2498 ut
4135 2454 4247 2499 eos
4301 2442 4680 2501 reverenter

667 2540 978 2601 vel-enee,
1033 2520 1178 2585 leur
1221 2520 1559 2601 assistent,
1618 2528 1686 2585 et
1728 2525 1966 2604 soyent
1998 2527 2061 2615 ⁸a,
2103 2519 2247 2584 leur
2290 2540 2625 2585 comman-
2732 2520 2976 2599 colant,
3018 2528 3098 2584 ut
3137 2520 3371 2585 iuvent
3404 2520 3475 2584 in
3511 2520 3916 2599 necessitate,
3963 2541 4243 2603 suasque
4285 2519 4418 2586 illis
4453 2541 4679 2605 operas

669 2607 951 2685 dement,
1000 2626 1250 2671 comme
1293 2605 1378 2670 ilz
1422 2629 1469 2690 y
1514 2613 1665 2672 sont
1706 2612 1919 2672 tenua.
2729 2605 3134 2690 impendant.
3225 2605 3356 2670 His
3414 2606 3591 2671 enim
3661 2605 3871 2670 tribus
3936 2607 4246 2672 membris
4306 2608 4680 2673 continetur

2731 2695 2843 2776 qui
2888 2691 3161 2759 debetur
3201 2691 3584 2775 parentibus
3627 2693 3854 2757 honor.

1477 2814 1545 2848 ΕΒ
1578 2813 1835 2850 mm.
3579 2813 3837 2848 mulsum.

840 2862 1159 2930 Poursuis
1203 2862 1356 2948 plus
1401 2872 1606 2929 outre.
2899 2866 3117 2949 Perge
3139 2863 3370 2929 ‘modo

1510 2965 1780 3021 n'nnmur.
3633 2986 3782 3021 rtmn.

840 3034 1019 3102 Dieu
1076 3035 1377 3103 adiouste
1430 3057 1565 3101 une
1615 3056 1950 3120 promesse
2004 3041 2047 3100 a
2089 3056 2162 3102 ce
2207 3034 2622 3103 commande-
2904 3036 3232 3104 Adiicitur
3294 3034 3606 3102 mandato
3668 3036 4045 3120 promissio:
4116 3042 4192 3102 ut
4245 3044 4679 3122 prorogentur

668 3131 878 3202 ment,
924 3123 1170 3202 disant,
1230 3130 1273 3188 a
1316 3124 1410 3188 fin
1452 3145 1578 3206 que
1622 3132 1724 3187 tes
1768 3124 1946 3187 iours
1991 3143 2063 3188 so
2110 3132 2227 3188 ent
2267 3122 2622 3207 prolongez
2729 3124 2868 3190 dies
2929 3124 3029 3188 tui
3085 3145 3282 3205 super
3338 3130 3615 3202 terram,
3672 3145 3873 3207 quam
3914 3122 4186 3188 daturus
4239 3132 4342 3188 est
4383 3125 4502 3190 tibi
4545 3124 4679 3191 Do-

668 3231 784 3276 sur
816 3209 882 3274 la
921 3217 1114 3288 terre,
1140 3208 1423 3293 laquelle
1456 3210 1519 3274 le
1557 3208 1886 3293 Seigneur
1920 3215 2036 3273 ton
2132 3209 2239 3273 ieu
2276 3215 2342 3274 te
2383 3208 2620 3274 donne.
2726 3210 2949 3276 minus
2989 3210 3178 3275 Deus
3224 3216 3394 3275 tuus.

1458 3332 1525 3365 1013
1560 3331 1818 3366 nnuman.
3575 3331 3831 3366 mulsum.

842 3379 990 3461 Que
1031 3391 1190 3446 veut
1233 3379 1372 3445 dire
1415 3381 1595 3446 cela?
2900 3378 3068 3460 Quis
3113 3380 3392 3447 sensus?

1513 3485 1779 3538 1361111111.
3630 3501 3781 3537 runa.

842 3550 991 3632 Quo
1036 3553 1210 3618 Dieu
1255 3553 1547 3618 donner-a
1589 3553 1831 3637 longue
1874 3555 1982 3619 vie
2028 3558 2068 3617 a
2112 3573 2280 3618 ceux
2324 3553 2435 3636 qui
2469 3575 2623 3619 166-
2898 3553 3036 3618 Diu
3080 3552 3392 3619 beneficio
3428 3551 3559 3618 Dei
3583 3552 3911 3632 -victuros,
3958 3553 4070 3635 qui
4107 3553 4399 3619 debitum
4443 3576 4679 3638 paren-

667 3637 866 3790 ί(116111
907 3660 993 3703 611
1047 3661 1200 3722 pere
1249 3651 1315 3705 et
1357 3646 1400 3704 a
1442 3639 1507 3703 la
1563 3660 1745 3705 mere
1790 3638 2134 3703 l'honneur
2178 3640 2289 3721 qui
2334 3640 2478 3704 leur
2523 3646 2624 3706 est
2726 3639 2903 3706 tibus
2948 3639 3265 3704 honorem
3307 3640 3769 3722 praestiterint.

713 3746 814 3791 eu„
1460 3847 1525 3880 ΒΕ
1559 3794 1816 3880 121⁸&ar
3572 3845 3830 3881 lumen-:R-

840 3895 989 3962 Veu
1033 3918 1158 3979 que
1198 3904 1389 3963 ceste
1444 3898 1549 3961 vie
1595 3907 1695 3961 est
1737 3903 1882 3961 tant
1935 3895 2149 3979 pleine
2205 3895 2286 3961 de
2329 3897 2620 3976 miseros,
2899 3895 3124 3978 Quum
3167 3902 3268 3961 tot
3312 3897 3645 3962 aerumnis
3689 3896 3930 3961 referta
3985 3897 4071 3961 sit
4114 3896 4276 3963 haec
4331 3896 4499 3964 vita:
4564 3876 4676 3980 [fol.

666 3990 998 4049 comment
1054 3993 1262 4048 est-ce
1306 4005 1429 4066 que
1474 3981 1651 4046 Dieu
1696 3989 1950 4064 promet
1999 3989 2041 4047 a
2082 3982 2410 4061 l’homme‚
2455 4003 2625 4066 pour
2732 3987 2838 4062 42]
2884 4004 2998 4048 cur
3042 3982 3338 4049 beneficii
3391 3983 3533 4049 loco
3589 3982 3855 4066 longam
3899 3981 4042 4047 eius
4087 3982 4504 4049 durationem
4561 4005 4675 4049 no-

664 4092 794 4135 une
838 4090 1050 4153 grace,
1092 4070 1248 4151 qu'il
1296 4071 1355 4134 16
1399 4069 1539 4133 fera
1583 4070 1766 4133 vivre
1811 4068 2275 4152 longuement?
2723 4068 2823 4134 bis
2858 4069 3206 4154 pollicetur
3249 4069 3479 4134 Deus?

1516 4171 1780 4225 thur-Am.
3625 4190 3776 4225 roan.

840 4241 944 4305 La
983 4243 1089 4305 vie
1126 4243 1473 4320 teri-ianne,
1509 4242 1787 4324 quelque
1829 4239 2177 4305 miserable
2213 4239 2450 4323 qu'elle
2473 4240 2617 4320 soit,
2898 4238 3440 4323 Quantiscunque
3483 4241 3767 4305 miseriis
3811 4240 3896 4305 sit
3932 4240 4244 4319 obnoxia,
4282 4238 4412 4303 Dei
4457 4247 4677 4307 tamen

671 4333 773 4392 ost
807 4348 939 4391 une
982 4326 1397 4393 benediction
1443 4328 1525 4391 de
1568 4328 1799 4393 DIEU
1844 4334 1885 4390 a
1931 4325 2241 4390 l’homme
2284 4324 2506 4391 fidele:
2555 4334 2621 4390 et
2669 4379 2672 4392 .
2726 4326 3087 4392 benedictio
3143 4334 3245 4392 est
3298 4347 3455 4411 erga
3497 4326 3750 4405 fideles,
3809 4325 3915 4392 vel
3971 4327 4094 4392 hac
4149 4346 4283 4391 una
4338 4323 4419 4390 de
4464 4347 4674 4407 causa,

668 4435 751 4478 ne
790 4413 1033 4477 fust-ce
1078 4414 1267 4478 sinon
1281 4416 1340 4494 ²)
1388 4412 1684 4477 d’autant
1726 4432 1853 4496 que
1892 4410 2063 4476 Dieu
2111 4412 2183 4475 lu
2261 4413 2502 4478 testifie
2546 4413 2677 4528 sa]
2724 4412 2898 4495 quod
2944 4413 3201 4495 paterni
3240 4415 3378 4479 eius
3423 4413 3664 4478 favoris
3700 4421 4161 4496 argumentum
4199 4418 4318 4491 est,
4366 4410 4525 4476 dum
4568 4434 4674 4480 eos

665 4499 972 4566 dilection
1018 4498 1396 4581 patei-nelle,
1444 4499 1908 4563 l’entretenant
1951 4520 2035 4564 66
2080 4498 2178 4563 166
2207 4497 2285 4562 16.
2725 4499 2832 4565 1116
2868 4499 2986 4564 6111
3029 4506 3098 4562 61
3141 4507 3502 4565 conservat.

1464 4621 1527 4654 LE
1564 4621 1818 4654 ”numm-:-
2669 4539 2674 4664 ἱ
3155 4627 3158 4630 “
3574 4620 3831 4655 ΗΙΝῙΒἹἙΒ.

838 4669 1211 4737 S’ensuit-il
1250 4693 1331 4735 611
1370 4669 1710 4749 contraire,
1749 4691 1873 4752 que
1908 4668 2219 4734 l'homme
2253 4670 2365 4752 qui
2399 4677 2621 4735 meurt
2899 4668 3302 4754 Sequ'iturne
3368 4692 3403 4735 6
3461 4691 3773 4736 converso
3840 4692 3992 4735 611111
4049 4672 4160 4754 qui
4214 4672 4344 4736 cito
4402 4680 4471 4738 61
4526 4681 4674 4739 ante

667 4764 798 4824 tost
840 4759 966 4822 soit
1008 4758 1297 4822 maudict
1342 4757 1420 4820 de
1466 4755 1683 4819 Dieu?
2724 4758 2962 4822 iustam
3009 4764 3288 4822 aetatem
3334 4779 3416 4822 ex
3462 4757 3582 4822 hoc
3628 4757 3870 4821 mundo
3915 4757 4221 4840 eripitur,
4267 4779 4306 4822 a
4349 4757 4495 4824 Deo
4539 4781 4672 4824 ma-

2723 4842 3038 4910 ledictum
3077 4842 3261 4928 esse?

1463 4996 1468 5001 .
1509 4944 1776 4999 n‘nxuxr.
2290 4977 2299 4986 ·
3621 4965 3772 5001 runa.

834 5012 1003 5079 Non.
1091 5014 1184 5078 Et
1220 5035 1483 5094 mesme,
1528 5014 1576 5079 il
1622 5014 1983 5080 adviendra
2015 5014 2292 5097 quelque
2336 5014 2457 5079 fois
2491 5035 2618 5097 que
2668 5005 2674 5080 Ι
2895 5015 3192 5079 Minime.
3267 5010 3449 5094 Quin
3492 5014 3710 5097 potius
3746 5013 3981 5080 accidit
4017 5013 4376 5096 interdum,
4432 5024 4510 5081 ut
4554 5036 4672 5100 quo

977 5235 1034 5301 1)
1072 5235 1151 5290 Le
1186 5234 1271 5289 28.
1309 5235 1602 5292 dimanche.
1652 5264 1718 5274 —
1770 5237 1846 5292 Le
1883 5236 2210 5305 cinquiesme
2249 5236 2727 5291 commandement.
2780 5265 2847 5276 —
2895 5236 3011 5304 Que
3048 5235 3181 5292 c’est
3214 5253 3318 5306 que
3354 5238 3593 5292 honoret
3626 5252 3758 5305 pere
3798 5243 3852 5290 61
3886 5251 4047 5291 mere.
4098 5266 4162 5276 -
4211 5237 4312 5292 Vie
4349 5238 4564 5308 longus.
4609 5264 4671 5275 —

664 5307 824 5361 Biens
860 5307 1091 5360 teri-iens
1126 5321 1259 5359 avec
1297 5306 1582 5360 condition.
1622 5334 1686 5344 —
1720 5306 1971 5362 Punition
2007 5305 2103 5360 des
2140 5304 2331 5360 enfans
2368 5305 2766 5361 desobeissana
3077 5305 3137 5373 2)
3174 5315 3229 5360 et
3264 5323 3331 5361 116
3369 5307 3482 5361 fust
3516 5307 3672 5360 sinon
3707 5303 3844 5358 1553
3878 5307 4018 5360 suiv.

973 5374 1033 5440 3)
1079 5374 1364 5428 Gallasius
1397 5382 1448 5429 et
1480 5375 1660 5429 Beza:
1697 5376 2000 5432 secundam.
2310 5372 2372 5443 4)
2408 5382 2464 5429 61
2497 5383 2877 5462 man-emnem.
2915 5373 3176 5430 Bezanae
3210 5375 3329 5430 edd.
3366 5375 3613 5444 corporis
3659 5372 4013 5443 Tractatuum
4049 5390 4159 5431 exe.
4197 5376 4371 5430 Amet.
