4999 6179
666 479 817 547 XII
1374 534 1385 545 .
1857 462 2406 542 TRAO‘PA'I‘US
2451 470 3042 540 THEOLOGIOI
3083 469 3531 538 MINORES.

668 670 876 736 huius
928 666 1200 734 unicum
1243 663 1582 750 exemplar
1633 665 1821 732 nobis
1876 663 1961 730 ad
2015 669 2275 747 tempus
2328 662 2654 728 concessit
2705 660 2835 727 Vir
2885 661 3405 729 humanissimus
3460 660 3542 726 A.
3605 659 3896 737 Rattier,
3957 654 4359 741 Delphinas,
4412 654 4519 722 cui
4567 657 4701 724 iam

670 780 753 847 ob
796 776 978 846 aliud
1020 777 1409 862 opusculum
1442 776 1888 856 rarissimum,
1946 773 2028 841 de
2078 796 2206 859 quo
2262 794 2465 857 supra
2510 773 2825 853 diximus,
2886 780 3078 858 grato
3135 774 3355 839 animo
3414 770 3713 837 obstricti
3770 789 4016 837 sumus.
4104 768 4208 833 Eo
4250 767 4519 833 maioris
4560 788 4702 834 mo-

668 892 879 959 menti
933 888 1119 956 nobis
1170 886 1289 955 illa
1342 888 1498 968 fuit,
1558 887 1732 972 quod
1785 888 2106 972 plurimas
2158 886 2471 953 lectiones
2514 887 2852 953 variantes
2903 884 3118 968 prima
3184 883 3365 951 dedit
3415 903 3579 968 quas
3633 888 3863 965 postea
3917 881 4313 948 recentiores
4361 879 4702 947 manuales
4745 960 4754 969 ,

668 1002 876 1069 libelli
919 1006 1288 1068 servarunt.

982 1114 1247 1197 Agmen
1301 1110 1490 1177 nobis
1544 1108 1852 1176 claudent
1915 1109 2237 1178 editiones
2303 1110 2473 1179 duae
2541 1110 2920 1177 rarissimae
2988 1107 3412 1174 Psalmorum
3466 1104 3855 1191 gallicorum
3911 1103 4277 1171 Clementis
4331 1104 4580 1169 Maroti
4635 1111 4703 1169 et

671 1222 1003 1291 Theodori
1044 1224 1289 1302 Bezae,
1350 1221 1844 1288 Oatechismum
1904 1228 1971 1286 ct
2012 1223 2393 1308 Liturgiam
2452 1222 2656 1288 simul
2708 1221 3093 1305 complexae
3137 1225 3205 1284 et
3259 1217 3344 1283 ad
3397 1224 3692 1283 nostram
3745 1215 4218 1300 supellectilem
4276 1213 4697 1299 pertinentes.

669 1335 976 1403 Alteram
1021 1334 1337 1401 Genevae
1380 1332 1745 1400 excudebat
1785 1333 2184 1400 Franciscus
2225 1335 2440 1421 Iaquy
2485 1356 2542 1400 a.
2596 1337 2758 1397 1562
2806 1332 2877 1398 in
2920 1331 3135 1397 forma
3176 1330 3513 1396 octonaria
3553 1327 3800 1393 maiori.
3868 1327 4127 1393 Nomen
4171 1328 4357 1394 urbis
4389 1328 4462 1392 in
4506 1326 4699 1392 titulo

672 1453 965 1527 tacetur3
1012 1444 1278 1512 additur
1302 1450 1547 1511 -tamen
1592 1464 1834 1510 nomen
1889 1443 2277 1528 bibliopolae
2330 1445 2790 1530 lugdunensis:
2840 1444 3063 1509 Pour
3106 1441 3466 1508 Antoine
3509 1439 3869 1506 Vincent
3910 1459 4110 1505 avec
4151 1438 4556 1524 privilege
4601 1438 4699 1505 du

666 1559 841 1645 Roy
883 1579 1088 1642 pour
1131 1555 1268 1622 dix
1312 1578 1478 1624 ans.
1565 1555 1786 1621 Huius
1846 1554 2150 1621 editionis
2207 1554 2617 1640 possidemus
2662 1554 2848 1621 aliud
2901 1553 3103 1621 etiam
3158 1552 3502 1636 exemplar
3553 1573 3703 1619 cum
3758 1551 3949 1618 Novo
3995 1552 4419 1618 Testamento
4463 1551 4698 1636 gallico

670 1668 964 1738 ciusdem
1014 1670 1175 1735 anni
1218 1676 1287 1734 et
1329 1667 1629 1733 officinae
1668 1667 1965 1763 ligatum,
2004 1667 2079 1732 in
2123 1668 2308 1733 cuius
2351 1668 2667 1751 primario
2709 1666 2907 1732 titulo
2950 1648 3194 1731 nomen
3239 1665 3584 1740 Genevae,
3644 1683 3778 1729 non
3820 1684 3978 1730 vero
4021 1662 4367 1729 Vincentii
4406 1670 4696 1747 apparet,

667 1788 735 1849 et
792 1781 1113 1849 hactenus
1179 1799 1437 1863 quoque
1501 1799 1541 1844 a
1596 1775 2013 1862 praecedenti
2077 1777 2413 1845 diversum
2465 1779 2642 1863 quod
2707 1778 2906 1844 etiam
2971 1777 3380 1862 precationes
3437 1773 3827 1841 domesticas
3881 1773 4150 1840 exhibet
4204 1780 4271 1839 et
4326 1774 4698 1842 catechesin

662 1893 870 1974 illam,
918 1891 999 1969 de
1042 1913 1173 1976 qua
1215 1910 1420 1973 supra
1463 1888 1665 1957 verba
1706 1890 2000 1970 fecimus,
2045 1888 2535 1959 catechumenis
2579 1889 3000 1957 destinatam·
3020 1889 3134 1974 qui
3178 1908 3444 1955 mensae
3488 1885 3855 1953 dominicae
3909 1886 4128 1969 prima
4170 1887 4315 1953 vice
4359 1883 4693 1966 accedunt,

660 2011 731 2072 et
773 2005 948 2070 hanc
988 1994 1254 2087 quidem
1298 2000 1399 2068 bis
1430 2021 1840 2084 expressam,
1886 2022 1979 2067 ex
2016 2000 2277 2083 duplice
2321 2002 2721 2080 recensione,
2766 2001 3062 2085 longiore
3106 2000 3336 2077 altera,
3379 2019 3550 2083 quae
3594 1998 3679 2064 ad
3722 1998 3976 2066 calcem
4019 1992 4316 2082 psalterii
4369 1996 4696 2082 descripta

528 2112 541 2123 “
663 2104 929 2201 legitur,
974 2114 1184 2180 altera
1227 2113 1527 2180 breviore
1571 2111 1656 2177 ad
1699 2102 1944 2179 calcem
1987 2112 2192 2179 totius
2234 2113 2608 2180 voluminis.

976 2225 1176 2293 Anno
1221 2225 1542 2309 sequenti,
1594 2227 1780 2304 1563,
1838 2244 2085 2291 novam
2127 2223 2439 2291 Psalterii
2484 2223 2842 2291 editionem
2857 2276 2874 2305 ,
2928 2186 3163 2289 iisdem
3207 2221 3675 2290 additamentis
3731 2228 4020 2302 auctam,
4076 2200 4350 2315 eamque
4402 2222 4693 2289 omnium

661 2335 1262 2422 splendidissimam
1320 2336 1578 2403 curavit
1632 2335 1740 2402 vir
1801 2333 2268 2402 celeberrimus
2322 2335 2612 2403 Ioannes
2654 2335 2735 2403 de
2779 2337 3106 2416 Tournes,
3163 2333 3619 2422 typographus
3661 2324 4126 2419 lugdunensis,
4179 2333 4391 2400 forma
4433 2339 4695 2418 quater-

660 2451 849 2516 naria
890 2448 1121 2514 maiori
1167 2444 1639 2514 excudendam.

970 2560 1058 2625 In
1117 2578 1387 2643 corpore
1442 2559 1871 2625 'l'ractatuum
1930 2559 2176 2625 bezano
2220 2558 2454 2644 gallice
2498 2557 2675 2624 edito
2725 2581 2781 2624 a.
2835 2563 3018 2625 1566.
3063 2557 3525 2626 catechismus
3580 2556 3929 2624 exhibetur
3980 2578 4129 2642 pag.
4169 2560 4564 2635 200—2483
4619 2558 4690 2621 in

660 2669 1025 2754 exemplari
1068 2668 1400 2736 stocriano
1442 2691 1590 2755 pag.
1633 2672 1758 2736 225
1775 2672 2021 2734 -277.
4365 2662 4370 2667 ’

967 2894 1156 2961 Haec
1199 2900 1358 2960 sunt
1398 2913 1567 2978 quae
1608 2914 1727 2976 pro
1772 2900 2064 2977 tempore
2108 2890 2189 2958 de
2242 2890 2720 2977 antiquioribus
2764 2892 3164 2959 Oatechismi
3218 2891 3438 2978 gallici
3481 2890 3880 2959 editionibus
3923 2890 4008 2956 ad
4051 2913 4170 2959 nos
4223 2900 4690 2976 pervenerunt.

659 3006 1014 3075 Sufficient
1065 3025 1227 3072 sane
1282 3004 1366 3071 ad
1422 3012 1685 3071 textum
1740 3003 2218 3084 authenticum,
2276 3010 2596 3089 apparatu
2642 3024 2762 3070 suo
2806 3005 3029 3070 critico
3084 3004 3516 3084 illustratum,
3574 3002 3860 3069 fideliter
3904 3008 3972 3069 et
4014 3023 4243 3069 secure
4285 3004 4691 3071 constituen-

660 3119 835 3186 dum.
937 3118 1219 3185 Minime
1277 3137 1434 3186 vero
1492 3117 1824 3183 affirmare
1877 3117 2173 3182 ausimus
2228 3116 2450 3183 nullas
2494 3116 2658 3182 alias
2702 3117 2861 3181 olim
2917 3117 3275 3197 exstitisse,
3334 3117 3442 3184 vel
3483 3117 3685 3182 etiam
3741 3138 3918 3184 nunc
3962 3136 3999 3180 e
4047 3115 4187 3181 suis
4231 3115 4500 3181 latebris
4542 3116 4691 3183 elici

652 3251 864 3316 posse.
951 3230 1130 3297 Usus
1172 3228 1378 3295 libelli
1418 3229 1556 3295 fere
1596 3225 2017 3312 quotidianus
2060 3233 2221 3307 erat,
2266 3234 2344 3293 ut
2387 3235 2456 3294 et
2496 3227 2761 3311 saepius
2804 3247 3125 3295 excusum
3175 3229 3396 3310 fuisse,
3443 3235 3513 3295 et
3554 3227 3750 3295 citius
3794 3226 4073 3294 subinde
4115 3228 4292 3293 inter
4333 3249 4692 3313 puerorum

653 3363 896 3409 manus
936 3341 1213 3426 periisse
1253 3340 1444 3406 facile
1487 3338 1856 3422 suspiceris.

964 3453 1351 3518 Transimus
1408 3447 1495 3517 ad
1535 3450 1903 3517 versionem
1957 3449 2250 3515 latinam.
2341 3448 2553 3516 Cuius
2594 3447 2988 3535 praefationi
3049 3471 3251 3535 supra
3309 3451 3442 3517 iam
3496 3458 3899 3517 memoratae
3941 3449 4260 3517 Calvinus
4303 3452 4691 3535 subscripsit

655 3565 975 3632 Genevae
1017 3585 1075 3630 a.
1116 3561 1177 3627 d.
1223 3561 1346 3627 IV.
1392 3560 1722 3628 Oalendas
1767 3560 2154 3628 Decembris
2200 3565 2389 3626 1545.
2470 3561 2616 3626 Iam
2659 3582 2864 3645 quum
2911 3561 3112 3629 editio
3147 3585 3348 3648 quam
3390 3584 3513 3628 nos
3547 3562 4068 3646 antiquissimam
4104 3561 4424 3630 habemus
4456 3562 4690 3629 eodem

652 3698 828 3745 anno
885 3674 1319 3761 Argentorati
1370 3694 1406 3738 e
1462 3672 1647 3756 prelo
1688 3672 2045 3738 Riheliano
2097 3670 2444 3756 prodierit,
2503 3672 2697 3739 facile
2754 3673 2991 3757 aliquis
3035 3675 3387 3742 coniecerit
3433 3675 3607 3740 hanc
3656 3674 3870 3758 ipsam
3912 3674 4282 3759 principem
4334 3675 4567 3755 fuisse,
4620 3681 4691 3741 et

649 3811 772 3857 nos
814 3786 1080 3872 quidem
1124 3805 1452 3869 nusquam
1500 3784 1699 3850 aliam
1745 3781 2039 3850 eiusdem
2083 3785 2244 3848 anni
2287 3791 2553 3850 exstare
2596 3785 3049 3867 comperimus.
3138 3786 3288 3853 Hac
3341 3786 3485 3870 ipsa
3535 3786 3794 3852 ratione
3837 3807 4000 3852 usus
4043 3793 4147 3852 est
4187 3786 4271 3851 V.
4316 3785 4403 3851 D.
4449 3785 4686 3853 Barth.

648 3899 973 3967 Riederer
989 3951 1006 3979 ,
1064 3896 1595 3965 accuratissimus
1652 3915 1875 3960 rerum
1928 3894 2109 3961 illius
2163 3895 2405 3962 saeculi
2463 3895 2812 3979 indagator
2868 3896 2964 3981 (N
2965 3895 3142 3963 achr.
3181 3891 3309 3962 111.
3347 3897 3524 3982 4⁷9).
3627 3898 3945 3963 Attamen
4017 3903 4121 3963 est
4173 3897 4348 3980 quod
4403 3898 4683 3977 mireris,

645 4010 1024 4090 Oalvinum,
1069 4010 1183 4094 qui
1224 4014 1387 4074 tunc
1431 4005 1746 4090 temporis
1790 4005 2106 4073 Genevae
2149 4006 2414 4092 agebat,
2472 4006 2716 4071 librum
2773 4028 2973 4073 suum
3026 4015 3254 4074 extero
3309 4008 3527 4091 potius
3571 4008 3832 4074 cuidam
3876 4008 4292 4094 typographo
4335 4006 4686 4075 tradidisse

649 4144 849 4208 quam
892 4123 964 4188 in
998 4141 1143 4186 -sua
1196 4119 1362 4185 urbe
1376 4169 1393 4197 ,
1452 4115 1568 4183 ubi
1612 4115 1901 4201 quotidie
1943 4116 2110 4197 fere,
2169 4124 2245 4183 ut
2284 4118 2379 4184 ita
2423 4117 2749 4199 dicamus,
2796 4119 3060 4203 scriptis
3103 4119 3242 4186 suis
3284 4119 3549 4202 prelum
3591 4118 3940 4186 exercebat
3953 4171 3970 4200 ,
4012 4119 4528 4204 imprimendum
4569 4141 4686 4186 cu-

647 4256 852 4302 rasse.
942 4229 1366 4300 Senebierius
1410 4226 1674 4313 quidem
1721 4230 1794 4293 in
1836 4249 1961 4294 sua
2004 4228 2286 4295 historia
2340 4228 2638 4295 literaria
2679 4237 2747 4296 et
2789 4232 2901 4314 qui
2944 4251 3097 4295 eum
3137 4238 3452 4315 sequutus
3494 4238 3595 4297 est
3634 4232 3712 4297 P.
3759 4231 3999 4315 Henry
4041 4252 4416 4316 genevense
4459 4251 4685 4297 exem-

646 4349 793 4435 plar
837 4368 893 4411 a.
942 4347 1105 4410 1545
1150 4342 1404 4409 editum
1447 4345 1987 4405 commemorant:
2034 4359 2271 4405 verum
2312 4347 2551 4406 neuter
2585 4340 2718 4405 tale
2755 4341 3000 4407 vidisse
3041 4341 3323 4422 videtur,
3365 4364 3571 4427 quum
3613 4362 3812 4426 quem
3856 4342 4147 4408 afferunt
4186 4343 4459 4409 titulum
4504 4364 4686 4410 erro-

650 4482 850 4526 neum
916 4477 1060 4524 esse
1126 4452 1560 4521 demonstrari
1616 4452 1839 4535 possit.
1938 4451 2010 4517 Is
2063 4452 2157 4517 sic
2211 4471 2285 4516 se
2343 4451 2588 4517 habere
2649 4451 2890 4519 dicitur
2949 4453 3220 4539 (Henry
3256 4454 3379 4520 ΠΙ.
3427 4453 3706 4539 append.
3752 4474 3813 4537 p.
3861 4453 4044 4538 191):
4105 4453 4684 4522 Oatechismus

654 4570 1065 4638 ecclesiae
1120 4564 1624 4651 genevensis
1678 4563 1926 4646 primo
1968 4562 2275 4647 gallice
2320 4563 2696 4647 scriptus
2748 4568 2979 4644 1536,
3038 4563 3336 4630 deinde
3396 4565 3487 4632 ab
3553 4566 3742 4648 ipso
3800 4574 4090 4632 autore
4133 4586 4225 4632 eo
4281 4567 4421 4650 qui
4475 4589 4685 4634 nunc

651 4688 936 4749 exstat
978 4677 1267 4746 ordine
1312 4683 1390 4740 et
1431 4671 1808 4740 methodo
1851 4672 2130 4741 editus
2169 4672 2467 4755 latine,
2526 4673 2851 4742 adiecta
2905 4675 3263 4742 formula
3305 4682 3473 4740 tum
3525 4696 3859 4759 precum
3912 4676 4461 4762 publicarum,
4513 4686 4686 4744 tum

654 4789 1429 4862 administrationis
1473 4792 2192 4853 sacramentorum.
2283 4783 2419 4882 Qui
2471 4785 2635 4853 haec
2689 4786 2849 4853 talia
2903 4787 3193 4871 scripsit,
3256 4807 3390 4852 non
3442 4784 3939 4872 bibliographus
3982 4810 4066 4872 ex
4123 4797 4470 4872 praesente
4511 4789 4684 4856 libro

654 4905 955 4991 sumpsit,
1001 4900 1116 4968 sed
1157 4899 1538 4978 historicus,
1583 4918 1806 4963 rerum
1850 4903 2190 4982 gestarum
2233 4897 2456 4962 minus
2499 4898 2667 4964 bene
2712 4920 2988 4982 gnarus,
3031 4920 3116 4964 ex
3160 4918 3279 4964 suo
3321 4898 3590 4983 ingenio
3633 4901 4070 4968 concinnavit.
4161 4901 4465 4985 Namque
4506 4903 4687 4968 inter

654 5016 1152 5086 Ostechismum
1208 5011 1491 5077 latinum
1546 5010 1703 5074 anni
1754 5014 1918 5074 1545
1963 5017 2031 5074 et
2084 5009 2396 5092 gallicum
2451 5010 2611 5074 anni
2662 5013 2824 5074 1536
2882 5010 3141 5076 medius
3196 5011 3570 5077 intercessit
3625 5010 3900 5095 gallicus
3957 5012 4285 5079 secundus
4328 5015 4515 5080 cuius
4570 5012 4685 5080 hic

656 5137 883 5197 noster
923 5147 1093 5210 pura
1135 5129 1301 5210 puta
1344 5119 1560 5190 versio
1603 5121 1748 5186 fuit.
1832 5117 2025 5186 Adde
2079 5120 2254 5205 quod
2306 5128 2465 5186 tunc
2509 5113 2864 5186 calvinum
2920 5123 3093 5187 inter
3136 5130 3205 5187 et
3241 5121 3586 5189 Rihelium
3645 5145 3855 5207 usque
3896 5123 4346 5191 intercedebat
4388 5124 4682 5210 negotio-

658 5262 809 5308 rum
853 5234 1275 5315 consuetudo,
1320 5243 1517 5318 atque
1562 5232 1864 5299 libellum
1902 5232 2190 5314 latinum
2232 5219 2555 5298 ministris
2598 5233 2994 5318 germanicis
3037 5232 3474 5313 destinatum,
3516 5236 3628 5320 qui
3675 5235 4184 5310 Genevensibus
4229 5235 4476 5304 nullius
4517 5258 4681 5305 usus

654 5357 920 5422 futurus
964 5358 1124 5428 erat,
1169 5368 1303 5413 non
1348 5346 1802 5429 imprudenter
1840 5345 1911 5410 in
1956 5345 2102 5428 ipsa
2146 5343 2513 5410 Germania
2553 5343 2818 5428 prodire
2859 5345 3146 5412 voluisse
3190 5352 3379 5412 autor
3419 5345 3699 5412 videtur.
3759 5345 3899 5413 Nos
3941 5348 4166 5431 itaque
4207 5346 4375 5413 illud
4416 5349 4681 5433 Argen-
