<?xml version="1.0" encoding="UTF-8"?>
<!DOCTYPE html PUBLIC "-//W3C//DTD XHTML 1.0 Transitional//EN"
    "http://www.w3.org/TR/xhtml1/DTD/xhtml1-transitional.dtd">
<html xmlns="http://www.w3.org/1999/xhtml" xml:lang="en" lang="en">
 <head>
  <title>
</title>
<meta http-equiv="Content-Type" content="text/html;charset=utf-8" />
  <meta name='ocr-system' content='tesseract 3.04.00' />
  <meta name='ocr-capabilities' content='ocr_page ocr_carea ocr_par ocr_line ocrx_word'/>
</head>
<body>
  <div class='ocr_page' id='page_1' title='image "./ioanniscalvinio00horsgoog_0188.png"; bbox 0 0 4999 6179; ppageno 0'>
   <div class='ocr_carea' id='block_1_1' title="bbox 615 420 740 482">
    <p class='ocr_par' dir='ltr' id='par_1_1' title="bbox 615 420 740 482">
     <span class='ocr_line' id='line_1_1' title="bbox 615 420 740 482; baseline 0 0"><span class='ocrx_word' id='word_1_1' title='bbox 615 420 740 482; x_wconf 84' lang='lat'><strong>299</strong></span> 
     </span>
    </p>
   </div>
   <div class='ocr_carea' id='block_1_2' title="bbox 549 596 2576 3177">
    <p class='ocr_par' dir='ltr' id='par_1_2' title="bbox 549 596 2576 3177">
     <span class='ocr_line' id='line_1_2' title="bbox 616 596 2569 686; baseline -0.005 -14"><span class='ocrx_word' id='word_1_2' title='bbox 616 606 804 672; x_wconf 90' lang='lat' dir='ltr'><strong>nobis</strong></span> <span class='ocrx_word' id='word_1_3' title='bbox 819 656 834 683; x_wconf 90' lang='lat'>‚</span> <span class='ocrx_word' id='word_1_4' title='bbox 893 605 1131 681; x_wconf 85' lang='lat' dir='ltr'><strong>fateor,</strong></span> <span class='ocrx_word' id='word_1_5' title='bbox 1189 604 1262 668; x_wconf 89' lang='lat' dir='ltr'><strong>in</strong></span> <span class='ocrx_word' id='word_1_6' title='bbox 1314 603 1601 686; x_wconf 90' lang='lat' dir='ltr'><strong>speciem</strong></span> <span class='ocrx_word' id='word_1_7' title='bbox 1645 600 1909 668; x_wconf 87' lang='lat' dir='ltr'><strong>videtur</strong></span> <span class='ocrx_word' id='word_1_8' title='bbox 1950 620 2337 685; x_wconf 86' lang='lat' dir='ltr'><strong>repugnare.</strong></span> <span class='ocrx_word' id='word_1_9' title='bbox 2431 596 2569 664; x_wconf 77' lang='lat' dir='ltr'><strong>Sed</strong></span> 
     </span>
     <span class='ocr_line' id='line_1_3' title="bbox 613 683 2567 775; baseline -0.005 -17"><span class='ocrx_word' id='word_1_10' title='bbox 613 694 671 758; x_wconf 89' lang='lat' dir='ltr'><strong>si</strong></span> <span class='ocrx_word' id='word_1_11' title='bbox 718 690 1164 775; x_wconf 89' lang='lat' dir='ltr'><strong>Augustinum</strong></span> <span class='ocrx_word' id='word_1_12' title='bbox 1209 689 1560 772; x_wconf 76' lang='lat' dir='ltr'><strong>recipimus</strong></span> <span class='ocrx_word' id='word_1_13' title='bbox 1603 687 1708 753; x_wconf 91' lang='lat' dir='ltr'><strong>sui</strong></span> <span class='ocrx_word' id='word_1_14' title='bbox 1746 688 2180 770; x_wconf 79' lang='lat' dir='ltr'>interpretem</span> <span class='ocrx_word' id='word_1_15' title='bbox 2197 737 2212 765; x_wconf 96' lang='lat'><strong><em>‚</em></strong></span> <span class='ocrx_word' id='word_1_16' title='bbox 2258 691 2397 751; x_wconf 90' lang='lat' dir='ltr'><strong>tota</strong></span> <span class='ocrx_word' id='word_1_17' title='bbox 2442 683 2567 749; x_wconf 87' lang='lat' dir='ltr'><strong>dif-</strong></span> 
     </span>
     <span class='ocr_line' id='line_1_4' title="bbox 612 772 2569 844; baseline -0.005 0"><span class='ocrx_word' id='word_1_18' title='bbox 612 777 875 844; x_wconf 87' lang='lat' dir='ltr'><strong>ficultas</strong></span> <span class='ocrx_word' id='word_1_19' title='bbox 927 777 1055 841; x_wconf 87' lang='lat' dir='ltr'><strong>erit</strong></span> <span class='ocrx_word' id='word_1_20' title='bbox 1093 775 1179 839; x_wconf 89' lang='lat' dir='ltr'><strong>ad</strong></span> <span class='ocrx_word' id='word_1_21' title='bbox 1221 774 1612 841; x_wconf 87' lang='lat' dir='ltr'><strong>solvendum</strong></span> <span class='ocrx_word' id='word_1_22' title='bbox 1661 772 1990 839; x_wconf 85' lang='lat' dir='ltr'><strong>facillima.</strong></span> <span class='ocrx_word' id='word_1_23' title='bbox 2048 773 2408 838; x_wconf 76' lang='lat' dir='ltr'>Peccatum</span> <span class='ocrx_word' id='word_1_24' title='bbox 2451 792 2569 835; x_wconf 89' lang='lat' dir='ltr'><strong>ne-</strong></span> 
     </span>
     <span class='ocr_line' id='line_1_5' title="bbox 613 855 2569 949; baseline -0.004 -22"><span class='ocrx_word' id='word_1_25' title='bbox 613 874 730 949; x_wconf 86' lang='lat' dir='ltr'><strong>gat</strong></span> <span class='ocrx_word' id='word_1_26' title='bbox 773 863 911 928; x_wconf 86' lang='lat' dir='ltr'><strong>fore</strong></span> <span class='ocrx_word' id='word_1_27' title='bbox 954 868 1313 946; x_wconf 88' lang='lat' dir='ltr'><strong>peccatum,</strong></span> <span class='ocrx_word' id='word_1_28' title='bbox 1361 861 1520 944; x_wconf 90' lang='lat' dir='ltr'><strong>quin</strong></span> <span class='ocrx_word' id='word_1_29' title='bbox 1565 860 1651 924; x_wconf 88' lang='lat' dir='ltr'><strong>sit</strong></span> <span class='ocrx_word' id='word_1_30' title='bbox 1683 859 2148 925; x_wconf 86' lang='lat' dir='ltr'><strong>volunta-rium.</strong></span> <span class='ocrx_word' id='word_1_31' title='bbox 2209 858 2293 922; x_wconf 94' lang='lat' dir='ltr'><strong>In</strong></span> <span class='ocrx_word' id='word_1_32' title='bbox 2337 855 2569 923; x_wconf 82' lang='lat' dir='ltr'><strong>volun-</strong></span> 
     </span>
     <span class='ocr_line' id='line_1_6' title="bbox 611 945 2570 1033; baseline -0.004 -18"><span class='ocrx_word' id='word_1_33' title='bbox 611 958 752 1015; x_wconf 79' lang='lat' dir='ltr'><strong>tate</strong></span> <span class='ocrx_word' id='word_1_34' title='bbox 793 951 1010 1033; x_wconf 61' lang='lat' dir='ltr'><strong>porro*</strong></span> <span class='ocrx_word' id='word_1_35' title='bbox 1034 946 1316 1013; x_wconf 90' lang='lat' dir='ltr'><strong>liberum</strong></span> <span class='ocrx_word' id='word_1_36' title='bbox 1357 968 1499 1012; x_wconf 89' lang='lat' dir='ltr'><strong>esse</strong></span> <span class='ocrx_word' id='word_1_37' title='bbox 1537 945 1898 1011; x_wconf 78' lang='lat' dir='ltr'><strong>arbitrium.</strong></span> <span class='ocrx_word' id='word_1_38' title='bbox 1966 945 2162 1010; x_wconf 78' lang='lat' dir='ltr'><strong>Tales</strong></span> <span class='ocrx_word' id='word_1_39' title='bbox 2207 945 2384 1008; x_wconf 90' lang='lat' dir='ltr'><strong>enim</strong></span> <span class='ocrx_word' id='word_1_40' title='bbox 2431 965 2570 1008; x_wconf 90' lang='lat' dir='ltr'><strong>ser-</strong></span> 
     </span>
     <span class='ocr_line' id='line_1_7' title="bbox 611 1029 2572 1109; baseline -0.005 -8"><span class='ocrx_word' id='word_1_41' title='bbox 611 1056 737 1101; x_wconf 75' lang='lat' dir='ltr'><strong>vos</strong></span> <span class='ocrx_word' id='word_1_42' title='bbox 792 1034 1098 1099; x_wconf 90' lang='lat' dir='ltr'><strong>meliores</strong></span> <span class='ocrx_word' id='word_1_43' title='bbox 1156 1054 1298 1098; x_wconf 88' lang='lat' dir='ltr'><strong>esse</strong></span> <span class='ocrx_word' id='word_1_44' title='bbox 1356 1031 1672 1096; x_wconf 85' lang='lat' dir='ltr'><strong>iudicavit</strong></span> <span class='ocrx_word' id='word_1_45' title='bbox 1724 1030 1941 1109; x_wconf 91' lang='lat' dir='ltr'><strong>Deus,</strong></span> <span class='ocrx_word' id='word_1_46' title='bbox 2013 1031 2069 1096; x_wconf 90' lang='lat' dir='ltr'><strong>si</strong></span> <span class='ocrx_word' id='word_1_47' title='bbox 2126 1031 2186 1094; x_wconf 90' lang='lat' dir='ltr'><strong>ei</strong></span> <span class='ocrx_word' id='word_1_48' title='bbox 2243 1029 2572 1095; x_wconf 85' lang='lat' dir='ltr'><strong>servirent</strong></span> 
     </span>
     <span class='ocr_line' id='line_1_8' title="bbox 610 1116 2571 1201; baseline -0.004 -14"><span class='ocrx_word' id='word_1_49' title='bbox 610 1120 987 1187; x_wconf 78' lang='lat' dir='ltr'><strong>liberaliter.</strong></span> <span class='ocrx_word' id='word_1_50' title='bbox 1078 1117 1274 1199; x_wconf 87' lang='grc'>911011</span> <span class='ocrx_word' id='word_1_51' title='bbox 1327 1117 1511 1182; x_wconf 90' lang='lat' dir='ltr'><strong>nullo</strong></span> <span class='ocrx_word' id='word_1_52' title='bbox 1567 1116 1759 1182; x_wconf 91' lang='lat' dir='ltr'><strong>modo</strong></span> <span class='ocrx_word' id='word_1_53' title='bbox 1802 1118 1946 1182; x_wconf 89' lang='lat' dir='ltr'><strong>fieri</strong></span> <span class='ocrx_word' id='word_1_54' title='bbox 1986 1125 2239 1201; x_wconf 90' lang='lat' dir='ltr'><strong>posset,</strong></span> <span class='ocrx_word' id='word_1_55' title='bbox 2284 1116 2413 1180; x_wconf 89' lang='lat' dir='ltr'><strong>nisi</strong></span> <span class='ocrx_word' id='word_1_56' title='bbox 2457 1137 2571 1181; x_wconf 84' lang='lat' dir='ltr'><strong>vo·-</strong></span> 
     </span>
     <span class='ocr_line' id='line_1_9' title="bbox 612 1201 2569 1283; baseline -0.004 -11"><span class='ocrx_word' id='word_1_57' title='bbox 612 1206 872 1272; x_wconf 89' lang='lat' dir='ltr'><strong>luntate</strong></span> <span class='ocrx_word' id='word_1_58' title='bbox 916 1205 1260 1283; x_wconf 86' lang='lat' dir='ltr'><strong>servirent,</strong></span> <span class='ocrx_word' id='word_1_59' title='bbox 1306 1212 1374 1268; x_wconf 88' lang='lat' dir='ltr'><strong>ot</strong></span> <span class='ocrx_word' id='word_1_60' title='bbox 1427 1225 1561 1269; x_wconf 90' lang='lat' dir='ltr'><strong>non</strong></span> <span class='ocrx_word' id='word_1_61' title='bbox 1607 1204 2012 1269; x_wconf 77' lang='lat' dir='ltr'><strong>necessitate.</strong></span> <span class='ocrx_word' id='word_1_62' title='bbox 2106 1202 2168 1267; x_wconf 94' lang='lat' dir='ltr'><strong>N</strong></span> <span class='ocrx_word' id='word_1_63' title='bbox 2169 1224 2300 1267; x_wconf 93' lang='lat' dir='ltr'><strong>unc</strong></span> <span class='ocrx_word' id='word_1_64' title='bbox 2351 1201 2569 1267; x_wconf 91' lang='grc'>1001101</span> 
     </span>
     <span class='ocr_line' id='line_1_10' title="bbox 611 1286 2570 1374; baseline -0.004 -16"><span class='ocrx_word' id='word_1_65' title='bbox 611 1291 1137 1374; x_wconf 76' lang='lat' dir='ltr'><strong>interpretationi</strong></span> <span class='ocrx_word' id='word_1_66' title='bbox 1179 1288 1426 1355; x_wconf 89' lang='lat' dir='ltr'><strong>demus.</strong></span> <span class='ocrx_word' id='word_1_67' title='bbox 1494 1290 1867 1368; x_wconf 77' lang='lat' dir='ltr'><strong>Peccatum,</strong></span> <span class='ocrx_word' id='word_1_68' title='bbox 1914 1289 2146 1371; x_wconf 86' lang='lat' dir='ltr'><strong>inquit,</strong></span> <span class='ocrx_word' id='word_1_69' title='bbox 2175 1286 2224 1371; x_wconf 91' lang='lat'><strong>¹)</strong></span> <span class='ocrx_word' id='word_1_70' title='bbox 2267 1287 2432 1369; x_wconf 86' lang='lat' dir='ltr'><strong>illud</strong></span> <span class='ocrx_word' id='word_1_71' title='bbox 2466 1287 2570 1351; x_wconf 90' lang='lat' dir='ltr'><strong>in-</strong></span> 
     </span>
     <span class='ocr_line' id='line_1_11' title="bbox 613 1374 2569 1461; baseline -0.003 -17"><span class='ocrx_word' id='word_1_72' title='bbox 613 1377 825 1461; x_wconf 87' lang='lat' dir='ltr'><strong>telligi</strong></span> <span class='ocrx_word' id='word_1_73' title='bbox 879 1374 1098 1455; x_wconf 90' lang='lat' dir='ltr'><strong>debet,</strong></span> <span class='ocrx_word' id='word_1_74' title='bbox 1152 1375 1324 1458; x_wconf 90' lang='lat' dir='ltr'><strong>quod</strong></span> <span class='ocrx_word' id='word_1_75' title='bbox 1377 1375 1829 1440; x_wconf 90' lang='lat' dir='ltr'><strong>tantummodo</strong></span> <span class='ocrx_word' id='word_1_76' title='bbox 1868 1381 2211 1458; x_wconf 89' lang='lat' dir='ltr'><strong>peccatum</strong></span> <span class='ocrx_word' id='word_1_77' title='bbox 2259 1384 2390 1452; x_wconf 90' lang='lat' dir='ltr'><strong>est,</strong></span> <span class='ocrx_word' id='word_1_78' title='bbox 2435 1395 2569 1438; x_wconf 89' lang='lat' dir='ltr'><strong>non</strong></span> 
     </span>
     <span class='ocr_line' id='line_1_12' title="bbox 611 1459 2571 1544; baseline -0.003 -15"><span class='ocrx_word' id='word_1_79' title='bbox 611 1465 814 1529; x_wconf 90' lang='lat' dir='ltr'><strong>etiam</strong></span> <span class='ocrx_word' id='word_1_80' title='bbox 856 1482 1068 1544; x_wconf 90' lang='lat' dir='ltr'><strong>poena</strong></span> <span class='ocrx_word' id='word_1_81' title='bbox 1108 1466 1373 1544; x_wconf 89' lang='lat' dir='ltr'><strong>peccati.</strong></span> <span class='ocrx_word' id='word_1_82' title='bbox 1466 1462 1710 1526; x_wconf 89' lang='lat' dir='ltr'><strong>Postea</strong></span> <span class='ocrx_word' id='word_1_83' title='bbox 1752 1459 1910 1524; x_wconf 93' lang='lat' dir='ltr'><strong>dum</strong></span> <span class='ocrx_word' id='word_1_84' title='bbox 1953 1461 2241 1543; x_wconf 87' lang='lat' dir='ltr'><strong>inquirit,</strong></span> <span class='ocrx_word' id='word_1_85' title='bbox 2289 1459 2571 1542; x_wconf 84' lang='lat' dir='ltr'><strong>qualiter</strong></span> 
     </span>
     <span class='ocr_line' id='line_1_13' title="bbox 611 1548 2569 1630; baseline -0.004 -15"><span class='ocrx_word' id='word_1_86' title='bbox 611 1548 989 1615; x_wconf 81' lang='lat' dir='ltr'><strong>voluntaria</strong></span> <span class='ocrx_word' id='word_1_87' title='bbox 1032 1549 1167 1611; x_wconf 88' lang='lat' dir='ltr'><strong>sint</strong></span> <span class='ocrx_word' id='word_1_88' title='bbox 1211 1569 1289 1612; x_wconf 89' lang='lat' dir='ltr'><strong>ea</strong></span> <span class='ocrx_word' id='word_1_89' title='bbox 1330 1568 1604 1630; x_wconf 89' lang='lat' dir='ltr'><strong>quoque,</strong></span> <span class='ocrx_word' id='word_1_90' title='bbox 1652 1567 1817 1630; x_wconf 89' lang='grc'>01100</span> <span class='ocrx_word' id='word_1_91' title='bbox 1861 1552 2323 1629; x_wconf 86' lang='lat' dir='ltr'><strong>perpetrantur</strong></span> <span class='ocrx_word' id='word_1_92' title='bbox 2366 1567 2405 1608; x_wconf 89' lang='lat' dir='ltr'><strong>a</strong></span> <span class='ocrx_word' id='word_1_93' title='bbox 2448 1565 2569 1609; x_wconf 91' lang='lat' dir='ltr'><strong>no-</strong></span> 
     </span>
     <span class='ocr_line' id='line_1_14' title="bbox 612 1630 2569 1716; baseline -0.003 -16"><span class='ocrx_word' id='word_1_94' title='bbox 612 1635 751 1711; x_wconf 88' lang='lat' dir='ltr'><strong>bis,</strong></span> <span class='ocrx_word' id='word_1_95' title='bbox 797 1634 946 1698; x_wconf 89' lang='lat' dir='ltr'><strong>ideo</strong></span> <span class='ocrx_word' id='word_1_96' title='bbox 992 1634 1085 1698; x_wconf 90' lang='lat' dir='ltr'><strong>sic</strong></span> <span class='ocrx_word' id='word_1_97' title='bbox 1128 1633 1352 1699; x_wconf 80' lang='lat' dir='ltr'><strong>vocari</strong></span> <span class='ocrx_word' id='word_1_98' title='bbox 1397 1653 1586 1716; x_wconf 89' lang='lat' dir='ltr'><strong>posse</strong></span> <span class='ocrx_word' id='word_1_99' title='bbox 1630 1633 1845 1711; x_wconf 88' lang='lat' dir='ltr'><strong>docet,</strong></span> <span class='ocrx_word' id='word_1_100' title='bbox 1903 1633 2072 1715; x_wconf 90' lang='lat' dir='ltr'><strong>quod</strong></span> <span class='ocrx_word' id='word_1_101' title='bbox 2119 1631 2294 1696; x_wconf 88' lang='lat' dir='ltr'><strong>mala</strong></span> <span class='ocrx_word' id='word_1_102' title='bbox 2337 1630 2569 1696; x_wconf 88' lang='lat' dir='ltr'><strong>volun-</strong></span> 
     </span>
     <span class='ocr_line' id='line_1_15' title="bbox 611 1717 2572 1798; baseline -0.003 -13"><span class='ocrx_word' id='word_1_103' title='bbox 611 1726 751 1785; x_wconf 88' lang='lat' dir='ltr'><strong>tate</strong></span> <span class='ocrx_word' id='word_1_104' title='bbox 795 1721 976 1784; x_wconf 87' lang='lat' dir='ltr'><strong>fiant.</strong></span> <span class='ocrx_word' id='word_1_105' title='bbox 1064 1719 1160 1785; x_wconf 89' lang='lat' dir='ltr'><strong>Ut</strong></span> <span class='ocrx_word' id='word_1_106' title='bbox 1201 1726 1424 1784; x_wconf 89' lang='lat' dir='ltr'><strong>autem</strong></span> <span class='ocrx_word' id='word_1_107' title='bbox 1468 1719 1638 1783; x_wconf 89' lang='lat' dir='ltr'><strong>bona</strong></span> <span class='ocrx_word' id='word_1_108' title='bbox 1681 1719 1784 1798; x_wconf 88' lang='lat' dir='ltr'><strong>sit,</strong></span> <span class='ocrx_word' id='word_1_109' title='bbox 1833 1740 1872 1782; x_wconf 89' lang='lat' dir='ltr'><strong>a</strong></span> <span class='ocrx_word' id='word_1_110' title='bbox 1913 1719 2200 1783; x_wconf 90' lang='lat' dir='ltr'><strong>Domino</strong></span> <span class='ocrx_word' id='word_1_111' title='bbox 2240 1717 2461 1782; x_wconf 88' lang='lat' dir='ltr'><strong>sanari</strong></span> <span class='ocrx_word' id='word_1_112' title='bbox 2505 1722 2572 1781; x_wconf 88' lang='lat' dir='ltr'><strong>et</strong></span> 
     </span>
     <span class='ocr_line' id='line_1_16' title="bbox 611 1802 2568 1891; baseline -0.003 -21"><span class='ocrx_word' id='word_1_113' title='bbox 611 1825 771 1891; x_wconf 87' lang='lat' dir='ltr'><strong>prae</strong></span> <span class='ocrx_word' id='word_1_114' title='bbox 819 1804 1012 1869; x_wconf 90' lang='lat' dir='ltr'><strong>arari.</strong></span> <span class='ocrx_word' id='word_1_115' title='bbox 1068 1805 1392 1870; x_wconf 86' lang='lat' dir='ltr'><strong>Possetne</strong></span> <span class='ocrx_word' id='word_1_116' title='bbox 1415 1804 1659 1871; x_wconf 89' lang='lat' dir='ltr'><strong>clarius</strong></span> <span class='ocrx_word' id='word_1_117' title='bbox 1696 1804 2113 1887; x_wconf 82' lang='lat' dir='ltr'><strong>expostulare</strong></span> <span class='ocrx_word' id='word_1_118' title='bbox 2135 1824 2286 1868; x_wconf 93' lang='lat' dir='ltr'><strong>cum</strong></span> <span class='ocrx_word' id='word_1_119' title='bbox 2307 1802 2568 1887; x_wconf 86' lang='lat' dir='ltr'><strong>Pighi0,</strong></span> 
     </span>
     <span class='ocr_line' id='line_1_17' title="bbox 613 1888 2571 1976; baseline -0.003 -20"><span class='ocrx_word' id='word_1_120' title='bbox 613 1912 745 1976; x_wconf 89' lang='lat' dir='ltr'><strong>quo</strong></span> <span class='ocrx_word' id='word_1_121' title='bbox 838 1910 1114 1976; x_wconf 84' lang='lat' dir='ltr'><strong>gravem</strong></span> <span class='ocrx_word' id='word_1_122' title='bbox 1159 1890 1286 1955; x_wconf 88' lang='lat' dir='ltr'><strong>sibi</strong></span> <span class='ocrx_word' id='word_1_123' title='bbox 1330 1890 1641 1955; x_wconf 87' lang='lat' dir='ltr'><strong>iniuriam</strong></span> <span class='ocrx_word' id='word_1_124' title='bbox 1658 1943 1672 1969; x_wconf 97' lang='lat'><strong>,</strong></span> <span class='ocrx_word' id='word_1_125' title='bbox 1721 1891 1962 1971; x_wconf 89' lang='lat' dir='ltr'><strong>scripta</strong></span> <span class='ocrx_word' id='word_1_126' title='bbox 2005 1911 2126 1954; x_wconf 89' lang='lat' dir='ltr'><strong>sua</strong></span> <span class='ocrx_word' id='word_1_127' title='bbox 2167 1890 2239 1952; x_wconf 89' lang='lat' dir='ltr'><strong>in</strong></span> <span class='ocrx_word' id='word_1_128' title='bbox 2281 1888 2571 1953; x_wconf 90' lang='lat' dir='ltr'><strong>alienum</strong></span> 
     </span>
     <span class='ocr_line' id='line_1_18' title="bbox 614 1975 2571 2058; baseline -0.003 -15"><span class='ocrx_word' id='word_1_129' title='bbox 614 1998 882 2042; x_wconf 88' lang='lat' dir='ltr'><strong>sensum</strong></span> <span class='ocrx_word' id='word_1_130' title='bbox 926 1975 1317 2058; x_wconf 91' lang='lat' dir='ltr'><strong>torquendo,</strong></span> <span class='ocrx_word' id='word_1_131' title='bbox 1377 1976 1616 2042; x_wconf 80' lang='lat' dir='ltr'><strong>faciat?</strong></span> <span class='ocrx_word' id='word_1_132' title='bbox 1719 1978 1813 2040; x_wconf 88' lang='lat' dir='ltr'><strong>At</strong></span> <span class='ocrx_word' id='word_1_133' title='bbox 1854 1977 2161 2057; x_wconf 89' lang='lat' dir='ltr'><strong>primum,</strong></span> <span class='ocrx_word' id='word_1_134' title='bbox 2219 1975 2571 2040; x_wconf 87' lang='lat' dir='ltr'><strong>ratiocina-</strong></span> 
     </span>
     <span class='ocr_line' id='line_1_19' title="bbox 613 2059 2573 2128; baseline -0.003 0"><span class='ocrx_word' id='word_1_135' title='bbox 613 2064 863 2128; x_wconf 84' lang='lat' dir='ltr'><strong>tionem</strong></span> <span class='ocrx_word' id='word_1_136' title='bbox 912 2061 1175 2127; x_wconf 86' lang='lat' dir='ltr'><strong>deducit</strong></span> <span class='ocrx_word' id='word_1_137' title='bbox 1220 2083 1260 2125; x_wconf 87' lang='lat' dir='ltr'><strong>a</strong></span> <span class='ocrx_word' id='word_1_138' title='bbox 1293 2063 1667 2128; x_wconf 83' lang='lat' dir='ltr'><strong>voluntario</strong></span> <span class='ocrx_word' id='word_1_139' title='bbox 1703 2061 1787 2126; x_wconf 89' lang='lat' dir='ltr'><strong>ad</strong></span> <span class='ocrx_word' id='word_1_140' title='bbox 1822 2059 2131 2126; x_wconf 89' lang='lat' dir='ltr'><strong>liberum:</strong></span> <span class='ocrx_word' id='word_1_141' title='bbox 2177 2060 2412 2125; x_wconf 91' lang='lat' dir='ltr'><strong>deinde</strong></span> <span class='ocrx_word' id='word_1_142' title='bbox 2457 2080 2573 2126; x_wconf 84' lang='lat' dir='ltr'><strong>vo-</strong></span> 
     </span>
     <span class='ocr_line' id='line_1_20' title="bbox 614 2146 2573 2231; baseline -0.003 -17"><span class='ocrx_word' id='word_1_143' title='bbox 614 2149 857 2214; x_wconf 89' lang='lat' dir='ltr'><strong>luntati</strong></span> <span class='ocrx_word' id='word_1_144' title='bbox 903 2149 1363 2213; x_wconf 89' lang='lat' dir='ltr'><strong>necessitatem</strong></span> <span class='ocrx_word' id='word_1_145' title='bbox 1405 2148 1692 2231; x_wconf 89' lang='lat' dir='ltr'><strong>opponit.</strong></span> <span class='ocrx_word' id='word_1_146' title='bbox 1781 2146 2012 2230; x_wconf 88' lang='lat' dir='ltr'><strong>Neque</strong></span> <span class='ocrx_word' id='word_1_147' title='bbox 2056 2168 2177 2230; x_wconf 91' lang='lat' dir='ltr'><strong>ego</strong></span> <span class='ocrx_word' id='word_1_148' title='bbox 2222 2147 2573 2212; x_wconf 88' lang='lat' dir='ltr'><strong>ratiocina-</strong></span> 
     </span>
     <span class='ocr_line' id='line_1_21' title="bbox 613 2231 2573 2321; baseline -0.002 -22"><span class='ocrx_word' id='word_1_149' title='bbox 613 2235 862 2321; x_wconf 78' lang='lat' dir='ltr'><strong>tionem</strong></span> <span class='ocrx_word' id='word_1_150' title='bbox 904 2232 1079 2298; x_wconf 89' lang='lat' dir='ltr'><strong>hanc</strong></span> <span class='ocrx_word' id='word_1_151' title='bbox 1118 2232 1442 2316; x_wconf 89' lang='lat' dir='ltr'><strong>improbo,</strong></span> <span class='ocrx_word' id='word_1_152' title='bbox 1490 2234 1547 2298; x_wconf 89' lang='lat' dir='ltr'><strong>si</strong></span> <span class='ocrx_word' id='word_1_153' title='bbox 1589 2234 1852 2316; x_wconf 89' lang='lat' dir='ltr'><strong>integra</strong></span> <span class='ocrx_word' id='word_1_154' title='bbox 1895 2239 2087 2310; x_wconf 86' lang='grc'>00001,</span> <span class='ocrx_word' id='word_1_155' title='bbox 2137 2252 2212 2297; x_wconf 86' lang='lat' dir='ltr'><strong>ac</strong></span> <span class='ocrx_word' id='word_1_156' title='bbox 2258 2233 2363 2297; x_wconf 90' lang='lat' dir='ltr'><strong>sui</strong></span> <span class='ocrx_word' id='word_1_157' title='bbox 2406 2231 2573 2296; x_wconf 88' lang='lat' dir='ltr'><strong>iuris</strong></span> 
     </span>
     <span class='ocr_line' id='line_1_22' title="bbox 614 2317 2572 2400; baseline -0.003 -14"><span class='ocrx_word' id='word_1_158' title='bbox 614 2322 938 2387; x_wconf 83' lang='lat' dir='ltr'><strong>voluntas.</strong></span> <span class='ocrx_word' id='word_1_159' title='bbox 1042 2317 1613 2400; x_wconf 80' lang='lat' dir='ltr'><strong>Quemadmodum</strong></span> <span class='ocrx_word' id='word_1_160' title='bbox 1695 2318 1751 2383; x_wconf 91' lang='lat' dir='ltr'><strong>si</strong></span> <span class='ocrx_word' id='word_1_161' title='bbox 1811 2319 1959 2400; x_wconf 89' lang='lat' dir='ltr'><strong>quis</strong></span> <span class='ocrx_word' id='word_1_162' title='bbox 2017 2317 2283 2383; x_wconf 83' lang='lat' dir='ltr'><strong>dixerit:</strong></span> <span class='ocrx_word' id='word_1_163' title='bbox 2352 2317 2572 2382; x_wconf 90' lang='lat' dir='ltr'><strong>Homo</strong></span> 
     </span>
     <span class='ocr_line' id='line_1_23' title="bbox 616 2403 2572 2488; baseline -0.004 -16"><span class='ocrx_word' id='word_1_164' title='bbox 616 2415 718 2472; x_wconf 90' lang='lat' dir='ltr'><strong>est</strong></span> <span class='ocrx_word' id='word_1_165' title='bbox 762 2404 1006 2471; x_wconf 89' lang='lat' dir='ltr'><strong>animal</strong></span> <span class='ocrx_word' id='word_1_166' title='bbox 1053 2404 1253 2486; x_wconf 89' lang='lat' dir='ltr'><strong>bipes,</strong></span> <span class='ocrx_word' id='word_1_167' title='bbox 1301 2404 1640 2470; x_wconf 89' lang='lat' dir='ltr'><strong>ambulare</strong></span> <span class='ocrx_word' id='word_1_168' title='bbox 1676 2404 1880 2487; x_wconf 88' lang='lat' dir='ltr'><strong>igitur</strong></span> <span class='ocrx_word' id='word_1_169' title='bbox 1923 2410 1991 2468; x_wconf 90' lang='lat' dir='ltr'><strong>et</strong></span> <span class='ocrx_word' id='word_1_170' title='bbox 2031 2403 2290 2487; x_wconf 82' lang='lat' dir='ltr'><strong>ingredi</strong></span> <span class='ocrx_word' id='word_1_171' title='bbox 2324 2410 2572 2488; x_wconf 84' lang='lat' dir='ltr'><strong>potest:</strong></span> 
     </span>
     <span class='ocr_line' id='line_1_24' title="bbox 617 2489 2572 2574; baseline -0.001 -17"><span class='ocrx_word' id='word_1_172' title='bbox 617 2497 767 2574; x_wconf 82' lang='lat' dir='ltr'><strong>[pag.</strong></span> <span class='ocrx_word' id='word_1_173' title='bbox 807 2498 914 2572; x_wconf 85' lang='lat'><strong>93]</strong></span> <span class='ocrx_word' id='word_1_174' title='bbox 962 2491 1090 2556; x_wconf 84' lang='lat' dir='ltr'><strong>erit</strong></span> <span class='ocrx_word' id='word_1_175' title='bbox 1134 2489 1402 2574; x_wconf 89' lang='lat' dir='ltr'><strong>quidem</strong></span> <span class='ocrx_word' id='word_1_176' title='bbox 1446 2496 1912 2573; x_wconf 82' lang='lat' dir='ltr'><strong>argumentum</strong></span> <span class='ocrx_word' id='word_1_177' title='bbox 1970 2511 2103 2553; x_wconf 87' lang='lat' dir='ltr'><strong>non</strong></span> <span class='ocrx_word' id='word_1_178' title='bbox 2157 2489 2406 2554; x_wconf 89' lang='lat' dir='ltr'><strong>malum</strong></span> <span class='ocrx_word' id='word_1_179' title='bbox 2450 2510 2572 2556; x_wconf 90' lang='grc'><strong>000</strong></span> 
     </span>
     <span class='ocr_line' id='line_1_25' title="bbox 549 2573 2574 2661; baseline -0.001 -18"><span class='ocrx_word' id='word_1_180' title='bbox 549 2630 558 2635; x_wconf 89' lang='grc'>.</span> <span class='ocrx_word' id='word_1_181' title='bbox 609 2579 930 2661; x_wconf 86' lang='lat' dir='ltr'><strong>ineptum.</strong></span> <span class='ocrx_word' id='word_1_182' title='bbox 1035 2577 1290 2640; x_wconf 88' lang='lat' dir='ltr'><strong>Verum</strong></span> <span class='ocrx_word' id='word_1_183' title='bbox 1343 2576 1399 2639; x_wconf 89' lang='lat' dir='ltr'><strong>si</strong></span> <span class='ocrx_word' id='word_1_184' title='bbox 1463 2576 1608 2659; x_wconf 89' lang='lat' dir='ltr'><strong>quis</strong></span> <span class='ocrx_word' id='word_1_185' title='bbox 1674 2573 1758 2639; x_wconf 88' lang='lat' dir='ltr'><strong>ad</strong></span> <span class='ocrx_word' id='word_1_186' title='bbox 1791 2575 2259 2658; x_wconf 79' lang='lat' dir='ltr'><strong>paralyticum</strong></span> <span class='ocrx_word' id='word_1_187' title='bbox 2309 2575 2574 2640; x_wconf 84' lang='lat' dir='ltr'><strong>trahere</strong></span> 
     </span>
     <span class='ocr_line' id='line_1_26' title="bbox 615 2660 2573 2746; baseline -0.002 -17"><span class='ocrx_word' id='word_1_188' title='bbox 615 2664 809 2742; x_wconf 78' lang='lat' dir='ltr'><strong>velit,</strong></span> <span class='ocrx_word' id='word_1_189' title='bbox 866 2664 939 2728; x_wconf 91' lang='lat' dir='ltr'><strong>in</strong></span> <span class='ocrx_word' id='word_1_190' title='bbox 997 2670 1308 2746; x_wconf 83' lang='lat' dir='ltr'><strong>promptu</strong></span> <span class='ocrx_word' id='word_1_191' title='bbox 1362 2676 1464 2725; x_wconf 84' lang='lat' dir='ltr'><strong>est</strong></span> <span class='ocrx_word' id='word_1_192' title='bbox 1511 2661 1880 2744; x_wconf 87' lang='lat' dir='ltr'><strong>responsio,</strong></span> <span class='ocrx_word' id='word_1_193' title='bbox 1946 2660 2215 2726; x_wconf 85' lang='lat' dir='ltr'><strong>aliunde</strong></span> <span class='ocrx_word' id='word_1_194' title='bbox 2273 2682 2413 2726; x_wconf 91' lang='lat' dir='ltr'><strong>esse</strong></span> <span class='ocrx_word' id='word_1_195' title='bbox 2472 2661 2573 2725; x_wconf 85' lang='lat' dir='ltr'><strong>vi-</strong></span> 
     </span>
     <span class='ocr_line' id='line_1_27' title="bbox 614 2744 2574 2830; baseline -0.002 -17"><span class='ocrx_word' id='word_1_196' title='bbox 614 2748 819 2827; x_wconf 89' lang='lat' dir='ltr'><strong>tium,</strong></span> <span class='ocrx_word' id='word_1_197' title='bbox 888 2745 1061 2830; x_wconf 91' lang='lat' dir='ltr'><strong>quod</strong></span> <span class='ocrx_word' id='word_1_198' title='bbox 1127 2753 1435 2811; x_wconf 89' lang='lat' dir='ltr'><strong>naturam</strong></span> <span class='ocrx_word' id='word_1_199' title='bbox 1506 2746 1839 2830; x_wconf 88' lang='lat' dir='ltr'><strong>impediat.</strong></span> <span class='ocrx_word' id='word_1_200' title='bbox 1968 2745 2081 2812; x_wconf 79' lang='lat' dir='ltr'><strong>Sic</strong></span> <span class='ocrx_word' id='word_1_201' title='bbox 2158 2748 2425 2811; x_wconf 89' lang='lat' dir='ltr'><strong>omnino</strong></span> <span class='ocrx_word' id='word_1_202' title='bbox 2492 2744 2574 2810; x_wconf 89' lang='lat' dir='ltr'><strong>de</strong></span> 
     </span>
     <span class='ocr_line' id='line_1_28' title="bbox 616 2830 2575 2915; baseline -0.003 -14"><span class='ocrx_word' id='word_1_203' title='bbox 616 2833 957 2901; x_wconf 83' lang='lat' dir='ltr'><strong>voluntate</strong></span> <span class='ocrx_word' id='word_1_204' title='bbox 1012 2830 1540 2915; x_wconf 88' lang='lat' dir='ltr'><strong>respondendum</strong></span> <span class='ocrx_word' id='word_1_205' title='bbox 1604 2840 1733 2897; x_wconf 91' lang='lat' dir='ltr'><strong>est:</strong></span> <span class='ocrx_word' id='word_1_206' title='bbox 1790 2831 2069 2897; x_wconf 90' lang='lat' dir='ltr'><strong>liberam</strong></span> <span class='ocrx_word' id='word_1_207' title='bbox 2124 2831 2390 2914; x_wconf 90' lang='lat' dir='ltr'><strong>quidem</strong></span> <span class='ocrx_word' id='word_1_208' title='bbox 2431 2853 2575 2897; x_wconf 85' lang='lat' dir='ltr'><strong>esse</strong></span> 
     </span>
     <span class='ocr_line' id='line_1_29' title="bbox 615 2918 2576 3000; baseline -0.003 -15"><span class='ocrx_word' id='word_1_209' title='bbox 615 2926 890 3000; x_wconf 85' lang='lat' dir='ltr'><strong>natura,</strong></span> <span class='ocrx_word' id='word_1_210' title='bbox 950 2918 1066 2985; x_wconf 90' lang='lat' dir='ltr'><strong>sed</strong></span> <span class='ocrx_word' id='word_1_211' title='bbox 1120 2919 1283 2985; x_wconf 81' lang='lat' dir='ltr'><strong>vitio</strong></span> <span class='ocrx_word' id='word_1_212' title='bbox 1326 2919 1570 2984; x_wconf 89' lang='lat' dir='ltr'><strong>factam</strong></span> <span class='ocrx_word' id='word_1_213' title='bbox 1612 2919 1817 2984; x_wconf 89' lang='lat' dir='ltr'><strong>fuisse</strong></span> <span class='ocrx_word' id='word_1_214' title='bbox 1862 2940 2153 2996; x_wconf 83' lang='lat' dir='ltr'><strong>servam,</strong></span> <span class='ocrx_word' id='word_1_215' title='bbox 2212 2924 2407 3000; x_wconf 89' lang='lat' dir='ltr'><strong>atque</strong></span> <span class='ocrx_word' id='word_1_216' title='bbox 2450 2918 2576 2981; x_wconf 88' lang='lat' dir='ltr'><strong>hac</strong></span> 
     </span>
     <span class='ocr_line' id='line_1_30' title="bbox 617 3002 2575 3084; baseline -0.003 -12"><span class='ocrx_word' id='word_1_217' title='bbox 617 3006 937 3072; x_wconf 79' lang='lat' dir='ltr'><strong>servitute</strong></span> <span class='ocrx_word' id='word_1_218' title='bbox 981 3004 1293 3084; x_wconf 87' lang='lat' dir='ltr'><strong>detineri,</strong></span> <span class='ocrx_word' id='word_1_219' title='bbox 1342 3004 1549 3071; x_wconf 89' lang='lat' dir='ltr'><strong>donec</strong></span> <span class='ocrx_word' id='word_1_220' title='bbox 1591 3002 1724 3070; x_wconf 89' lang='lat' dir='ltr'><strong>Dei</strong></span> <span class='ocrx_word' id='word_1_221' title='bbox 1764 3025 1970 3069; x_wconf 90' lang='grc'>100011</span> <span class='ocrx_word' id='word_1_222' title='bbox 2012 3011 2361 3069; x_wconf 88' lang='lat' dir='ltr'><strong>asseratur.</strong></span> <span class='ocrx_word' id='word_1_223' title='bbox 2438 3003 2575 3068; x_wconf 86' lang='lat' dir='ltr'><strong>Ve-</strong></span> 
     </span>
     <span class='ocr_line' id='line_1_31' title="bbox 613 3089 2576 3177; baseline -0.002 -19"><span class='ocrx_word' id='word_1_224' title='bbox 613 3113 769 3158; x_wconf 85' lang='lat' dir='ltr'><strong>rum</strong></span> <span class='ocrx_word' id='word_1_225' title='bbox 785 3145 802 3173; x_wconf 92' lang='lat'><em>‚</em></span> <span class='ocrx_word' id='word_1_226' title='bbox 871 3093 1027 3177; x_wconf 91' lang='lat' dir='ltr'><strong>quia</strong></span> <span class='ocrx_word' id='word_1_227' title='bbox 1078 3092 1298 3157; x_wconf 90' lang='lat' dir='ltr'><strong>minus</strong></span> <span class='ocrx_word' id='word_1_228' title='bbox 1357 3098 1664 3175; x_wconf 89' lang='lat' dir='ltr'><strong>suspecta</strong></span> <span class='ocrx_word' id='word_1_229' title='bbox 1720 3092 1848 3156; x_wconf 88' lang='lat' dir='ltr'><strong>erit</strong></span> <span class='ocrx_word' id='word_1_230' title='bbox 1898 3113 1981 3156; x_wconf 81' lang='lat' dir='ltr'><strong>ex</strong></span> <span class='ocrx_word' id='word_1_231' title='bbox 2050 3113 2161 3157; x_wconf 90' lang='lat' dir='ltr'><strong>ore</strong></span> <span class='ocrx_word' id='word_1_232' title='bbox 2214 3089 2576 3174; x_wconf 83' lang='lat' dir='ltr'><strong>Augustini</strong></span> 
     </span>
    </p>
   </div>
   <div class='ocr_carea' id='block_1_3' title="bbox 615 3175 2621 3261">
    <p class='ocr_par' dir='ltr' id='par_1_3' title="bbox 615 3175 2621 3261">
     <span class='ocr_line' id='line_1_32' title="bbox 615 3175 2621 3261; baseline -0.003 -16"><span class='ocrx_word' id='word_1_233' title='bbox 615 3178 979 3261; x_wconf 87' lang='lat' dir='ltr'><strong>responsio,</strong></span> <span class='ocrx_word' id='word_1_234' title='bbox 1025 3197 1180 3242; x_wconf 92' lang='lat' dir='ltr'><strong>eum</strong></span> <span class='ocrx_word' id='word_1_235' title='bbox 1221 3177 1600 3261; x_wconf 90' lang='lat' dir='ltr'><strong>loquentem</strong></span> <span class='ocrx_word' id='word_1_236' title='bbox 1644 3175 1869 3242; x_wconf 88' lang='lat' dir='ltr'><strong>audiat</strong></span> <span class='ocrx_word' id='word_1_237' title='bbox 1911 3177 2219 3261; x_wconf 86' lang='lat' dir='ltr'><strong>Pighius:</strong></span> <span class='ocrx_word' id='word_1_238' title='bbox 2266 3175 2341 3242; x_wconf 78' lang='lat' dir='ltr'><strong>Si</strong></span> <span class='ocrx_word' id='word_1_239' title='bbox 2385 3176 2575 3243; x_wconf 82' lang='lat' dir='ltr'><strong>volu·</strong></span> <span class='ocrx_word' id='word_1_240' title='bbox 2612 3197 2621 3206; x_wconf 82' lang='lat'><em>·</em></span> 
     </span>
    </p>
   </div>
   <div class='ocr_carea' id='block_1_4' title="bbox 609 3262 2577 5063">
    <p class='ocr_par' dir='ltr' id='par_1_4' title="bbox 609 3262 2577 5063">
     <span class='ocr_line' id='line_1_33' title="bbox 613 3262 2575 3348; baseline -0.002 -19"><span class='ocrx_word' id='word_1_241' title='bbox 613 3285 784 3343; x_wconf 88' lang='lat' dir='ltr'><strong>mus,</strong></span> <span class='ocrx_word' id='word_1_242' title='bbox 840 3264 1073 3345; x_wconf 90' lang='lat' dir='ltr'><strong>inquit,</strong></span> <span class='ocrx_word' id='word_1_243' title='bbox 1092 3263 1152 3348; x_wconf 78' lang='lat'><strong>²)</strong></span> <span class='ocrx_word' id='word_1_244' title='bbox 1214 3263 1498 3330; x_wconf 88' lang='lat' dir='ltr'><strong>liberum</strong></span> <span class='ocrx_word' id='word_1_245' title='bbox 1568 3262 1918 3329; x_wconf 87' lang='lat' dir='ltr'><strong>defendere</strong></span> <span class='ocrx_word' id='word_1_246' title='bbox 1982 3262 2329 3329; x_wconf 85' lang='lat' dir='ltr'><strong>arbitrium</strong></span> <span class='ocrx_word' id='word_1_247' title='bbox 2345 3313 2363 3342; x_wconf 91' lang='lat'>‚</span> <span class='ocrx_word' id='word_1_248' title='bbox 2437 3283 2575 3327; x_wconf 90' lang='lat' dir='ltr'><strong>non</strong></span> 
     </span>
     <span class='ocr_line' id='line_1_34' title="bbox 617 3347 2576 3435; baseline -0.002 -20"><span class='ocrx_word' id='word_1_249' title='bbox 617 3370 1104 3435; x_wconf 85' lang='lat' dir='ltr'><strong>oppugnemus,</strong></span> <span class='ocrx_word' id='word_1_250' title='bbox 1165 3347 1340 3414; x_wconf 90' lang='lat' dir='ltr'><strong>unde</strong></span> <span class='ocrx_word' id='word_1_251' title='bbox 1393 3350 1470 3414; x_wconf 91' lang='lat' dir='ltr'><strong>fit</strong></span> <span class='ocrx_word' id='word_1_252' title='bbox 1516 3347 1817 3414; x_wconf 88' lang='lat' dir='ltr'><strong>liberum.</strong></span> <span class='ocrx_word' id='word_1_253' title='bbox 1907 3348 2084 3415; x_wconf 88' lang='lat' dir='ltr'><strong>Nam</strong></span> <span class='ocrx_word' id='word_1_254' title='bbox 2129 3349 2243 3431; x_wconf 90' lang='lat' dir='ltr'><strong>qui</strong></span> <span class='ocrx_word' id='word_1_255' title='bbox 2290 3348 2576 3432; x_wconf 89' lang='lat' dir='ltr'><strong>gratiam</strong></span> 
     </span>
     <span class='ocr_line' id='line_1_35' title="bbox 615 3433 2572 3520; baseline -0.002 -19"><span class='ocrx_word' id='word_1_256' title='bbox 615 3441 987 3520; x_wconf 86' lang='lat' dir='ltr'><strong>oppugnat,</strong></span> <span class='ocrx_word' id='word_1_257' title='bbox 1034 3456 1163 3518; x_wconf 89' lang='lat' dir='ltr'><strong>qua</strong></span> <span class='ocrx_word' id='word_1_258' title='bbox 1203 3433 1287 3499; x_wconf 89' lang='lat' dir='ltr'><strong>ad</strong></span> <span class='ocrx_word' id='word_1_259' title='bbox 1330 3434 1715 3518; x_wconf 86' lang='lat' dir='ltr'><strong>fugiendum</strong></span> <span class='ocrx_word' id='word_1_260' title='bbox 1758 3434 2012 3500; x_wconf 86' lang='lat' dir='ltr'><strong>malum</strong></span> <span class='ocrx_word' id='word_1_261' title='bbox 2059 3441 2126 3499; x_wconf 93' lang='grc'><strong>01</strong></span> <span class='ocrx_word' id='word_1_262' title='bbox 2180 3434 2426 3499; x_wconf 89' lang='lat' dir='ltr'><strong>bonum</strong></span> <span class='ocrx_word' id='word_1_263' title='bbox 2473 3434 2572 3499; x_wconf 88' lang='lat' dir='ltr'><strong>fa-</strong></span> 
     </span>
     <span class='ocr_line' id='line_1_36' title="bbox 615 3519 2575 3604; baseline -0.002 -17"><span class='ocrx_word' id='word_1_264' title='bbox 615 3520 923 3587; x_wconf 88' lang='lat' dir='ltr'><strong>ciendum</strong></span> <span class='ocrx_word' id='word_1_265' title='bbox 964 3520 1311 3598; x_wconf 89' lang='lat' dir='ltr'><strong>liberatur,</strong></span> <span class='ocrx_word' id='word_1_266' title='bbox 1354 3521 1503 3585; x_wconf 81' lang='lat' dir='ltr'><strong>vult</strong></span> <span class='ocrx_word' id='word_1_267' title='bbox 1547 3519 1761 3587; x_wconf 89' lang='lat' dir='ltr'><strong>adhuc</strong></span> <span class='ocrx_word' id='word_1_268' title='bbox 1805 3541 1947 3587; x_wconf 90' lang='lat' dir='ltr'><strong>esse</strong></span> <span class='ocrx_word' id='word_1_269' title='bbox 1991 3520 2344 3604; x_wconf 79' lang='lat' dir='ltr'><strong>captivum.</strong></span> <span class='ocrx_word' id='word_1_270' title='bbox 2434 3521 2575 3585; x_wconf 88' lang='lat' dir='ltr'><strong>Aut</strong></span> 
     </span>
     <span class='ocr_line' id='line_1_37' title="bbox 618 3605 2570 3689; baseline -0.002 -16"><span class='ocrx_word' id='word_1_271' title='bbox 618 3608 676 3673; x_wconf 91' lang='lat' dir='ltr'><strong>si</strong></span> <span class='ocrx_word' id='word_1_272' title='bbox 733 3606 1002 3672; x_wconf 84' lang='lat' dir='ltr'><strong>brevius</strong></span> <span class='ocrx_word' id='word_1_273' title='bbox 1052 3605 1269 3670; x_wconf 85' lang='lat' dir='ltr'><strong>malit:</strong></span> <span class='ocrx_word' id='word_1_274' title='bbox 1340 3607 1425 3670; x_wconf 90' lang='lat' dir='ltr'><strong>In</strong></span> <span class='ocrx_word' id='word_1_275' title='bbox 1492 3606 1618 3672; x_wconf 91' lang='lat' dir='ltr'><strong>hac</strong></span> <span class='ocrx_word' id='word_1_276' title='bbox 1683 3606 2068 3689; x_wconf 83' lang='lat' dir='ltr'><strong>quaestione</strong></span> <span class='ocrx_word' id='word_1_277' title='bbox 2122 3627 2257 3671; x_wconf 92' lang='lat' dir='ltr'><strong>non</strong></span> <span class='ocrx_word' id='word_1_278' title='bbox 2310 3614 2570 3683; x_wconf 88' lang='lat' dir='ltr'><strong>natura,</strong></span> 
     </span>
     <span class='ocr_line' id='line_1_38' title="bbox 616 3688 2573 3774; baseline -0.002 -15"><span class='ocrx_word' id='word_1_279' title='bbox 616 3693 732 3759; x_wconf 91' lang='lat' dir='ltr'><strong>sed</strong></span> <span class='ocrx_word' id='word_1_280' title='bbox 776 3699 1052 3757; x_wconf 89' lang='lat' dir='ltr'><strong>naturae</strong></span> <span class='ocrx_word' id='word_1_281' title='bbox 1106 3691 1435 3774; x_wconf 88' lang='lat' dir='ltr'><strong>corruptio</strong></span> <span class='ocrx_word' id='word_1_282' title='bbox 1489 3691 1870 3773; x_wconf 84' lang='lat' dir='ltr'><strong>reputanda.</strong></span> <span class='ocrx_word' id='word_1_283' title='bbox 1891 3693 1945 3773; x_wconf 80' lang='lat'><strong>⁸)</strong></span> <span class='ocrx_word' id='word_1_284' title='bbox 2031 3691 2182 3756; x_wconf 92' lang='lat' dir='ltr'><strong>Illic</strong></span> <span class='ocrx_word' id='word_1_285' title='bbox 2225 3699 2446 3757; x_wconf 88' lang='lat' dir='ltr'><strong>autem</strong></span> <span class='ocrx_word' id='word_1_286' title='bbox 2490 3688 2573 3755; x_wconf 91' lang='lat' dir='ltr'><strong>de</strong></span> 
     </span>
     <span class='ocr_line' id='line_1_39' title="bbox 615 3775 2573 3856; baseline -0.002 -12"><span class='ocrx_word' id='word_1_287' title='bbox 615 3786 857 3844; x_wconf 87' lang='lat' dir='ltr'><strong>natura</strong></span> <span class='ocrx_word' id='word_1_288' title='bbox 905 3797 1277 3843; x_wconf 90' lang='lat' dir='ltr'><strong>sermonem</strong></span> <span class='ocrx_word' id='word_1_289' title='bbox 1333 3775 1585 3856; x_wconf 88' lang='lat' dir='ltr'><strong>haberi,</strong></span> <span class='ocrx_word' id='word_1_290' title='bbox 1644 3785 1903 3842; x_wconf 86' lang='lat' dir='ltr'><strong>certum</strong></span> <span class='ocrx_word' id='word_1_291' title='bbox 1953 3785 2070 3842; x_wconf 89' lang='lat' dir='ltr'><strong>est.</strong></span> <span class='ocrx_word' id='word_1_292' title='bbox 2173 3775 2427 3842; x_wconf 86' lang='lat' dir='ltr'><strong>Eadem</strong></span> <span class='ocrx_word' id='word_1_293' title='bbox 2470 3781 2573 3842; x_wconf 90' lang='lat' dir='ltr'><strong>est</strong></span> 
     </span>
     <span class='ocr_line' id='line_1_40' title="bbox 616 3861 2571 3946; baseline -0.001 -16"><span class='ocrx_word' id='word_1_294' title='bbox 616 3863 948 3930; x_wconf 89' lang='lat' dir='ltr'><strong>secundae</strong></span> <span class='ocrx_word' id='word_1_295' title='bbox 1003 3865 1211 3946; x_wconf 86' lang='lat' dir='ltr'><strong>partis</strong></span> <span class='ocrx_word' id='word_1_296' title='bbox 1255 3862 1511 3927; x_wconf 87' lang='lat' dir='ltr'><strong>solutio.</strong></span> <span class='ocrx_word' id='word_1_297' title='bbox 1601 3863 1736 3928; x_wconf 91' lang='lat' dir='ltr'><strong>Per</strong></span> <span class='ocrx_word' id='word_1_298' title='bbox 1783 3863 2038 3930; x_wconf 82' lang='lat' dir='ltr'><strong>arbitrii</strong></span> <span class='ocrx_word' id='word_1_299' title='bbox 2082 3863 2260 3927; x_wconf 89' lang='lat' dir='ltr'><strong>enim</strong></span> <span class='ocrx_word' id='word_1_300' title='bbox 2301 3861 2571 3928; x_wconf 90' lang='lat' dir='ltr'><strong>liberta-</strong></span> 
     </span>
     <span class='ocr_line' id='line_1_41' title="bbox 617 3948 2569 4032; baseline -0.001 -17"><span class='ocrx_word' id='word_1_301' title='bbox 617 3959 756 4015; x_wconf 90' lang='lat' dir='ltr'><strong>tem</strong></span> <span class='ocrx_word' id='word_1_302' title='bbox 811 3950 1058 4015; x_wconf 88' lang='lat' dir='ltr'><strong>factum</strong></span> <span class='ocrx_word' id='word_1_303' title='bbox 1118 3957 1235 4025; x_wconf 87' lang='lat' dir='ltr'><strong>est,</strong></span> <span class='ocrx_word' id='word_1_304' title='bbox 1288 3957 1364 4012; x_wconf 92' lang='lat' dir='ltr'><strong>ut</strong></span> <span class='ocrx_word' id='word_1_305' title='bbox 1422 3955 1596 4013; x_wconf 88' lang='lat' dir='ltr'><strong>esset</strong></span> <span class='ocrx_word' id='word_1_306' title='bbox 1649 3948 1847 4013; x_wconf 90' lang='lat' dir='ltr'><strong>homo</strong></span> <span class='ocrx_word' id='word_1_307' title='bbox 1899 3969 2050 4014; x_wconf 92' lang='lat' dir='ltr'><strong>cum</strong></span> <span class='ocrx_word' id='word_1_308' title='bbox 2105 3957 2396 4032; x_wconf 90' lang='lat' dir='ltr'><strong>peccato:</strong></span> <span class='ocrx_word' id='word_1_309' title='bbox 2455 3949 2569 4014; x_wconf 90' lang='lat' dir='ltr'><strong>sed</strong></span> 
     </span>
     <span class='ocr_line' id='line_1_42' title="bbox 615 4034 2570 4118; baseline -0.001 -17"><span class='ocrx_word' id='word_1_310' title='bbox 615 4036 752 4101; x_wconf 87' lang='lat' dir='ltr'><strong>iam</strong></span> <span class='ocrx_word' id='word_1_311' title='bbox 817 4035 1110 4118; x_wconf 90' lang='lat' dir='ltr'><strong>poenalis</strong></span> <span class='ocrx_word' id='word_1_312' title='bbox 1201 4035 1522 4100; x_wconf 78' lang='lat' dir='ltr'><strong>vitiositas</strong></span> <span class='ocrx_word' id='word_1_313' title='bbox 1594 4035 2026 4118; x_wconf 83' lang='lat' dir='ltr'><strong>subsequuta,</strong></span> <span class='ocrx_word' id='word_1_314' title='bbox 2102 4056 2186 4098; x_wconf 80' lang='lat' dir='ltr'><strong>ex</strong></span> <span class='ocrx_word' id='word_1_315' title='bbox 2264 4034 2570 4100; x_wconf 87' lang='lat' dir='ltr'><strong>libertate</strong></span> 
     </span>
     <span class='ocr_line' id='line_1_43' title="bbox 613 4119 2569 4204; baseline 0 -18"><span class='ocrx_word' id='word_1_316' title='bbox 613 4121 774 4186; x_wconf 85' lang='lat' dir='ltr'><strong>fecit</strong></span> <span class='ocrx_word' id='word_1_317' title='bbox 829 4120 1301 4186; x_wconf 85' lang='lat' dir='ltr'><strong>necessitatem.</strong></span> <span class='ocrx_word' id='word_1_318' title='bbox 1403 4119 1642 4203; x_wconf 89' lang='lat' dir='ltr'><strong>Itaque</strong></span> <span class='ocrx_word' id='word_1_319' title='bbox 1697 4141 1900 4204; x_wconf 91' lang='lat' dir='ltr'><strong>quum</strong></span> <span class='ocrx_word' id='word_1_320' title='bbox 1953 4120 2393 4203; x_wconf 88' lang='lat' dir='ltr'><strong>interrogaret</strong></span> <span class='ocrx_word' id='word_1_321' title='bbox 2440 4121 2569 4186; x_wconf 89' lang='lat' dir='ltr'><strong>Pe-</strong></span> 
     </span>
     <span class='ocr_line' id='line_1_44' title="bbox 613 4205 2568 4290; baseline -0.001 -19"><span class='ocrx_word' id='word_1_322' title='bbox 613 4205 862 4290; x_wconf 89' lang='lat' dir='ltr'><strong>lagius,</strong></span> <span class='ocrx_word' id='word_1_323' title='bbox 910 4206 1357 4271; x_wconf 81' lang='lat' dir='ltr'><strong>voluntatisne</strong></span> <span class='ocrx_word' id='word_1_324' title='bbox 1403 4228 1487 4270; x_wconf 88' lang='lat' dir='ltr'><strong>an</strong></span> <span class='ocrx_word' id='word_1_325' title='bbox 1540 4205 1948 4272; x_wconf 85' lang='lat' dir='ltr'><strong>necessitatis</strong></span> <span class='ocrx_word' id='word_1_326' title='bbox 1991 4213 2165 4271; x_wconf 86' lang='lat' dir='ltr'><strong>esset</strong></span> <span class='ocrx_word' id='word_1_327' title='bbox 2207 4211 2568 4288; x_wconf 87' lang='lat' dir='ltr'><strong>peccatum,</strong></span> 
     </span>
     <span class='ocr_line' id='line_1_45' title="bbox 613 4290 2570 4376; baseline -0.001 -18"><span class='ocrx_word' id='word_1_328' title='bbox 613 4290 1003 4374; x_wconf 87' lang='lat' dir='ltr'><strong>respondet:</strong></span> <span class='ocrx_word' id='word_1_329' title='bbox 1066 4303 1143 4356; x_wconf 87' lang='lat' dir='ltr'><strong>ut</strong></span> <span class='ocrx_word' id='word_1_330' title='bbox 1184 4312 1528 4369; x_wconf 88' lang='lat' dir='ltr'><strong>sanemur,</strong></span> <span class='ocrx_word' id='word_1_331' title='bbox 1574 4312 1696 4357; x_wconf 89' lang='lat' dir='ltr'><strong>nos</strong></span> <span class='ocrx_word' id='word_1_332' title='bbox 1742 4312 1895 4356; x_wconf 91' lang='lat' dir='ltr'><strong>eum</strong></span> <span class='ocrx_word' id='word_1_333' title='bbox 1937 4291 2427 4376; x_wconf 49' lang='lat' dir='ltr'><strong>invocare,„cui</strong></span> <span class='ocrx_word' id='word_1_334' title='bbox 2472 4292 2570 4357; x_wconf 91' lang='lat' dir='ltr'><strong>di-</strong></span> 
     </span>
     <span class='ocr_line' id='line_1_46' title="bbox 614 4376 2572 4461; baseline 0.001 -18"><span class='ocrx_word' id='word_1_335' title='bbox 614 4379 787 4444; x_wconf 87' lang='lat' dir='ltr'><strong>citur</strong></span> <span class='ocrx_word' id='word_1_336' title='bbox 851 4378 919 4441; x_wconf 89' lang='lat' dir='ltr'><strong>in</strong></span> <span class='ocrx_word' id='word_1_337' title='bbox 975 4376 1244 4441; x_wconf 83' lang='lat' dir='ltr'><strong>Psalmo</strong></span> <span class='ocrx_word' id='word_1_338' title='bbox 1300 4377 1434 4461; x_wconf 88' lang='lat'><strong>(25,</strong></span> <span class='ocrx_word' id='word_1_339' title='bbox 1490 4379 1626 4460; x_wconf 86' lang='lat'><strong>17),</strong></span> <span class='ocrx_word' id='word_1_340' title='bbox 1695 4377 1776 4441; x_wconf 90' lang='lat' dir='ltr'><strong>de</strong></span> <span class='ocrx_word' id='word_1_341' title='bbox 1841 4377 2343 4443; x_wconf 85' lang='lat' dir='ltr'><strong>necessitatibus</strong></span> <span class='ocrx_word' id='word_1_342' title='bbox 2406 4380 2572 4445; x_wconf 91' lang='lat' dir='ltr'><strong>meis</strong></span> 
     </span>
     <span class='ocr_line' id='line_1_47' title="bbox 612 4462 2573 4546; baseline 0 -17"><span class='ocrx_word' id='word_1_343' title='bbox 612 4484 772 4529; x_wconf 90' lang='lat' dir='ltr'><strong>erue</strong></span> <span class='ocrx_word' id='word_1_344' title='bbox 815 4484 940 4528; x_wconf 91' lang='grc'>100.</span> <span class='ocrx_word' id='word_1_345' title='bbox 968 4464 1030 4545; x_wconf 80' lang='lat'><strong>⁴)</strong></span> <span class='ocrx_word' id='word_1_346' title='bbox 1117 4463 1322 4540; x_wconf 87' lang='lat' dir='ltr'><strong>Haec,</strong></span> <span class='ocrx_word' id='word_1_347' title='bbox 1361 4462 1613 4545; x_wconf 90' lang='lat' dir='ltr'><strong>opinor,</strong></span> <span class='ocrx_word' id='word_1_348' title='bbox 1661 4463 1958 4528; x_wconf 84' lang='lat' dir='ltr'><strong>sufficere</strong></span> <span class='ocrx_word' id='word_1_349' title='bbox 1993 4471 2256 4546; x_wconf 85' lang='lat' dir='ltr'><strong>queant,</strong></span> <span class='ocrx_word' id='word_1_350' title='bbox 2301 4465 2355 4530; x_wconf 84' lang='lat' dir='ltr'><strong>si</strong></span> <span class='ocrx_word' id='word_1_351' title='bbox 2392 4463 2573 4529; x_wconf 89' lang='lat' dir='ltr'><strong>aliud</strong></span> 
     </span>
     <span class='ocr_line' id='line_1_48' title="bbox 612 4547 2572 4632; baseline -0.001 -17"><span class='ocrx_word' id='word_1_352' title='bbox 612 4570 750 4615; x_wconf 91' lang='grc'><strong>000</strong></span> <span class='ocrx_word' id='word_1_353' title='bbox 795 4548 1180 4614; x_wconf 86' lang='lat' dir='ltr'><strong>adiicerem:</strong></span> <span class='ocrx_word' id='word_1_354' title='bbox 1239 4547 1502 4632; x_wconf 89' lang='lat' dir='ltr'><strong>plenius</strong></span> <span class='ocrx_word' id='word_1_355' title='bbox 1546 4555 1768 4614; x_wconf 88' lang='lat' dir='ltr'><strong>tamen</strong></span> <span class='ocrx_word' id='word_1_356' title='bbox 1813 4548 2028 4613; x_wconf 88' lang='lat' dir='ltr'><strong>adhuc</strong></span> <span class='ocrx_word' id='word_1_357' title='bbox 2086 4558 2212 4628; x_wconf 90' lang='lat' dir='ltr'><strong>est,</strong></span> <span class='ocrx_word' id='word_1_358' title='bbox 2271 4549 2445 4632; x_wconf 91' lang='lat' dir='ltr'><strong>quod</strong></span> <span class='ocrx_word' id='word_1_359' title='bbox 2497 4551 2572 4614; x_wconf 90' lang='lat' dir='ltr'><strong>in</strong></span> 
     </span>
     <span class='ocr_line' id='line_1_49' title="bbox 611 4632 2570 4717; baseline 0 -17"><span class='ocrx_word' id='word_1_360' title='bbox 611 4634 834 4701; x_wconf 89' lang='lat' dir='ltr'><strong>libello</strong></span> <span class='ocrx_word' id='word_1_361' title='bbox 879 4634 960 4700; x_wconf 89' lang='lat' dir='ltr'><strong>de</strong></span> <span class='ocrx_word' id='word_1_362' title='bbox 988 4634 1247 4699; x_wconf 76' lang='lat' dir='ltr'><strong>Natura</strong></span> <span class='ocrx_word' id='word_1_363' title='bbox 1289 4641 1358 4697; x_wconf 88' lang='lat' dir='ltr'><strong>et</strong></span> <span class='ocrx_word' id='word_1_364' title='bbox 1400 4635 1616 4717; x_wconf 87' lang='lat' dir='ltr'><strong>gratia</strong></span> <span class='ocrx_word' id='word_1_365' title='bbox 1659 4635 1958 4699; x_wconf 88' lang='lat' dir='ltr'><strong>habetur.</strong></span> <span class='ocrx_word' id='word_1_366' title='bbox 2029 4632 2449 4702; x_wconf 89' lang='lat' dir='ltr'><strong>Obiiciebant</strong></span> <span class='ocrx_word' id='word_1_367' title='bbox 2489 4635 2570 4700; x_wconf 88' lang='lat' dir='ltr'><strong>il-</strong></span> 
     </span>
     <span class='ocr_line' id='line_1_50' title="bbox 612 4719 2574 4805; baseline 0.002 -20"><span class='ocrx_word' id='word_1_368' title='bbox 612 4721 750 4785; x_wconf 87' lang='lat' dir='ltr'><strong>lam</strong></span> <span class='ocrx_word' id='word_1_369' title='bbox 804 4719 1206 4803; x_wconf 82' lang='lat' dir='ltr'><strong>Hieronymi</strong></span> <span class='ocrx_word' id='word_1_370' title='bbox 1260 4721 1663 4785; x_wconf 87' lang='lat' dir='ltr'><strong>sententiam</strong></span> <span class='ocrx_word' id='word_1_371' title='bbox 1706 4721 2073 4804; x_wconf 87' lang='lat' dir='ltr'><strong>Pelagiani,</strong></span> <span class='ocrx_word' id='word_1_372' title='bbox 2118 4744 2315 4804; x_wconf 86' lang='lat' dir='ltr'><strong>quam</strong></span> <span class='ocrx_word' id='word_1_373' title='bbox 2359 4743 2574 4805; x_wconf 90' lang='lat' dir='ltr'><strong>neque</strong></span> 
     </span>
     <span class='ocr_line' id='line_1_51' title="bbox 609 4805 2574 4889; baseline -0.001 -16"><span class='ocrx_word' id='word_1_374' title='bbox 609 4805 893 4889; x_wconf 89' lang='lat' dir='ltr'><strong>Pighius</strong></span> <span class='ocrx_word' id='word_1_375' title='bbox 938 4806 1011 4869; x_wconf 91' lang='lat' dir='ltr'><strong>in</strong></span> <span class='ocrx_word' id='word_1_376' title='bbox 1048 4825 1167 4870; x_wconf 91' lang='lat' dir='ltr'><strong>nos</strong></span> <span class='ocrx_word' id='word_1_377' title='bbox 1200 4806 1671 4888; x_wconf 87' lang='lat' dir='ltr'><strong>praetermisit:</strong></span> <span class='ocrx_word' id='word_1_378' title='bbox 1709 4807 1938 4872; x_wconf 90' lang='lat' dir='ltr'><strong>Liberi</strong></span> <span class='ocrx_word' id='word_1_379' title='bbox 1973 4828 2093 4872; x_wconf 90' lang='lat' dir='ltr'><strong>nos</strong></span> <span class='ocrx_word' id='word_1_380' title='bbox 2130 4807 2386 4873; x_wconf 89' lang='lat' dir='ltr'><strong>arbitrii</strong></span> <span class='ocrx_word' id='word_1_381' title='bbox 2421 4830 2574 4874; x_wconf 90' lang='lat' dir='ltr'><strong>con-</strong></span> 
     </span>
     <span class='ocr_line' id='line_1_52' title="bbox 613 4890 2577 4972; baseline 0.002 -17"><span class='ocrx_word' id='word_1_382' title='bbox 613 4891 788 4956; x_wconf 88' lang='lat' dir='ltr'><strong>ditos</strong></span> <span class='ocrx_word' id='word_1_383' title='bbox 832 4911 994 4968; x_wconf 91' lang='lat' dir='ltr'><strong>esse,</strong></span> <span class='ocrx_word' id='word_1_384' title='bbox 1042 4911 1162 4955; x_wconf 91' lang='lat' dir='ltr'><strong>nec</strong></span> <span class='ocrx_word' id='word_1_385' title='bbox 1206 4891 1289 4957; x_wconf 91' lang='lat' dir='ltr'><strong>ad</strong></span> <span class='ocrx_word' id='word_1_386' title='bbox 1334 4892 1666 4972; x_wconf 84' lang='lat' dir='ltr'><strong>virtutem,</strong></span> <span class='ocrx_word' id='word_1_387' title='bbox 1711 4913 1834 4958; x_wconf 91' lang='lat' dir='ltr'><strong>nec</strong></span> <span class='ocrx_word' id='word_1_388' title='bbox 1868 4890 1953 4956; x_wconf 88' lang='lat' dir='ltr'><strong>ad</strong></span> <span class='ocrx_word' id='word_1_389' title='bbox 1988 4894 2153 4959; x_wconf 86' lang='lat' dir='ltr'><strong>vitia</strong></span> <span class='ocrx_word' id='word_1_390' title='bbox 2188 4895 2577 4959; x_wconf 88' lang='lat' dir='ltr'><strong>necessitate</strong></span> 
     </span>
     <span class='ocr_line' id='line_1_53' title="bbox 611 4974 2577 5063; baseline 0.001 -21"><span class='ocrx_word' id='word_1_391' title='bbox 611 4977 809 5042; x_wconf 84' lang='lat' dir='ltr'><strong>trahi.</strong></span> <span class='ocrx_word' id='word_1_392' title='bbox 915 4974 1083 5056; x_wconf 79' lang='lat' dir='ltr'><strong>Quis</strong></span> <span class='ocrx_word' id='word_1_393' title='bbox 1139 4977 1360 5058; x_wconf 87' lang='lat' dir='ltr'><strong>aliter,</strong></span> <span class='ocrx_word' id='word_1_394' title='bbox 1417 4978 1651 5062; x_wconf 90' lang='lat' dir='ltr'><strong>inquit,</strong></span> <span class='ocrx_word' id='word_1_395' title='bbox 1671 4979 1725 5061; x_wconf 79' lang='lat'><strong>⁵)</strong></span> <span class='ocrx_word' id='word_1_396' title='bbox 1796 4977 2129 5045; x_wconf 89' lang='lat' dir='ltr'><strong>conditam</strong></span> <span class='ocrx_word' id='word_1_397' title='bbox 2178 4990 2376 5063; x_wconf 86' lang='lat' dir='ltr'><strong>neget</strong></span> <span class='ocrx_word' id='word_1_398' title='bbox 2432 5000 2577 5044; x_wconf 88' lang='lat' dir='ltr'><strong>esse</strong></span> 
     </span>
    </p>
   </div>
   <div class='ocr_carea' id='block_1_5' title="bbox 623 5117 1024 5126">
    <p class='ocr_par' dir='ltr' id='par_1_5' title="bbox 623 5117 1024 5126">
     <span class='ocr_line' id='line_1_54' title="bbox 623 5117 1024 5126; baseline 0 1053"><span class='ocrx_word' id='word_1_399' title='bbox 623 5117 1024 5126; x_wconf 95' lang='lat' dir='ltr'><strong> </strong></span> 
     </span>
    </p>
   </div>
   <div class='ocr_carea' id='block_1_6' title="bbox 747 5197 2572 5409">
    <p class='ocr_par' dir='ltr' id='par_1_6' title="bbox 747 5197 2572 5409">
     <span class='ocr_line' id='line_1_55' title="bbox 752 5197 2572 5266; baseline 0.004 -17"><span class='ocrx_word' id='word_1_400' title='bbox 752 5197 814 5262; x_wconf 89' lang='grc'><strong>1)</strong></span> <span class='ocrx_word' id='word_1_401' title='bbox 856 5197 975 5252; x_wconf 86' lang='lat' dir='ltr'><strong>Lib.</strong></span> <span class='ocrx_word' id='word_1_402' title='bbox 1014 5197 1061 5252; x_wconf 88' lang='lat'><strong>1.</strong></span> <span class='ocrx_word' id='word_1_403' title='bbox 1098 5199 1336 5256; x_wconf 82' lang='lat' dir='ltr'><strong>Retract.</strong></span> <span class='ocrx_word' id='word_1_404' title='bbox 1374 5219 1421 5257; x_wconf 85' lang='lat' dir='ltr'><strong>c.</strong></span> <span class='ocrx_word' id='word_1_405' title='bbox 1457 5199 1538 5254; x_wconf 85' lang='lat'><strong>14.</strong></span> <span class='ocrx_word' id='word_1_406' title='bbox 1757 5200 1818 5266; x_wconf 83' lang='lat'><strong>2)</strong></span> <span class='ocrx_word' id='word_1_407' title='bbox 1855 5203 1904 5256; x_wconf 88' lang='grc' dir='ltr'><strong>Ε</strong></span> <span class='ocrx_word' id='word_1_408' title='bbox 1946 5203 2028 5256; x_wconf 87' lang='lat' dir='ltr'><strong>ist.</strong></span> <span class='ocrx_word' id='word_1_409' title='bbox 2068 5200 2185 5255; x_wconf 84' lang='grc'>107.</span> <span class='ocrx_word' id='word_1_410' title='bbox 2218 5201 2286 5266; x_wconf 82' lang='lat' dir='ltr'><strong>ad</strong></span> <span class='ocrx_word' id='word_1_411' title='bbox 2324 5202 2572 5257; x_wconf 86' lang='lat' dir='ltr'><strong>Vitalem.</strong></span> 
     </span>
     <span class='ocr_line' id='line_1_56' title="bbox 749 5265 2298 5339; baseline 0.002 -17"><span class='ocrx_word' id='word_1_412' title='bbox 749 5267 811 5330; x_wconf 85' lang='lat'><strong>3)</strong></span> <span class='ocrx_word' id='word_1_413' title='bbox 855 5265 978 5322; x_wconf 90' lang='lat' dir='ltr'><strong>Lib.</strong></span> <span class='ocrx_word' id='word_1_414' title='bbox 1019 5267 1067 5321; x_wconf 83' lang='lat'><strong>2.</strong></span> <span class='ocrx_word' id='word_1_415' title='bbox 1105 5269 1171 5324; x_wconf 89' lang='lat' dir='ltr'><strong>de</strong></span> <span class='ocrx_word' id='word_1_416' title='bbox 1207 5269 1392 5324; x_wconf 84' lang='lat' dir='ltr'><strong>Gratia</strong></span> <span class='ocrx_word' id='word_1_417' title='bbox 1425 5270 1527 5326; x_wconf 84' lang='lat' dir='ltr'><strong>Dei</strong></span> <span class='ocrx_word' id='word_1_418' title='bbox 1564 5279 1752 5326; x_wconf 84' lang='lat' dir='ltr'><strong>contra</strong></span> <span class='ocrx_word' id='word_1_419' title='bbox 1791 5272 1902 5326; x_wconf 88' lang='lat' dir='ltr'><strong>Coe</strong></span> <span class='ocrx_word' id='word_1_420' title='bbox 1927 5281 2027 5325; x_wconf 85' lang='lat' dir='ltr'><strong>est.</strong></span> <span class='ocrx_word' id='word_1_421' title='bbox 2062 5288 2180 5339; x_wconf 87' lang='lat' dir='ltr'><strong>cap.</strong></span> <span class='ocrx_word' id='word_1_422' title='bbox 2214 5268 2298 5325; x_wconf 84' lang='lat'><strong>33.</strong></span> 
     </span>
     <span class='ocr_line' id='line_1_57' title="bbox 747 5336 2165 5409; baseline 0.001 -19"><span class='ocrx_word' id='word_1_423' title='bbox 747 5337 808 5400; x_wconf 82' lang='lat'><strong>4)</strong></span> <span class='ocrx_word' id='word_1_424' title='bbox 848 5336 935 5391; x_wconf 88' lang='lat' dir='ltr'><strong>De</strong></span> <span class='ocrx_word' id='word_1_425' title='bbox 974 5337 1210 5393; x_wconf 73' lang='lat' dir='ltr'><strong>Pei-fect.</strong></span> <span class='ocrx_word' id='word_1_426' title='bbox 1245 5339 1369 5394; x_wconf 86' lang='lat' dir='ltr'><strong>iust.</strong></span> <span class='ocrx_word' id='word_1_427' title='bbox 1574 5339 1636 5407; x_wconf 83' lang='lat'><strong>5)</strong></span> <span class='ocrx_word' id='word_1_428' title='bbox 1675 5341 1804 5409; x_wconf 85' lang='lat' dir='ltr'><strong>Cap.</strong></span> <span class='ocrx_word' id='word_1_429' title='bbox 1841 5337 1926 5392; x_wconf 81' lang='lat'><strong>65.</strong></span> <span class='ocrx_word' id='word_1_430' title='bbox 1964 5347 2020 5393; x_wconf 85' lang='lat' dir='ltr'><strong>et</strong></span> <span class='ocrx_word' id='word_1_431' title='bbox 2055 5355 2165 5409; x_wconf 86' lang='lat' dir='ltr'><strong>seq.</strong></span> 
     </span>
    </p>
   </div>
   <div class='ocr_carea' id='block_1_7' title="bbox 1916 407 3333 478">
    <p class='ocr_par' dir='ltr' id='par_1_7' title="bbox 1916 407 3333 478">
     <span class='ocr_line' id='line_1_58' title="bbox 1916 407 3333 478; baseline -0.002 0"><span class='ocrx_word' id='word_1_432' title='bbox 1916 408 2445 478; x_wconf 76' lang='lat' dir='ltr'><strong>RESPONSIO</strong></span> <span class='ocrx_word' id='word_1_433' title='bbox 2493 407 2870 476; x_wconf 79' lang='lat' dir='ltr'><strong>CONTRA</strong></span> <span class='ocrx_word' id='word_1_434' title='bbox 2914 409 3333 476; x_wconf 82' lang='lat' dir='ltr'><strong>PIGHIUM</strong></span> 
     </span>
    </p>
   </div>
   <div class='ocr_carea' id='block_1_8' title="bbox 4507 412 4634 475">
    <p class='ocr_par' dir='ltr' id='par_1_8' title="bbox 4507 412 4634 475">
     <span class='ocr_line' id='line_1_59' title="bbox 4507 412 4634 475; baseline 0.008 -1"><span class='ocrx_word' id='word_1_435' title='bbox 4507 412 4634 475; x_wconf 89' lang='grc'><strong>300</strong></span> 
     </span>
    </p>
   </div>
   <div class='ocr_carea' id='block_1_9' title="bbox 2673 596 4661 5150">
    <p class='ocr_par' dir='ltr' id='par_1_9' title="bbox 2673 596 4635 1438">
     <span class='ocr_line' id='line_1_60' title="bbox 2673 596 4635 664; baseline 0 -1"><span class='ocrx_word' id='word_1_436' title='bbox 2673 596 3029 663; x_wconf 83' lang='lat' dir='ltr'><strong>naturam?</strong></span> <span class='ocrx_word' id='word_1_437' title='bbox 3087 597 3201 662; x_wconf 90' lang='lat' dir='ltr'><strong>sed</strong></span> <span class='ocrx_word' id='word_1_438' title='bbox 3258 598 3331 662; x_wconf 87' lang='lat' dir='ltr'><strong>in</strong></span> <span class='ocrx_word' id='word_1_439' title='bbox 3390 603 3568 663; x_wconf 87' lang='lat' dir='ltr'><strong>recte</strong></span> <span class='ocrx_word' id='word_1_440' title='bbox 3610 597 3907 662; x_wconf 89' lang='lat' dir='ltr'><strong>faciendo</strong></span> <span class='ocrx_word' id='word_1_441' title='bbox 3950 596 4211 662; x_wconf 87' lang='lat' dir='ltr'><strong>nullum</strong></span> <span class='ocrx_word' id='word_1_442' title='bbox 4255 604 4360 662; x_wconf 89' lang='lat' dir='ltr'><strong>est</strong></span> <span class='ocrx_word' id='word_1_443' title='bbox 4400 598 4635 664; x_wconf 81' lang='lat' dir='ltr'><strong>vincu-</strong></span> 
     </span>
     <span class='ocr_line' id='line_1_61' title="bbox 2675 683 4634 767; baseline 0.001 -19"><span class='ocrx_word' id='word_1_444' title='bbox 2675 683 2813 749; x_wconf 92' lang='lat' dir='ltr'><strong>lum</strong></span> <span class='ocrx_word' id='word_1_445' title='bbox 2856 683 3297 749; x_wconf 84' lang='lat' dir='ltr'><strong>necessitatis:</strong></span> <span class='ocrx_word' id='word_1_446' title='bbox 3360 684 3512 767; x_wconf 91' lang='lat' dir='ltr'><strong>quia</strong></span> <span class='ocrx_word' id='word_1_447' title='bbox 3566 683 3837 748; x_wconf 87' lang='lat' dir='ltr'><strong>libertas</strong></span> <span class='ocrx_word' id='word_1_448' title='bbox 3895 689 3997 748; x_wconf 90' lang='lat' dir='ltr'><strong>est</strong></span> <span class='ocrx_word' id='word_1_449' title='bbox 4040 683 4348 749; x_wconf 87' lang='lat' dir='ltr'><strong>caritatis.</strong></span> <span class='ocrx_word' id='word_1_450' title='bbox 4440 683 4634 751; x_wconf 89' lang='lat' dir='ltr'><strong>Nunc</strong></span> 
     </span>
     <span class='ocr_line' id='line_1_62' title="bbox 2675 767 4633 854; baseline 0.001 -21"><span class='ocrx_word' id='word_1_451' title='bbox 2675 769 2759 834; x_wconf 90' lang='lat' dir='ltr'><strong>ad</strong></span> <span class='ocrx_word' id='word_1_452' title='bbox 2804 769 3197 835; x_wconf 88' lang='lat' dir='ltr'><strong>sententiam</strong></span> <span class='ocrx_word' id='word_1_453' title='bbox 3240 769 3662 854; x_wconf 91' lang='lat' dir='ltr'><strong>apostolicam</strong></span> <span class='ocrx_word' id='word_1_454' title='bbox 3707 769 3880 834; x_wconf 89' lang='lat' dir='ltr'><strong>redi:</strong></span> <span class='ocrx_word' id='word_1_455' title='bbox 3939 770 4178 835; x_wconf 86' lang='lat' dir='ltr'><strong>caritas</strong></span> <span class='ocrx_word' id='word_1_456' title='bbox 4218 768 4352 834; x_wconf 90' lang='lat' dir='ltr'><strong>Dei</strong></span> <span class='ocrx_word' id='word_1_457' title='bbox 4395 767 4633 835; x_wconf 86' lang='lat' dir='ltr'><strong>diffusa</strong></span> 
     </span>
     <span class='ocr_line' id='line_1_63' title="bbox 2677 854 4634 939; baseline 0.001 -19"><span class='ocrx_word' id='word_1_458' title='bbox 2677 865 2780 920; x_wconf 89' lang='lat' dir='ltr'><strong>est</strong></span> <span class='ocrx_word' id='word_1_459' title='bbox 2831 857 2903 920; x_wconf 91' lang='lat' dir='ltr'><strong>in</strong></span> <span class='ocrx_word' id='word_1_460' title='bbox 2962 854 3262 921; x_wconf 88' lang='lat' dir='ltr'><strong>cordibus</strong></span> <span class='ocrx_word' id='word_1_461' title='bbox 3316 856 3592 933; x_wconf 87' lang='grc'>0001110,</span> <span class='ocrx_word' id='word_1_462' title='bbox 3638 876 3756 937; x_wconf 83' lang='grc'>1101</span> <span class='ocrx_word' id='word_1_463' title='bbox 3799 856 4105 939; x_wconf 86' lang='lat' dir='ltr'><strong>spiritum</strong></span> <span class='ocrx_word' id='word_1_464' title='bbox 4145 862 4472 935; x_wconf 87' lang='lat' dir='ltr'><strong>sanctum,</strong></span> <span class='ocrx_word' id='word_1_465' title='bbox 4522 857 4634 939; x_wconf 91' lang='lat' dir='ltr'><strong>qui</strong></span> 
     </span>
     <span class='ocr_line' id='line_1_64' title="bbox 2677 940 4633 1025; baseline 0.001 -20"><span class='ocrx_word' id='word_1_466' title='bbox 2677 941 2869 1007; x_wconf 88' lang='lat' dir='ltr'><strong>datus</strong></span> <span class='ocrx_word' id='word_1_467' title='bbox 2923 950 3026 1007; x_wconf 89' lang='lat' dir='ltr'><strong>est</strong></span> <span class='ocrx_word' id='word_1_468' title='bbox 3078 940 3267 1007; x_wconf 92' lang='lat' dir='ltr'><strong>nobis</strong></span> <span class='ocrx_word' id='word_1_469' title='bbox 3326 942 3549 1024; x_wconf 83' lang='lat' dir='ltr'><strong>(Rom.</strong></span> <span class='ocrx_word' id='word_1_470' title='bbox 3592 945 3649 1019; x_wconf 88' lang='lat'><strong>5,</strong></span> <span class='ocrx_word' id='word_1_471' title='bbox 3691 940 3780 1025; x_wconf 82' lang='lat'><strong>5).</strong></span> <span class='ocrx_word' id='word_1_472' title='bbox 3870 943 3936 1007; x_wconf 89' lang='lat' dir='ltr'>A</span> <span class='ocrx_word' id='word_1_473' title='bbox 3994 962 4120 1024; x_wconf 93' lang='lat' dir='ltr'><strong>quo</strong></span> <span class='ocrx_word' id='word_1_474' title='bbox 4175 940 4442 1007; x_wconf 77' lang='lat' dir='ltr'><strong>autem?</strong></span> <span class='ocrx_word' id='word_1_475' title='bbox 4502 942 4633 1007; x_wconf 91' lang='lat' dir='ltr'><strong>nisi</strong></span> 
     </span>
     <span class='ocr_line' id='line_1_65' title="bbox 2678 1026 4633 1112; baseline 0.002 -20"><span class='ocrx_word' id='word_1_476' title='bbox 2678 1028 2759 1092; x_wconf 90' lang='lat' dir='ltr'><strong>ab</strong></span> <span class='ocrx_word' id='word_1_477' title='bbox 2803 1026 2918 1091; x_wconf 90' lang='lat' dir='ltr'><strong>illo</strong></span> <span class='ocrx_word' id='word_1_478' title='bbox 2958 1029 3071 1111; x_wconf 91' lang='lat' dir='ltr'><strong>qui</strong></span> <span class='ocrx_word' id='word_1_479' title='bbox 3114 1026 3410 1093; x_wconf 91' lang='lat' dir='ltr'><strong>ascendit</strong></span> <span class='ocrx_word' id='word_1_480' title='bbox 3466 1028 3541 1091; x_wconf 90' lang='lat' dir='ltr'><strong>in</strong></span> <span class='ocrx_word' id='word_1_481' title='bbox 3585 1026 3827 1106; x_wconf 90' lang='lat' dir='ltr'><strong>altum,</strong></span> <span class='ocrx_word' id='word_1_482' title='bbox 3874 1032 4200 1110; x_wconf 85' lang='lat' dir='ltr'><strong>captivam</strong></span> <span class='ocrx_word' id='word_1_483' title='bbox 4244 1027 4438 1092; x_wconf 82' lang='lat' dir='ltr'><strong>duxit</strong></span> <span class='ocrx_word' id='word_1_484' title='bbox 4480 1049 4633 1112; x_wconf 89' lang='lat' dir='ltr'><strong>cap-</strong></span> 
     </span>
     <span class='ocr_line' id='line_1_66' title="bbox 2677 1112 4632 1194; baseline 0.001 -16"><span class='ocrx_word' id='word_1_485' title='bbox 2677 1113 3046 1179; x_wconf 82' lang='lat' dir='ltr'><strong>tivitatem?</strong></span> <span class='ocrx_word' id='word_1_486' title='bbox 3138 1112 3331 1194; x_wconf 81' lang='grc'>911011</span> <span class='ocrx_word' id='word_1_487' title='bbox 3378 1120 3598 1178; x_wconf 88' lang='lat' dir='ltr'><strong>autem</strong></span> <span class='ocrx_word' id='word_1_488' title='bbox 3644 1134 3727 1177; x_wconf 88' lang='lat' dir='ltr'><strong>ex</strong></span> <span class='ocrx_word' id='word_1_489' title='bbox 3770 1113 3946 1178; x_wconf 79' lang='lat' dir='ltr'><strong>vitiis</strong></span> <span class='ocrx_word' id='word_1_490' title='bbox 3990 1120 4286 1192; x_wconf 89' lang='lat' dir='ltr'><strong>naturae,</strong></span> <span class='ocrx_word' id='word_1_491' title='bbox 4333 1134 4469 1178; x_wconf 92' lang='lat' dir='ltr'><strong>non</strong></span> <span class='ocrx_word' id='word_1_492' title='bbox 4516 1134 4632 1181; x_wconf 88' lang='lat' dir='ltr'><strong>au-</strong></span> 
     </span>
     <span class='ocr_line' id='line_1_67' title="bbox 2677 1197 4633 1281; baseline 0.002 -19"><span class='ocrx_word' id='word_1_493' title='bbox 2677 1207 2811 1263; x_wconf 89' lang='lat' dir='ltr'><strong>tem</strong></span> <span class='ocrx_word' id='word_1_494' title='bbox 2868 1221 2950 1265; x_wconf 79' lang='lat' dir='ltr'><strong>ex</strong></span> <span class='ocrx_word' id='word_1_495' title='bbox 3008 1197 3412 1279; x_wconf 89' lang='lat' dir='ltr'><strong>conditione,</strong></span> <span class='ocrx_word' id='word_1_496' title='bbox 3470 1198 3560 1265; x_wconf 90' lang='lat' dir='ltr'><strong>sit</strong></span> <span class='ocrx_word' id='word_1_497' title='bbox 3607 1198 3921 1281; x_wconf 89' lang='lat' dir='ltr'><strong>peccandi</strong></span> <span class='ocrx_word' id='word_1_498' title='bbox 3964 1201 4351 1278; x_wconf 83' lang='lat' dir='ltr'><strong>necessitas,</strong></span> <span class='ocrx_word' id='word_1_499' title='bbox 4411 1200 4633 1266; x_wconf 84' lang='lat' dir='ltr'><strong>audiat</strong></span> 
     </span>
     <span class='ocr_line' id='line_1_68' title="bbox 2678 1284 4630 1369; baseline 0.001 -20"><span class='ocrx_word' id='word_1_500' title='bbox 2678 1286 2898 1365; x_wconf 90' lang='lat' dir='ltr'><strong>homo;</strong></span> <span class='ocrx_word' id='word_1_501' title='bbox 2959 1294 3283 1369; x_wconf 89' lang='lat' dir='ltr'><strong>atque-ut</strong></span> <span class='ocrx_word' id='word_1_502' title='bbox 3327 1285 3399 1349; x_wconf 90' lang='lat' dir='ltr'><strong>in</strong></span> <span class='ocrx_word' id='word_1_503' title='bbox 3455 1284 3681 1349; x_wconf 85' lang='lat' dir='ltr'><strong>eadem</strong></span> <span class='ocrx_word' id='word_1_504' title='bbox 3738 1306 3871 1349; x_wconf 91' lang='lat' dir='ltr'><strong>non</strong></span> <span class='ocrx_word' id='word_1_505' title='bbox 3913 1286 4028 1363; x_wconf 90' lang='lat' dir='ltr'><strong>sit,</strong></span> <span class='ocrx_word' id='word_1_506' title='bbox 4087 1285 4299 1355; x_wconf 85' lang='lat' dir='ltr'><strong>discat</strong></span> <span class='ocrx_word' id='word_1_507' title='bbox 4342 1285 4489 1351; x_wconf 90' lang='lat' dir='ltr'><strong>Deo</strong></span> <span class='ocrx_word' id='word_1_508' title='bbox 4534 1285 4630 1351; x_wconf 87' lang='lat' dir='ltr'><strong>di-</strong></span> 
     </span>
     <span class='ocr_line' id='line_1_69' title="bbox 2673 1371 4439 1438; baseline 0.001 -2"><span class='ocrx_word' id='word_1_509' title='bbox 2673 1391 2850 1437; x_wconf 90' lang='lat' dir='ltr'><strong>cere:</strong></span> <span class='ocrx_word' id='word_1_510' title='bbox 2898 1373 3002 1437; x_wconf 92' lang='lat' dir='ltr'><strong>De</strong></span> <span class='ocrx_word' id='word_1_511' title='bbox 3044 1371 3544 1438; x_wconf 89' lang='lat' dir='ltr'><strong>necessitatibus</strong></span> <span class='ocrx_word' id='word_1_512' title='bbox 3587 1371 3752 1435; x_wconf 89' lang='lat' dir='ltr'><strong>meis</strong></span> <span class='ocrx_word' id='word_1_513' title='bbox 3799 1391 3955 1436; x_wconf 90' lang='grc'>01110</span> <span class='ocrx_word' id='word_1_514' title='bbox 3996 1392 4121 1437; x_wconf 87' lang='grc'>010.</span> <span class='ocrx_word' id='word_1_515' title='bbox 4302 1400 4318 1411; x_wconf 84' lang='grc'><strong><em>·</em></strong></span> <span class='ocrx_word' id='word_1_516' title='bbox 4430 1382 4439 1398; x_wconf 92' lang='grc'><strong>’</strong></span> 
     </span>
    </p>

    <p class='ocr_par' dir='ltr' id='par_1_10' title="bbox 2673 1456 4661 5150">
     <span class='ocr_line' id='line_1_70' title="bbox 2851 1456 4629 1541; baseline 0.002 -21"><span class='ocrx_word' id='word_1_517' title='bbox 2851 1462 2998 1536; x_wconf 80' lang='lat' dir='ltr'><strong>[pag.</strong></span> <span class='ocrx_word' id='word_1_518' title='bbox 3039 1463 3144 1536; x_wconf 87' lang='lat'><strong>94]</strong></span> <span class='ocrx_word' id='word_1_519' title='bbox 3194 1457 3334 1522; x_wconf 91' lang='lat' dir='ltr'><strong>Nee</strong></span> <span class='ocrx_word' id='word_1_520' title='bbox 3389 1457 3587 1521; x_wconf 88' lang='lat' dir='ltr'><strong>aliam</strong></span> <span class='ocrx_word' id='word_1_521' title='bbox 3646 1457 4137 1539; x_wconf 89' lang='lat' dir='ltr'><strong>responsionem</strong></span> <span class='ocrx_word' id='word_1_522' title='bbox 4192 1456 4480 1541; x_wconf 85' lang='lat' dir='ltr'><strong>postulat</strong></span> <span class='ocrx_word' id='word_1_523' title='bbox 4533 1458 4629 1523; x_wconf 88' lang='lat' dir='ltr'><strong>lo-</strong></span> 
     </span>
     <span class='ocr_line' id='line_1_71' title="bbox 2675 1540 4630 1627; baseline 0.001 -18"><span class='ocrx_word' id='word_1_524' title='bbox 2675 1565 2789 1609; x_wconf 88' lang='lat' dir='ltr'><strong>cus</strong></span> <span class='ocrx_word' id='word_1_525' title='bbox 2832 1541 2913 1606; x_wconf 90' lang='lat' dir='ltr'><strong>de</strong></span> <span class='ocrx_word' id='word_1_526' title='bbox 2958 1540 3346 1623; x_wconf 81' lang='grc'>9000111010</span> <span class='ocrx_word' id='word_1_527' title='bbox 3394 1542 3670 1607; x_wconf 88' lang='grc'>0011000.</span> <span class='ocrx_word' id='word_1_528' title='bbox 3758 1542 3932 1607; x_wconf 87' lang='lat' dir='ltr'><strong>Nam</strong></span> <span class='ocrx_word' id='word_1_529' title='bbox 3978 1543 4035 1608; x_wconf 92' lang='lat' dir='ltr'><strong>si</strong></span> <span class='ocrx_word' id='word_1_530' title='bbox 4079 1544 4456 1627; x_wconf 87' lang='lat' dir='ltr'><strong>Augustino</strong></span> <span class='ocrx_word' id='word_1_531' title='bbox 4492 1565 4630 1611; x_wconf 90' lang='lat' dir='ltr'><strong>cre-</strong></span> 
     </span>
     <span class='ocr_line' id='line_1_72' title="bbox 2677 1626 4630 1711; baseline 0.003 -19"><span class='ocrx_word' id='word_1_532' title='bbox 2677 1627 2882 1707; x_wconf 80' lang='lat' dir='ltr'><strong>ditur,</strong></span> <span class='ocrx_word' id='word_1_533' title='bbox 2930 1626 3311 1711; x_wconf 81' lang='lat' dir='ltr'><strong>ubicunque‘</strong></span> <span class='ocrx_word' id='word_1_534' title='bbox 3357 1627 3547 1694; x_wconf 88' lang='lat' dir='ltr'><strong>liberi</strong></span> <span class='ocrx_word' id='word_1_535' title='bbox 3593 1629 3850 1693; x_wconf 87' lang='lat' dir='ltr'><strong>arbitrii</strong></span> <span class='ocrx_word' id='word_1_536' title='bbox 3899 1627 4315 1694; x_wconf 87' lang='lat' dir='ltr'><strong>commendat</strong></span> <span class='ocrx_word' id='word_1_537' title='bbox 4356 1630 4630 1697; x_wconf 88' lang='lat' dir='ltr'><strong>faculta-</strong></span> 
     </span>
     <span class='ocr_line' id='line_1_73' title="bbox 2675 1713 4631 1799; baseline 0.002 -22"><span class='ocrx_word' id='word_1_538' title='bbox 2675 1722 2829 1793; x_wconf 89' lang='lat' dir='ltr'><strong>tem,</strong></span> <span class='ocrx_word' id='word_1_539' title='bbox 2876 1714 2957 1778; x_wconf 90' lang='lat' dir='ltr'><strong>ad</strong></span> <span class='ocrx_word' id='word_1_540' title='bbox 3002 1715 3282 1797; x_wconf 87' lang='lat' dir='ltr'><strong>primam</strong></span> <span class='ocrx_word' id='word_1_541' title='bbox 3328 1723 3601 1779; x_wconf 88' lang='lat' dir='ltr'><strong>naturae</strong></span> <span class='ocrx_word' id='word_1_542' title='bbox 3636 1713 4096 1793; x_wconf 82' lang='lat' dir='ltr'><strong>conditionem,</strong></span> <span class='ocrx_word' id='word_1_543' title='bbox 4142 1735 4281 1780; x_wconf 90' lang='lat' dir='ltr'><strong>non</strong></span> <span class='ocrx_word' id='word_1_544' title='bbox 4323 1736 4631 1799; x_wconf 87' lang='lat' dir='ltr'><strong>praesen-</strong></span> 
     </span>
     <span class='ocr_line' id='line_1_74' title="bbox 2676 1800 4632 1884; baseline 0.002 -20"><span class='ocrx_word' id='word_1_545' title='bbox 2676 1808 2815 1865; x_wconf 91' lang='lat' dir='ltr'><strong>tem</strong></span> <span class='ocrx_word' id='word_1_546' title='bbox 2870 1801 3231 1878; x_wconf 88' lang='lat' dir='ltr'><strong>miseriam‚</strong></span> <span class='ocrx_word' id='word_1_547' title='bbox 3292 1800 3363 1864; x_wconf 91' lang='lat' dir='ltr'><strong>in</strong></span> <span class='ocrx_word' id='word_1_548' title='bbox 3419 1820 3619 1883; x_wconf 89' lang='lat' dir='ltr'><strong>quam</strong></span> <span class='ocrx_word' id='word_1_549' title='bbox 3675 1800 3929 1866; x_wconf 89' lang='lat' dir='ltr'><strong>arbitrii</strong></span> <span class='ocrx_word' id='word_1_550' title='bbox 3984 1801 4146 1867; x_wconf 80' lang='lat' dir='ltr'><strong>vitio</strong></span> <span class='ocrx_word' id='word_1_551' title='bbox 4199 1801 4632 1884; x_wconf 89' lang='lat' dir='ltr'><strong>praecipitata</strong></span> 
     </span>
     <span class='ocr_line' id='line_1_75' title="bbox 2678 1885 4632 1972; baseline 0.002 -21"><span class='ocrx_word' id='word_1_552' title='bbox 2678 1894 2793 1964; x_wconf 89' lang='lat' dir='ltr'><strong>est,</strong></span> <span class='ocrx_word' id='word_1_553' title='bbox 2838 1887 3121 1969; x_wconf 88' lang='lat' dir='ltr'><strong>respicit.</strong></span> <span class='ocrx_word' id='word_1_554' title='bbox 3191 1885 3268 1951; x_wconf 76' lang='lat' dir='ltr'><strong>Si</strong></span> <span class='ocrx_word' id='word_1_555' title='bbox 3312 1907 3447 1950; x_wconf 89' lang='lat' dir='ltr'><strong>non</strong></span> <span class='ocrx_word' id='word_1_556' title='bbox 3491 1885 3796 1965; x_wconf 85' lang='lat' dir='ltr'><strong>creditur,</strong></span> <span class='ocrx_word' id='word_1_557' title='bbox 3836 1886 4071 1951; x_wconf 86' lang='lat' dir='ltr'><strong>saltem</strong></span> <span class='ocrx_word' id='word_1_558' title='bbox 4107 1893 4423 1952; x_wconf 81' lang='lat' dir='ltr'><strong>retractat</strong></span> <span class='ocrx_word' id='word_1_559' title='bbox 4457 1889 4632 1972; x_wconf 91' lang='lat' dir='ltr'><strong>quod</strong></span> 
     </span>
     <span class='ocr_line' id='line_1_76' title="bbox 2678 1970 4631 2058; baseline 0.002 -22"><span class='ocrx_word' id='word_1_560' title='bbox 2678 1971 2953 2036; x_wconf 84' lang='lat' dir='ltr'><strong>dixerat.</strong></span> <span class='ocrx_word' id='word_1_561' title='bbox 3041 1970 3266 2052; x_wconf 88' lang='grc'>9111110</span> <span class='ocrx_word' id='word_1_562' title='bbox 3316 1978 3453 2036; x_wconf 85' lang='grc'>1010</span> <span class='ocrx_word' id='word_1_563' title='bbox 3509 1971 3748 2037; x_wconf 81' lang='lat' dir='ltr'><strong>validis</strong></span> <span class='ocrx_word' id='word_1_564' title='bbox 3801 1972 4124 2038; x_wconf 87' lang='lat' dir='ltr'><strong>machinis</strong></span> <span class='ocrx_word' id='word_1_565' title='bbox 4180 1973 4251 2037; x_wconf 95' lang='grc'><strong>10</strong></span> <span class='ocrx_word' id='word_1_566' title='bbox 4306 1994 4427 2039; x_wconf 92' lang='grc'><strong>000</strong></span> <span class='ocrx_word' id='word_1_567' title='bbox 4480 1995 4631 2058; x_wconf 87' lang='lat' dir='ltr'><strong>pro-</strong></span> 
     </span>
     <span class='ocr_line' id='line_1_77' title="bbox 2676 2057 4630 2140; baseline 0.002 -18"><span class='ocrx_word' id='word_1_568' title='bbox 2676 2065 2861 2137; x_wconf 88' lang='lat' dir='ltr'><strong>ruat,</strong></span> <span class='ocrx_word' id='word_1_569' title='bbox 2926 2057 3191 2122; x_wconf 87' lang='lat' dir='ltr'><strong>miraris</strong></span> <span class='ocrx_word' id='word_1_570' title='bbox 3242 2058 3478 2136; x_wconf 86' lang='lat' dir='ltr'><strong>lector,</strong></span> <span class='ocrx_word' id='word_1_571' title='bbox 3533 2057 3589 2123; x_wconf 91' lang='lat' dir='ltr'><strong>si</strong></span> <span class='ocrx_word' id='word_1_572' title='bbox 3642 2066 3908 2140; x_wconf 89' lang='lat' dir='ltr'><strong>stupore</strong></span> <span class='ocrx_word' id='word_1_573' title='bbox 3965 2059 4410 2139; x_wconf 78' lang='lat' dir='ltr'><strong>exanimetur,</strong></span> <span class='ocrx_word' id='word_1_574' title='bbox 4474 2061 4630 2125; x_wconf 90' lang='lat' dir='ltr'><strong>dum</strong></span> 
     </span>
     <span class='ocr_line' id='line_1_78' title="bbox 2677 2143 4630 2228; baseline 0.001 -19"><span class='ocrx_word' id='word_1_575' title='bbox 2677 2143 2861 2210; x_wconf 81' lang='lat' dir='ltr'><strong>videt</strong></span> <span class='ocrx_word' id='word_1_576' title='bbox 2902 2164 3021 2208; x_wconf 91' lang='lat' dir='ltr'><strong>nos</strong></span> <span class='ocrx_word' id='word_1_577' title='bbox 3063 2143 3234 2208; x_wconf 91' lang='lat' dir='ltr'><strong>nihil</strong></span> <span class='ocrx_word' id='word_1_578' title='bbox 3276 2143 3715 2209; x_wconf 83' lang='lat' dir='ltr'><strong>commoveri?</strong></span> <span class='ocrx_word' id='word_1_579' title='bbox 3805 2144 3951 2228; x_wconf 87' lang='lat' dir='ltr'><strong>Ego</strong></span> <span class='ocrx_word' id='word_1_580' title='bbox 3997 2166 4155 2211; x_wconf 86' lang='lat' dir='ltr'><strong>vero</strong></span> <span class='ocrx_word' id='word_1_581' title='bbox 4198 2147 4434 2226; x_wconf 91' lang='lat' dir='ltr'><strong>miror,</strong></span> <span class='ocrx_word' id='word_1_582' title='bbox 4492 2157 4630 2211; x_wconf 86' lang='lat' dir='ltr'><strong>tam</strong></span> 
     </span>
     <span class='ocr_line' id='line_1_79' title="bbox 2676 2230 4626 2315; baseline 0.003 -22"><span class='ocrx_word' id='word_1_583' title='bbox 2676 2231 3027 2294; x_wconf 89' lang='lat' dir='ltr'><strong>flatuosum</strong></span> <span class='ocrx_word' id='word_1_584' title='bbox 3081 2230 3414 2294; x_wconf 90' lang='lat' dir='ltr'><strong>hominem</strong></span> <span class='ocrx_word' id='word_1_585' title='bbox 3469 2250 3602 2294; x_wconf 89' lang='lat' dir='ltr'><strong>non</strong></span> <span class='ocrx_word' id='word_1_586' title='bbox 3655 2230 3954 2312; x_wconf 86' lang='lat' dir='ltr'><strong>protinus</strong></span> <span class='ocrx_word' id='word_1_587' title='bbox 4006 2230 4298 2296; x_wconf 90' lang='lat' dir='ltr'><strong>medium</strong></span> <span class='ocrx_word' id='word_1_588' title='bbox 4343 2253 4626 2315; x_wconf 86' lang='lat' dir='ltr'><strong>crepare.</strong></span> 
     </span>
     <span class='ocr_line' id='line_1_80' title="bbox 2678 2315 4629 2398; baseline 0.002 -20"><span class='ocrx_word' id='word_1_589' title='bbox 2678 2316 2933 2380; x_wconf 87' lang='lat' dir='ltr'><strong>Verum</strong></span> <span class='ocrx_word' id='word_1_590' title='bbox 2979 2315 3281 2398; x_wconf 87' lang='lat' dir='ltr'><strong>progredi</strong></span> <span class='ocrx_word' id='word_1_591' title='bbox 3343 2336 3464 2381; x_wconf 91' lang='lat' dir='ltr'><strong>nos</strong></span> <span class='ocrx_word' id='word_1_592' title='bbox 3518 2321 3790 2398; x_wconf 84' lang='lat' dir='ltr'><strong>oportet.</strong></span> <span class='ocrx_word' id='word_1_593' title='bbox 3890 2316 4098 2382; x_wconf 88' lang='lat' dir='ltr'><strong>Libro</strong></span> <span class='ocrx_word' id='word_1_594' title='bbox 4153 2318 4467 2383; x_wconf 83' lang='lat' dir='ltr'><strong>vicesimo</strong></span> <span class='ocrx_word' id='word_1_595' title='bbox 4529 2338 4629 2384; x_wconf 91' lang='lat' dir='ltr'><strong>se-</strong></span> 
     </span>
     <span class='ocr_line' id='line_1_81' title="bbox 2678 2400 4627 2481; baseline 0.001 -13"><span class='ocrx_word' id='word_1_596' title='bbox 2678 2400 2891 2468; x_wconf 88' lang='lat' dir='ltr'><strong>cundo</strong></span> <span class='ocrx_word' id='word_1_597' title='bbox 2938 2401 3254 2466; x_wconf 85' lang='lat' dir='ltr'><strong>adversus</strong></span> <span class='ocrx_word' id='word_1_598' title='bbox 3298 2402 3623 2467; x_wconf 85' lang='lat' dir='ltr'><strong>Faustum</strong></span> <span class='ocrx_word' id='word_1_599' title='bbox 3653 2401 4141 2481; x_wconf 86' lang='lat' dir='ltr'><strong>Manichaeum,</strong></span> <span class='ocrx_word' id='word_1_600' title='bbox 4189 2405 4284 2471; x_wconf 88' lang='lat' dir='ltr'><strong>sic</strong></span> <span class='ocrx_word' id='word_1_601' title='bbox 4332 2412 4627 2469; x_wconf 88' lang='lat' dir='ltr'><strong>creatum</strong></span> 
     </span>
     <span class='ocr_line' id='line_1_82' title="bbox 2677 2486 4625 2573; baseline 0.001 -20"><span class='ocrx_word' id='word_1_602' title='bbox 2677 2509 2819 2553; x_wconf 88' lang='lat' dir='ltr'><strong>esse</strong></span> <span class='ocrx_word' id='word_1_603' title='bbox 2865 2487 3198 2552; x_wconf 89' lang='lat' dir='ltr'><strong>hominem</strong></span> <span class='ocrx_word' id='word_1_604' title='bbox 3256 2486 3443 2566; x_wconf 91' lang='lat' dir='ltr'><strong>dicit,</strong></span> <span class='ocrx_word' id='word_1_605' title='bbox 3502 2494 3578 2551; x_wconf 90' lang='lat' dir='ltr'><strong>ut</strong></span> <span class='ocrx_word' id='word_1_606' title='bbox 3634 2487 3693 2550; x_wconf 86' lang='grc'><strong>01</strong></span> <span class='ocrx_word' id='word_1_607' title='bbox 3747 2488 3992 2553; x_wconf 83' lang='grc'>1000001</span> <span class='ocrx_word' id='word_1_608' title='bbox 4042 2489 4388 2555; x_wconf 90' lang='lat' dir='ltr'><strong>fraenandi</strong></span> <span class='ocrx_word' id='word_1_609' title='bbox 4446 2491 4625 2573; x_wconf 90' lang='lat' dir='ltr'><strong>eupi-</strong></span> 
     </span>
     <span class='ocr_line' id='line_1_83' title="bbox 2680 2572 4627 2656; baseline 0.001 -18"><span class='ocrx_word' id='word_1_610' title='bbox 2680 2572 2919 2638; x_wconf 89' lang='lat' dir='ltr'><strong>ditates</strong></span> <span class='ocrx_word' id='word_1_611' title='bbox 2976 2572 3370 2656; x_wconf 88' lang='lat' dir='ltr'><strong>possibilitas</strong></span> <span class='ocrx_word' id='word_1_612' title='bbox 3426 2586 3542 2637; x_wconf 87' lang='lat' dir='ltr'><strong>aut</strong></span> <span class='ocrx_word' id='word_1_613' title='bbox 3606 2573 3898 2639; x_wconf 86' lang='lat' dir='ltr'><strong>facultas.</strong></span> <span class='ocrx_word' id='word_1_614' title='bbox 4007 2574 4153 2641; x_wconf 93' lang='lat' dir='ltr'><strong>Hoc</strong></span> <span class='ocrx_word' id='word_1_615' title='bbox 4218 2575 4390 2641; x_wconf 87' lang='lat' dir='ltr'><strong>nihil</strong></span> <span class='ocrx_word' id='word_1_616' title='bbox 4452 2576 4627 2641; x_wconf 88' lang='lat' dir='ltr'><strong>inter</strong></span> 
     </span>
     <span class='ocr_line' id='line_1_84' title="bbox 2676 2658 4628 2742; baseline 0.002 -19"><span class='ocrx_word' id='word_1_617' title='bbox 2676 2680 2797 2723; x_wconf 90' lang='lat' dir='ltr'><strong>nos</strong></span> <span class='ocrx_word' id='word_1_618' title='bbox 2841 2659 3322 2725; x_wconf 76' lang='lat' dir='ltr'><strong>controversiae</strong></span> <span class='ocrx_word' id='word_1_619' title='bbox 3365 2658 3579 2724; x_wconf 89' lang='lat' dir='ltr'><strong>habet.</strong></span> <span class='ocrx_word' id='word_1_620' title='bbox 3669 2659 3775 2723; x_wconf 92' lang='lat' dir='ltr'><strong>De</strong></span> <span class='ocrx_word' id='word_1_621' title='bbox 3818 2660 4034 2742; x_wconf 90' lang='lat' dir='ltr'><strong>prima</strong></span> <span class='ocrx_word' id='word_1_622' title='bbox 4077 2662 4255 2725; x_wconf 92' lang='lat' dir='ltr'><strong>enim</strong></span> <span class='ocrx_word' id='word_1_623' title='bbox 4300 2663 4628 2728; x_wconf 88' lang='lat' dir='ltr'><strong>creatione</strong></span> 
     </span>
     <span class='ocr_line' id='line_1_85' title="bbox 2678 2745 4628 2829; baseline 0.003 -21"><span class='ocrx_word' id='word_1_624' title='bbox 2678 2746 2915 2829; x_wconf 89' lang='lat' dir='ltr'><strong>agitur.</strong></span> <span class='ocrx_word' id='word_1_625' title='bbox 3019 2746 3115 2810; x_wconf 91' lang='lat' dir='ltr'><strong>At</strong></span> <span class='ocrx_word' id='word_1_626' title='bbox 3177 2752 3403 2827; x_wconf 87' lang='lat' dir='ltr'><strong>postea</strong></span> <span class='ocrx_word' id='word_1_627' title='bbox 3467 2745 3837 2828; x_wconf 87' lang='lat' dir='ltr'><strong>subiungit,</strong></span> <span class='ocrx_word' id='word_1_628' title='bbox 3915 2746 4087 2828; x_wconf 92' lang='lat' dir='ltr'><strong>quod</strong></span> <span class='ocrx_word' id='word_1_629' title='bbox 4152 2767 4287 2812; x_wconf 90' lang='lat' dir='ltr'><strong>non</strong></span> <span class='ocrx_word' id='word_1_630' title='bbox 4325 2749 4485 2814; x_wconf 84' lang='lat' dir='ltr'><strong>nisi</strong></span> <span class='ocrx_word' id='word_1_631' title='bbox 4549 2748 4628 2814; x_wconf 89' lang='lat' dir='ltr'><strong>de</strong></span> 
     </span>
     <span class='ocr_line' id='line_1_86' title="bbox 2677 2830 4629 2916; baseline 0.002 -21"><span class='ocrx_word' id='word_1_632' title='bbox 2677 2831 3012 2915; x_wconf 88' lang='lat' dir='ltr'><strong>praesenti</strong></span> <span class='ocrx_word' id='word_1_633' title='bbox 3057 2836 3235 2896; x_wconf 90' lang='lat' dir='ltr'><strong>statu</strong></span> <span class='ocrx_word' id='word_1_634' title='bbox 3288 2832 3501 2914; x_wconf 89' lang='lat' dir='ltr'><strong>possit</strong></span> <span class='ocrx_word' id='word_1_635' title='bbox 3541 2830 3858 2914; x_wconf 89' lang='lat' dir='ltr'><strong>intelligi:</strong></span> <span class='ocrx_word' id='word_1_636' title='bbox 3924 2833 4059 2898; x_wconf 91' lang='lat' dir='ltr'><strong>Per</strong></span> <span class='ocrx_word' id='word_1_637' title='bbox 4103 2854 4245 2898; x_wconf 87' lang='lat' dir='ltr'><strong>eam</strong></span> <span class='ocrx_word' id='word_1_638' title='bbox 4304 2833 4629 2916; x_wconf 90' lang='lat' dir='ltr'><strong>possibili-</strong></span> 
     </span>
     <span class='ocr_line' id='line_1_87' title="bbox 2678 2916 4628 3001; baseline 0.002 -20"><span class='ocrx_word' id='word_1_639' title='bbox 2678 2925 2887 2981; x_wconf 90' lang='lat' dir='ltr'><strong>tatem</strong></span> <span class='ocrx_word' id='word_1_640' title='bbox 2941 2916 3298 2982; x_wconf 90' lang='lat' dir='ltr'><strong>instaurari</strong></span> <span class='ocrx_word' id='word_1_641' title='bbox 3350 2917 3709 2996; x_wconf 89' lang='lat' dir='ltr'><strong>hominem,</strong></span> <span class='ocrx_word' id='word_1_642' title='bbox 3758 2937 3878 2999; x_wconf 91' lang='lat' dir='ltr'><strong>per</strong></span> <span class='ocrx_word' id='word_1_643' title='bbox 3919 2938 4148 3001; x_wconf 89' lang='lat' dir='ltr'><strong>quam,</strong></span> <span class='ocrx_word' id='word_1_644' title='bbox 4193 2921 4250 2984; x_wconf 90' lang='lat' dir='ltr'><strong>si</strong></span> <span class='ocrx_word' id='word_1_645' title='bbox 4294 2919 4628 2998; x_wconf 82' lang='lat' dir='ltr'><strong>voluisset,</strong></span> 
     </span>
     <span class='ocr_line' id='line_1_88' title="bbox 2678 3000 4632 3089; baseline 0.002 -21"><span class='ocrx_word' id='word_1_646' title='bbox 2678 3024 2815 3068; x_wconf 90' lang='lat' dir='ltr'><strong>non</strong></span> <span class='ocrx_word' id='word_1_647' title='bbox 2870 3001 3225 3068; x_wconf 88' lang='lat' dir='ltr'><strong>cecidisset.</strong></span> <span class='ocrx_word' id='word_1_648' title='bbox 3320 3000 3764 3084; x_wconf 84' lang='lat' dir='ltr'><strong>Possibilitas,</strong></span> <span class='ocrx_word' id='word_1_649' title='bbox 3808 3004 4025 3087; x_wconf 88' lang='lat' dir='ltr'><strong>inquit</strong></span> <span class='ocrx_word' id='word_1_650' title='bbox 4063 3003 4381 3089; x_wconf 89' lang='lat' dir='ltr'><strong>Pighius,</strong></span> <span class='ocrx_word' id='word_1_651' title='bbox 4437 3005 4632 3072; x_wconf 87' lang='lat' dir='ltr'><strong>liberi</strong></span> 
     </span>
     <span class='ocr_line' id='line_1_89' title="bbox 2680 3088 4631 3176; baseline 0.002 -21"><span class='ocrx_word' id='word_1_652' title='bbox 2680 3088 2939 3155; x_wconf 88' lang='lat' dir='ltr'><strong>arbitrii</strong></span> <span class='ocrx_word' id='word_1_653' title='bbox 2991 3089 3272 3156; x_wconf 84' lang='lat' dir='ltr'><strong>facultas</strong></span> <span class='ocrx_word' id='word_1_654' title='bbox 3324 3097 3442 3155; x_wconf 90' lang='lat' dir='ltr'><strong>est.</strong></span> <span class='ocrx_word' id='word_1_655' title='bbox 3530 3089 3666 3154; x_wconf 91' lang='lat' dir='ltr'><strong>Per</strong></span> <span class='ocrx_word' id='word_1_656' title='bbox 3709 3111 3854 3156; x_wconf 89' lang='lat' dir='ltr'><strong>eam</strong></span> <span class='ocrx_word' id='word_1_657' title='bbox 3907 3111 4252 3176; x_wconf 89' lang='lat' dir='ltr'><strong>resurgere</strong></span> <span class='ocrx_word' id='word_1_658' title='bbox 4294 3091 4631 3159; x_wconf 90' lang='lat' dir='ltr'><strong>hominem</strong></span> 
     </span>
     <span class='ocr_line' id='line_1_90' title="bbox 2678 3176 4631 3259; baseline 0.001 -17"><span class='ocrx_word' id='word_1_659' title='bbox 2678 3182 2962 3242; x_wconf 86' lang='lat' dir='ltr'><strong>testatur</strong></span> <span class='ocrx_word' id='word_1_660' title='bbox 3002 3176 3441 3259; x_wconf 90' lang='lat' dir='ltr'><strong>Augustinus.</strong></span> <span class='ocrx_word' id='word_1_661' title='bbox 3525 3176 3721 3241; x_wconf 87' lang='lat' dir='ltr'><strong>Absit</strong></span> <span class='ocrx_word' id='word_1_662' title='bbox 3761 3197 3919 3242; x_wconf 81' lang='lat' dir='ltr'><strong>vero</strong></span> <span class='ocrx_word' id='word_1_663' title='bbox 3964 3198 4004 3241; x_wconf 94' lang='lat' dir='ltr'><strong>a</strong></span> <span class='ocrx_word' id='word_1_664' title='bbox 4047 3183 4273 3244; x_wconf 89' lang='lat' dir='ltr'><strong>sancto</strong></span> <span class='ocrx_word' id='word_1_665' title='bbox 4314 3178 4461 3246; x_wconf 80' lang='lat' dir='ltr'><strong>viro</strong></span> <span class='ocrx_word' id='word_1_666' title='bbox 4503 3180 4631 3244; x_wconf 90' lang='lat' dir='ltr'><strong>im-</strong></span> 
     </span>
     <span class='ocr_line' id='line_1_91' title="bbox 2678 3260 4634 3345; baseline 0.002 -20"><span class='ocrx_word' id='word_1_667' title='bbox 2678 3263 2862 3345; x_wconf 88' lang='lat' dir='ltr'><strong>pium</strong></span> <span class='ocrx_word' id='word_1_668' title='bbox 2905 3260 3029 3326; x_wconf 92' lang='lat' dir='ltr'><strong>hoc</strong></span> <span class='ocrx_word' id='word_1_669' title='bbox 3076 3260 3600 3341; x_wconf 87' lang='lat' dir='ltr'><strong>deliramentum,</strong></span> <span class='ocrx_word' id='word_1_670' title='bbox 3644 3261 3818 3344; x_wconf 91' lang='lat' dir='ltr'><strong>quod</strong></span> <span class='ocrx_word' id='word_1_671' title='bbox 3852 3262 4049 3328; x_wconf 90' lang='lat' dir='ltr'><strong>toties</strong></span> <span class='ocrx_word' id='word_1_672' title='bbox 4083 3263 4517 3345; x_wconf 88' lang='lat' dir='ltr'><strong>abominatur,</strong></span> <span class='ocrx_word' id='word_1_673' title='bbox 4564 3271 4634 3331; x_wconf 90' lang='lat' dir='ltr'><strong>et</strong></span> 
     </span>
     <span class='ocr_line' id='line_1_92' title="bbox 2681 3346 4630 3435; baseline 0.002 -22"><span class='ocrx_word' id='word_1_674' title='bbox 2681 3346 2858 3431; x_wconf 90' lang='lat' dir='ltr'><strong>quod</strong></span> <span class='ocrx_word' id='word_1_675' title='bbox 2912 3367 3141 3412; x_wconf 89' lang='lat' dir='ltr'><strong>omnes</strong></span> <span class='ocrx_word' id='word_1_676' title='bbox 3197 3347 3470 3413; x_wconf 86' lang='lat' dir='ltr'><strong>africani</strong></span> <span class='ocrx_word' id='word_1_677' title='bbox 3529 3347 3843 3431; x_wconf 89' lang='lat' dir='ltr'><strong>episcopi,</strong></span> <span class='ocrx_word' id='word_1_678' title='bbox 3899 3368 3977 3415; x_wconf 92' lang='lat' dir='ltr'><strong>eo</strong></span> <span class='ocrx_word' id='word_1_679' title='bbox 4036 3356 4294 3430; x_wconf 86' lang='lat' dir='ltr'><strong>autore,</strong></span> <span class='ocrx_word' id='word_1_680' title='bbox 4352 3349 4630 3435; x_wconf 88' lang='lat' dir='ltr'><strong>dignum</strong></span> 
     </span>
     <span class='ocr_line' id='line_1_93' title="bbox 2681 3431 4631 3522; baseline 0.003 -24"><span class='ocrx_word' id='word_1_681' title='bbox 2681 3433 3102 3498; x_wconf 86' lang='lat' dir='ltr'><strong>anathemate</strong></span> <span class='ocrx_word' id='word_1_682' title='bbox 3136 3440 3553 3499; x_wconf 88' lang='lat' dir='ltr'><strong>censuerunt.</strong></span> <span class='ocrx_word' id='word_1_683' title='bbox 3622 3431 3801 3513; x_wconf 83' lang='grc'>911111</span> <span class='ocrx_word' id='word_1_684' title='bbox 3843 3434 4048 3519; x_wconf 87' lang='lat' dir='ltr'><strong>igitur</strong></span> <span class='ocrx_word' id='word_1_685' title='bbox 4089 3435 4194 3502; x_wconf 87' lang='lat' dir='ltr'><strong>his</strong></span> <span class='ocrx_word' id='word_1_686' title='bbox 4238 3436 4458 3503; x_wconf 81' lang='lat' dir='ltr'><strong>verbis</strong></span> <span class='ocrx_word' id='word_1_687' title='bbox 4494 3438 4631 3522; x_wconf 84' lang='lat' dir='ltr'><strong>sig-</strong></span> 
     </span>
     <span class='ocr_line' id='line_1_94' title="bbox 2678 3516 4631 3605; baseline 0.003 -21"><span class='ocrx_word' id='word_1_688' title='bbox 2678 3516 2947 3585; x_wconf 80' lang='lat' dir='ltr'><strong>nificat?</strong></span> <span class='ocrx_word' id='word_1_689' title='bbox 3035 3517 3227 3583; x_wconf 83' lang='lat' dir='ltr'><strong>Nihil</strong></span> <span class='ocrx_word' id='word_1_690' title='bbox 3268 3540 3430 3584; x_wconf 88' lang='lat' dir='ltr'><strong>sane</strong></span> <span class='ocrx_word' id='word_1_691' title='bbox 3474 3517 3687 3600; x_wconf 82' lang='lat' dir='ltr'><strong>aliud,</strong></span> <span class='ocrx_word' id='word_1_692' title='bbox 3732 3520 3859 3585; x_wconf 90' lang='lat' dir='ltr'><strong>nisi</strong></span> <span class='ocrx_word' id='word_1_693' title='bbox 3901 3542 4022 3587; x_wconf 94' lang='lat' dir='ltr'><strong>nos</strong></span> <span class='ocrx_word' id='word_1_694' title='bbox 4066 3542 4151 3586; x_wconf 88' lang='lat' dir='ltr'><strong>ex</strong></span> <span class='ocrx_word' id='word_1_695' title='bbox 4192 3523 4448 3605; x_wconf 88' lang='lat' dir='ltr'><strong>peccati</strong></span> <span class='ocrx_word' id='word_1_696' title='bbox 4490 3545 4631 3589; x_wconf 89' lang='lat' dir='ltr'><strong>ser-</strong></span> 
     </span>
     <span class='ocr_line' id='line_1_95' title="bbox 2677 3604 4631 3689; baseline 0.003 -18"><span class='ocrx_word' id='word_1_697' title='bbox 2677 3606 2893 3672; x_wconf 77' lang='lat' dir='ltr'><strong>vitute</strong></span> <span class='ocrx_word' id='word_1_698' title='bbox 2957 3605 3027 3669; x_wconf 91' lang='lat' dir='ltr'><strong>in</strong></span> <span class='ocrx_word' id='word_1_699' title='bbox 3093 3625 3237 3669; x_wconf 91' lang='lat' dir='ltr'><strong>eam</strong></span> <span class='ocrx_word' id='word_1_700' title='bbox 3303 3604 3677 3670; x_wconf 87' lang='lat' dir='ltr'><strong>libertatem</strong></span> <span class='ocrx_word' id='word_1_701' title='bbox 3727 3606 4019 3687; x_wconf 91' lang='lat' dir='ltr'><strong>restitui,</strong></span> <span class='ocrx_word' id='word_1_702' title='bbox 4098 3607 4229 3673; x_wconf 90' lang='lat' dir='ltr'><strong>Dei</strong></span> <span class='ocrx_word' id='word_1_703' title='bbox 4289 3607 4631 3689; x_wconf 88' lang='lat' dir='ltr'><strong>benefici0‚</strong></span> 
     </span>
     <span class='ocr_line' id='line_1_96' title="bbox 2676 3690 4636 3777; baseline 0.004 -22"><span class='ocrx_word' id='word_1_704' title='bbox 2676 3712 2804 3774; x_wconf 91' lang='lat' dir='ltr'><strong>qua</strong></span> <span class='ocrx_word' id='word_1_705' title='bbox 2854 3690 3176 3755; x_wconf 89' lang='lat' dir='ltr'><strong>mundum</strong></span> <span class='ocrx_word' id='word_1_706' title='bbox 3236 3698 3302 3755; x_wconf 91' lang='lat' dir='ltr'><strong>et</strong></span> <span class='ocrx_word' id='word_1_707' title='bbox 3354 3711 3621 3757; x_wconf 89' lang='lat' dir='ltr'><strong>carnem</strong></span> <span class='ocrx_word' id='word_1_708' title='bbox 3670 3712 4024 3775; x_wconf 84' lang='lat' dir='ltr'><strong>omnesque</strong></span> <span class='ocrx_word' id='word_1_709' title='bbox 4073 3696 4636 3777; x_wconf 82' lang='lat' dir='ltr'><strong>concupiscentias</strong></span> 
     </span>
     <span class='ocr_line' id='line_1_97' title="bbox 2674 3777 4635 3864; baseline 0.002 -20"><span class='ocrx_word' id='word_1_710' title='bbox 2674 3779 3032 3844; x_wconf 80' lang='lat' dir='ltr'><strong>vincamus.</strong></span> <span class='ocrx_word' id='word_1_711' title='bbox 3121 3777 3308 3843; x_wconf 90' lang='lat' dir='ltr'><strong>Haec</strong></span> <span class='ocrx_word' id='word_1_712' title='bbox 3350 3778 3526 3841; x_wconf 88' lang='lat' dir='ltr'><strong>enim</strong></span> <span class='ocrx_word' id='word_1_713' title='bbox 3571 3784 3798 3842; x_wconf 90' lang='lat' dir='ltr'><strong>nostra</strong></span> <span class='ocrx_word' id='word_1_714' title='bbox 3830 3786 3933 3844; x_wconf 90' lang='lat' dir='ltr'><strong>est</strong></span> <span class='ocrx_word' id='word_1_715' title='bbox 3972 3778 4384 3862; x_wconf 87' lang='lat' dir='ltr'><strong>possibilitas,</strong></span> <span class='ocrx_word' id='word_1_716' title='bbox 4427 3802 4635 3864; x_wconf 87' lang='lat' dir='ltr'><strong>quam</strong></span> 
     </span>
     <span class='ocr_line' id='line_1_98' title="bbox 2673 3862 4630 3947; baseline 0.004 -21"><span class='ocrx_word' id='word_1_717' title='bbox 2673 3862 2918 3947; x_wconf 89' lang='lat' dir='ltr'><strong>ubique</strong></span> <span class='ocrx_word' id='word_1_718' title='bbox 2962 3863 3390 3941; x_wconf 85' lang='lat' dir='ltr'><strong>commendat,</strong></span> <span class='ocrx_word' id='word_1_719' title='bbox 3438 3869 3513 3928; x_wconf 90' lang='lat' dir='ltr'><strong>ut</strong></span> <span class='ocrx_word' id='word_1_720' title='bbox 3552 3863 3821 3928; x_wconf 91' lang='lat' dir='ltr'><strong>Domini</strong></span> <span class='ocrx_word' id='word_1_721' title='bbox 3868 3864 4116 3930; x_wconf 86' lang='lat' dir='ltr'><strong>virtute</strong></span> <span class='ocrx_word' id='word_1_722' title='bbox 4158 3865 4358 3932; x_wconf 87' lang='lat' dir='ltr'><strong>fortes</strong></span> <span class='ocrx_word' id='word_1_723' title='bbox 4400 3868 4630 3933; x_wconf 87' lang='lat' dir='ltr'><strong>simus.</strong></span> 
     </span>
     <span class='ocr_line' id='line_1_99' title="bbox 2674 3947 4635 4035; baseline 0.003 -21"><span class='ocrx_word' id='word_1_724' title='bbox 2674 3950 2768 4014; x_wconf 90' lang='lat' dir='ltr'><strong>At</strong></span> <span class='ocrx_word' id='word_1_725' title='bbox 2811 3970 2928 4015; x_wconf 92' lang='grc'>0111</span> <span class='ocrx_word' id='word_1_726' title='bbox 2979 3948 3045 4013; x_wconf 85' lang='grc'><strong>111</strong></span> <span class='ocrx_word' id='word_1_727' title='bbox 3104 3950 3497 4014; x_wconf 90' lang='lat' dir='ltr'><strong>nominatim</strong></span> <span class='ocrx_word' id='word_1_728' title='bbox 3542 3969 3617 4014; x_wconf 91' lang='lat' dir='ltr'><strong>eo</strong></span> <span class='ocrx_word' id='word_1_729' title='bbox 3659 3947 3800 4014; x_wconf 90' lang='lat' dir='ltr'><strong>loco</strong></span> <span class='ocrx_word' id='word_1_730' title='bbox 3857 3971 3990 4016; x_wconf 92' lang='lat' dir='ltr'><strong>non</strong></span> <span class='ocrx_word' id='word_1_731' title='bbox 4033 3950 4402 4035; x_wconf 79' lang='lat' dir='ltr'><strong>expressit?</strong></span> <span class='ocrx_word' id='word_1_732' title='bbox 4493 3953 4635 4019; x_wconf 89' lang='lat' dir='ltr'><strong>Re-</strong></span> 
     </span>
     <span class='ocr_line' id='line_1_100' title="bbox 2676 4034 4637 4121; baseline 0.003 -21"><span class='ocrx_word' id='word_1_733' title='bbox 2676 4034 2959 4117; x_wconf 88' lang='lat' dir='ltr'><strong>spondet</strong></span> <span class='ocrx_word' id='word_1_734' title='bbox 2999 4035 3164 4118; x_wconf 90' lang='lat' dir='ltr'><strong>ipse:</strong></span> <span class='ocrx_word' id='word_1_735' title='bbox 3204 4035 3254 4119; x_wconf 88' lang='lat'><strong>¹)</strong></span> <span class='ocrx_word' id='word_1_736' title='bbox 3296 4035 3622 4100; x_wconf 88' lang='lat' dir='ltr'><strong>Naturam</strong></span> <span class='ocrx_word' id='word_1_737' title='bbox 3665 4043 3894 4101; x_wconf 89' lang='lat' dir='ltr'><strong>contra</strong></span> <span class='ocrx_word' id='word_1_738' title='bbox 3935 4037 4365 4104; x_wconf 86' lang='lat' dir='ltr'><strong>Manichaeos</strong></span> <span class='ocrx_word' id='word_1_739' title='bbox 4406 4040 4637 4121; x_wconf 85' lang='lat' dir='ltr'><strong>potius</strong></span> 
     </span>
     <span class='ocr_line' id='line_1_101' title="bbox 2675 4120 4639 4204; baseline 0.004 -19"><span class='ocrx_word' id='word_1_740' title='bbox 2675 4140 2870 4203; x_wconf 88' lang='lat' dir='ltr'><strong>quam</strong></span> <span class='ocrx_word' id='word_1_741' title='bbox 2935 4122 3218 4204; x_wconf 86' lang='lat' dir='ltr'><strong>gratiam</strong></span> <span class='ocrx_word' id='word_1_742' title='bbox 3272 4120 3569 4199; x_wconf 89' lang='lat' dir='ltr'><strong>nomino,</strong></span> <span class='ocrx_word' id='word_1_743' title='bbox 3636 4122 3790 4204; x_wconf 90' lang='lat' dir='ltr'><strong>quia</strong></span> <span class='ocrx_word' id='word_1_744' title='bbox 3855 4121 3936 4187; x_wconf 90' lang='lat' dir='ltr'><strong>de</strong></span> <span class='ocrx_word' id='word_1_745' title='bbox 3990 4130 4235 4189; x_wconf 87' lang='lat' dir='ltr'><strong>natura</strong></span> <span class='ocrx_word' id='word_1_746' title='bbox 4286 4143 4438 4189; x_wconf 92' lang='lat' dir='ltr'><strong>cum</strong></span> <span class='ocrx_word' id='word_1_747' title='bbox 4494 4125 4639 4192; x_wconf 86' lang='lat' dir='ltr'><strong>illis</strong></span> 
     </span>
     <span class='ocr_line' id='line_1_102' title="bbox 2676 4206 4642 4293; baseline 0.003 -22"><span class='ocrx_word' id='word_1_748' title='bbox 2676 4206 2967 4288; x_wconf 88' lang='lat' dir='ltr'><strong>quaestio</strong></span> <span class='ocrx_word' id='word_1_749' title='bbox 3012 4214 3180 4270; x_wconf 87' lang='lat' dir='ltr'><strong>erat:</strong></span> <span class='ocrx_word' id='word_1_750' title='bbox 3255 4215 3322 4272; x_wconf 89' lang='lat' dir='ltr'><strong>et</strong></span> <span class='ocrx_word' id='word_1_751' title='bbox 3376 4207 3601 4289; x_wconf 88' lang='lat' dir='ltr'><strong>utique</strong></span> <span class='ocrx_word' id='word_1_752' title='bbox 3654 4206 3724 4271; x_wconf 91' lang='lat' dir='ltr'><strong>id</strong></span> <span class='ocrx_word' id='word_1_753' title='bbox 3775 4208 3914 4292; x_wconf 89' lang='lat' dir='ltr'><strong>agit</strong></span> <span class='ocrx_word' id='word_1_754' title='bbox 3964 4209 4209 4293; x_wconf 87' lang='lat' dir='ltr'><strong>gratia,</strong></span> <span class='ocrx_word' id='word_1_755' title='bbox 4266 4219 4343 4274; x_wconf 88' lang='lat' dir='ltr'><strong>ut</strong></span> <span class='ocrx_word' id='word_1_756' title='bbox 4397 4219 4642 4277; x_wconf 87' lang='lat' dir='ltr'><strong>sanata</strong></span> 
     </span>
     <span class='ocr_line' id='line_1_103' title="bbox 2676 4292 4642 4377; baseline 0.003 -21"><span class='ocrx_word' id='word_1_757' title='bbox 2676 4299 2915 4357; x_wconf 88' lang='lat' dir='ltr'><strong>natura</strong></span> <span class='ocrx_word' id='word_1_758' title='bbox 2957 4293 3193 4375; x_wconf 87' lang='lat' dir='ltr'><strong>possit,</strong></span> <span class='ocrx_word' id='word_1_759' title='bbox 3251 4292 3422 4376; x_wconf 91' lang='lat' dir='ltr'><strong>quod</strong></span> <span class='ocrx_word' id='word_1_760' title='bbox 3463 4293 3696 4358; x_wconf 88' lang='lat' dir='ltr'><strong>vitiata</strong></span> <span class='ocrx_word' id='word_1_761' title='bbox 3736 4314 3867 4358; x_wconf 90' lang='lat' dir='ltr'><strong>non</strong></span> <span class='ocrx_word' id='word_1_762' title='bbox 3911 4301 4149 4377; x_wconf 88' lang='lat' dir='ltr'><strong>potest.</strong></span> <span class='ocrx_word' id='word_1_763' title='bbox 4238 4295 4522 4360; x_wconf 86' lang='lat' dir='ltr'><strong>Fatetur</strong></span> <span class='ocrx_word' id='word_1_764' title='bbox 4558 4318 4642 4362; x_wconf 89' lang='lat' dir='ltr'><strong>se</strong></span> 
     </span>
     <span class='ocr_line' id='line_1_104' title="bbox 2677 4376 4647 4465; baseline 0.003 -23"><span class='ocrx_word' id='word_1_765' title='bbox 2677 4385 2956 4443; x_wconf 88' lang='lat' dir='ltr'><strong>naturae</strong></span> <span class='ocrx_word' id='word_1_766' title='bbox 3011 4379 3332 4458; x_wconf 87' lang='lat' dir='ltr'><strong>tribuere,</strong></span> <span class='ocrx_word' id='word_1_767' title='bbox 3393 4376 3566 4461; x_wconf 90' lang='lat' dir='ltr'><strong>quod</strong></span> <span class='ocrx_word' id='word_1_768' title='bbox 3620 4399 3753 4442; x_wconf 92' lang='lat' dir='ltr'><strong>non</strong></span> <span class='ocrx_word' id='word_1_769' title='bbox 3813 4379 3941 4444; x_wconf 87' lang='lat' dir='ltr'><strong>nisi</strong></span> <span class='ocrx_word' id='word_1_770' title='bbox 3996 4381 4246 4464; x_wconf 84' lang='lat' dir='ltr'><strong>gratiae</strong></span> <span class='ocrx_word' id='word_1_771' title='bbox 4289 4391 4417 4447; x_wconf 89' lang='lat' dir='ltr'><strong>est:</strong></span> <span class='ocrx_word' id='word_1_772' title='bbox 4478 4383 4647 4465; x_wconf 84' lang='lat' dir='ltr'><strong>quia</strong></span> 
     </span>
     <span class='ocr_line' id='line_1_105' title="bbox 2679 4464 4650 4551; baseline 0.002 -22"><span class='ocrx_word' id='word_1_773' title='bbox 2679 4464 2929 4530; x_wconf 86' lang='lat' dir='ltr'><strong>scilicet</strong></span> <span class='ocrx_word' id='word_1_774' title='bbox 2970 4485 3102 4528; x_wconf 90' lang='lat' dir='ltr'><strong>non</strong></span> <span class='ocrx_word' id='word_1_775' title='bbox 3137 4464 3305 4529; x_wconf 87' lang='lat' dir='ltr'><strong>alius</strong></span> <span class='ocrx_word' id='word_1_776' title='bbox 3349 4464 3437 4528; x_wconf 92' lang='lat' dir='ltr'><strong>sit</strong></span> <span class='ocrx_word' id='word_1_777' title='bbox 3481 4465 3730 4548; x_wconf 88' lang='lat' dir='ltr'><strong>gratiae</strong></span> <span class='ocrx_word' id='word_1_778' title='bbox 3775 4467 3945 4544; x_wconf 88' lang='lat' dir='ltr'><strong>finis,</strong></span> <span class='ocrx_word' id='word_1_779' title='bbox 3990 4466 4120 4531; x_wconf 91' lang='lat' dir='ltr'><strong>nisi</strong></span> <span class='ocrx_word' id='word_1_780' title='bbox 4158 4473 4234 4531; x_wconf 91' lang='grc'><strong>111</strong></span> <span class='ocrx_word' id='word_1_781' title='bbox 4275 4467 4650 4551; x_wconf 87' lang='lat' dir='ltr'><strong>collapsam</strong></span> 
     </span>
     <span class='ocr_line' id='line_1_106' title="bbox 2679 4551 4651 4636; baseline 0.002 -20"><span class='ocrx_word' id='word_1_782' title='bbox 2679 4557 2746 4616; x_wconf 88' lang='lat' dir='ltr'><strong>et</strong></span> <span class='ocrx_word' id='word_1_783' title='bbox 2799 4571 3099 4616; x_wconf 86' lang='lat' dir='ltr'><strong>eversam</strong></span> <span class='ocrx_word' id='word_1_784' title='bbox 3155 4559 3459 4615; x_wconf 89' lang='lat' dir='ltr'><strong>naturam</strong></span> <span class='ocrx_word' id='word_1_785' title='bbox 3521 4551 3824 4616; x_wconf 88' lang='lat' dir='ltr'><strong>restituat</strong></span> <span class='ocrx_word' id='word_1_786' title='bbox 3877 4559 3945 4615; x_wconf 91' lang='lat' dir='ltr'><strong>et</strong></span> <span class='ocrx_word' id='word_1_787' title='bbox 3996 4553 4227 4636; x_wconf 89' lang='lat' dir='ltr'><strong>erigat.</strong></span> <span class='ocrx_word' id='word_1_788' title='bbox 4317 4551 4504 4633; x_wconf 89' lang='grc'>91100</span> <span class='ocrx_word' id='word_1_789' title='bbox 4549 4574 4651 4619; x_wconf 80' lang='lat' dir='ltr'><strong>ex</strong></span> 
     </span>
     <span class='ocr_line' id='line_1_107' title="bbox 2679 4633 4650 4725; baseline 0.003 -25"><span class='ocrx_word' id='word_1_790' title='bbox 2679 4635 2965 4702; x_wconf 91' lang='lat' dir='ltr'><strong>secundo</strong></span> <span class='ocrx_word' id='word_1_791' title='bbox 3011 4641 3238 4701; x_wconf 86' lang='lat' dir='ltr'><strong>contra</strong></span> <span class='ocrx_word' id='word_1_792' title='bbox 3267 4635 3559 4701; x_wconf 85' lang='lat' dir='ltr'><strong>Felicem</strong></span> <span class='ocrx_word' id='word_1_793' title='bbox 3592 4634 3758 4702; x_wconf 91' lang='lat' dir='ltr'><strong>libro</strong></span> <span class='ocrx_word' id='word_1_794' title='bbox 3804 4633 4038 4702; x_wconf 89' lang='lat' dir='ltr'><strong>deinde</strong></span> <span class='ocrx_word' id='word_1_795' title='bbox 4061 4638 4297 4704; x_wconf 87' lang='lat' dir='ltr'><strong>recitat</strong></span> <span class='ocrx_word' id='word_1_796' title='bbox 4331 4639 4650 4725; x_wconf 86' lang='lat' dir='ltr'><strong>Pighius,</strong></span> 
     </span>
     <span class='ocr_line' id='line_1_108' title="bbox 2680 4721 4653 4808; baseline 0.004 -23"><span class='ocrx_word' id='word_1_797' title='bbox 2680 4722 2880 4806; x_wconf 87' lang='lat' dir='ltr'><strong>longe</strong></span> <span class='ocrx_word' id='word_1_798' title='bbox 2933 4721 3158 4786; x_wconf 89' lang='lat' dir='ltr'><strong>minus</strong></span> <span class='ocrx_word' id='word_1_799' title='bbox 3202 4721 3448 4786; x_wconf 89' lang='lat' dir='ltr'><strong>habent</strong></span> <span class='ocrx_word' id='word_1_800' title='bbox 3502 4722 3751 4788; x_wconf 85' lang='grc'>0010110.</span> <span class='ocrx_word' id='word_1_801' title='bbox 3839 4723 4024 4788; x_wconf 86' lang='grc' dir='ltr'>Ν11111</span> <span class='ocrx_word' id='word_1_802' title='bbox 4076 4725 4258 4789; x_wconf 91' lang='grc'>00101</span> <span class='ocrx_word' id='word_1_803' title='bbox 4308 4746 4505 4808; x_wconf 89' lang='lat' dir='ltr'><strong>quam</strong></span> <span class='ocrx_word' id='word_1_804' title='bbox 4555 4725 4653 4792; x_wconf 85' lang='lat' dir='ltr'><strong>de</strong></span> 
     </span>
     <span class='ocr_line' id='line_1_109' title="bbox 2682 4807 4652 4890; baseline 0.003 -18"><span class='ocrx_word' id='word_1_805' title='bbox 2682 4816 2959 4872; x_wconf 89' lang='lat' dir='ltr'><strong>naturae</strong></span> <span class='ocrx_word' id='word_1_806' title='bbox 3014 4808 3391 4890; x_wconf 87' lang='lat' dir='ltr'><strong>integritate</strong></span> <span class='ocrx_word' id='word_1_807' title='bbox 3427 4807 3560 4872; x_wconf 91' lang='lat' dir='ltr'><strong>illic</strong></span> <span class='ocrx_word' id='word_1_808' title='bbox 3608 4813 3756 4887; x_wconf 83' lang='lat' dir='ltr'><strong>[pag.</strong></span> <span class='ocrx_word' id='word_1_809' title='bbox 3805 4812 3912 4888; x_wconf 86' lang='lat'><strong>95]</strong></span> <span class='ocrx_word' id='word_1_810' title='bbox 3960 4816 4304 4874; x_wconf 88' lang='lat' dir='ltr'><strong>tractatur.</strong></span> <span class='ocrx_word' id='word_1_811' title='bbox 4397 4811 4488 4876; x_wconf 84' lang='lat' dir='ltr'><strong>Et</strong></span> <span class='ocrx_word' id='word_1_812' title='bbox 4533 4818 4652 4878; x_wconf 71' lang='lat' dir='ltr'><strong>ta-</strong></span> 
     </span>
     <span class='ocr_line' id='line_1_110' title="bbox 2680 4890 4659 4977; baseline 0.004 -21"><span class='ocrx_word' id='word_1_813' title='bbox 2680 4913 2837 4957; x_wconf 89' lang='lat' dir='ltr'><strong>men</strong></span> <span class='ocrx_word' id='word_1_814' title='bbox 2883 4890 3055 4976; x_wconf 93' lang='lat' dir='ltr'><strong>quod</strong></span> <span class='ocrx_word' id='word_1_815' title='bbox 3113 4893 3283 4957; x_wconf 87' lang='lat' dir='ltr'><strong>nihil</strong></span> <span class='ocrx_word' id='word_1_816' title='bbox 3328 4891 3408 4958; x_wconf 90' lang='lat' dir='ltr'><strong>de</strong></span> <span class='ocrx_word' id='word_1_817' title='bbox 3463 4896 3759 4977; x_wconf 81' lang='lat' dir='ltr'><strong>captivae</strong></span> <span class='ocrx_word' id='word_1_818' title='bbox 3816 4903 4092 4961; x_wconf 88' lang='lat' dir='ltr'><strong>naturae</strong></span> <span class='ocrx_word' id='word_1_819' title='bbox 4136 4895 4523 4962; x_wconf 89' lang='lat' dir='ltr'><strong>liberatione</strong></span> <span class='ocrx_word' id='word_1_820' title='bbox 4577 4909 4659 4964; x_wconf 86' lang='lat' dir='ltr'><strong>et</strong></span> 
     </span>
     <span class='ocr_line' id='line_1_111' title="bbox 2679 4978 4659 5062; baseline 0.003 -19"><span class='ocrx_word' id='word_1_821' title='bbox 2679 4978 2975 5061; x_wconf 89' lang='lat' dir='ltr'><strong>perditae</strong></span> <span class='ocrx_word' id='word_1_822' title='bbox 3034 4979 3449 5062; x_wconf 88' lang='lat' dir='ltr'><strong>reparatione</strong></span> <span class='ocrx_word' id='word_1_823' title='bbox 3490 4978 3629 5045; x_wconf 89' lang='lat' dir='ltr'><strong>illic</strong></span> <span class='ocrx_word' id='word_1_824' title='bbox 3681 4980 3954 5060; x_wconf 87' lang='lat' dir='ltr'><strong>dixerit,</strong></span> <span class='ocrx_word' id='word_1_825' title='bbox 4008 4982 4079 5044; x_wconf 88' lang='lat' dir='ltr'><strong>in</strong></span> <span class='ocrx_word' id='word_1_826' title='bbox 4122 4981 4659 5048; x_wconf 86' lang='lat' dir='ltr'><strong>Retractationi-</strong></span> 
     </span>
     <span class='ocr_line' id='line_1_112' title="bbox 2681 5064 4661 5150; baseline 0.004 -21"><span class='ocrx_word' id='word_1_827' title='bbox 2681 5064 2806 5129; x_wconf 88' lang='lat' dir='ltr'><strong>bus</strong></span> <span class='ocrx_word' id='word_1_828' title='bbox 2859 5073 3130 5130; x_wconf 82' lang='lat' dir='ltr'><strong>excusat</strong></span> <span class='ocrx_word' id='word_1_829' title='bbox 3171 5065 3587 5150; x_wconf 87' lang='lat' dir='ltr'><strong>Augustinus</strong></span> <span class='ocrx_word' id='word_1_830' title='bbox 3638 5066 3807 5149; x_wconf 90' lang='lat' dir='ltr'><strong>ipse:</strong></span> <span class='ocrx_word' id='word_1_831' title='bbox 3863 5067 4016 5149; x_wconf 87' lang='lat' dir='ltr'><strong>quia</strong></span> <span class='ocrx_word' id='word_1_832' title='bbox 4068 5067 4191 5134; x_wconf 91' lang='lat' dir='ltr'><strong>hoe</strong></span> <span class='ocrx_word' id='word_1_833' title='bbox 4247 5088 4445 5134; x_wconf 89' lang='lat' dir='ltr'><strong>causa</strong></span> <span class='ocrx_word' id='word_1_834' title='bbox 4496 5091 4661 5136; x_wconf 85' lang='lat' dir='ltr'><strong>non</strong></span> 
     </span>
    </p>
   </div>
   <div class='ocr_carea' id='block_1_10' title="bbox 2726 5223 3088 5231">
    <p class='ocr_par' dir='ltr' id='par_1_11' title="bbox 2726 5223 3088 5231">
     <span class='ocr_line' id='line_1_113' title="bbox 2726 5223 3088 5231; baseline 0 -1"><span class='ocrx_word' id='word_1_835' title='bbox 2726 5225 2739 5230; x_wconf 86' lang='lat'><em>-</em></span> <span class='ocrx_word' id='word_1_836' title='bbox 2756 5224 2885 5230; x_wconf 53' lang='grc' dir='ltr'><strong>-ψ-</strong></span> <span class='ocrx_word' id='word_1_837' title='bbox 2906 5223 3088 5231; x_wconf 81' lang='lat'><strong><em>——--—-.-</em></strong></span> 
     </span>
    </p>
   </div>
   <div class='ocr_carea' id='block_1_11' title="bbox 2698 5313 3634 5409">
    <p class='ocr_par' dir='ltr' id='par_1_12' title="bbox 2698 5313 3634 5409">
     <span class='ocr_line' id='line_1_114' title="bbox 2698 5313 3634 5409; baseline 0.005 -18"><span class='ocrx_word' id='word_1_838' title='bbox 2698 5313 2705 5320; x_wconf 84' lang='grc'><strong><em>’</em></strong></span> <span class='ocrx_word' id='word_1_839' title='bbox 2813 5339 2870 5406; x_wconf 89' lang='grc'><strong>1)</strong></span> <span class='ocrx_word' id='word_1_840' title='bbox 2908 5339 3148 5397; x_wconf 74' lang='lat' dir='ltr'><strong>Retract.</strong></span> <span class='ocrx_word' id='word_1_841' title='bbox 3182 5339 3272 5396; x_wconf 87' lang='lat' dir='ltr'><strong>lib.</strong></span> <span class='ocrx_word' id='word_1_842' title='bbox 3311 5340 3357 5394; x_wconf 93' lang='lat'><strong>1.</strong></span> <span class='ocrx_word' id='word_1_843' title='bbox 3393 5353 3511 5409; x_wconf 78' lang='lat' dir='ltr'><strong>cap.</strong></span> <span class='ocrx_word' id='word_1_844' title='bbox 3550 5336 3634 5396; x_wconf 79' lang='lat'><strong>16.</strong></span> 
     </span>
    </p>
   </div>
   <div class='ocr_carea' id='block_1_12' title="bbox 4988 601 4993 5765">
    <p class='ocr_par' dir='ltr' id='par_1_13' title="bbox 4988 601 4993 5765">
     <span class='ocr_line' id='line_1_115' title="bbox 4988 601 4993 5765; baseline 0 0"><span class='ocrx_word' id='word_1_845' title='bbox 4988 601 4993 5765; x_wconf 95' lang='lat' dir='ltr'><strong> </strong></span> 
     </span>
    </p>
   </div>
  </div>
 </body>
</html>
