4999 6179
644 453 726 516 79
896 398 901 401 ¹
1950 448 2075 514 LE
2120 446 2721 514 GArEofflsiffl
2767 448 2895 513 Du
2942 444 3342 514 GENEVE.
4581 451 4668 513 60

1442 656 1507 690 12ss
1543 655 1799 691 mISTRE.

811 707 975 772 Puis
1017 727 1143 790 que
1186 706 1252 770 la
1284 706 1436 790 Loy
1472 706 1763 771 contient
1805 704 1869 768 16
1910 706 2117 770 forme
2153 703 2233 771 de
2269 705 2422 771 bien
2465 726 2603 771 ser-

2881 701 3105 784 Quum
3161 702 3440 766 formam
3496 653 3815 769 Dffmifiss
3868 704 4122 771 colendi
4171 705 4280 771 lex
4336 704 4660 784 ostendat,

638 793 743 860 vir
782 799 824 858 a
856 791 1054 871 Dieu,
1100 791 1410 857 l’homme
1455 790 1809 858 Chrestien
1853 812 1937 857 ne
1982 790 2121 856 doit
2162 792 2211 856 il
2254 813 2375 875 pas
2411 791 2603 857 vivre
2705 810 2927 855 nonne
2980 808 3252 870 prorsus
3303 786 3662 853 seeundum
3716 791 3856 855 eius
3915 792 4389 875 praescriptum
4428 792 4661 859 viven-

637 878 824 945 selon
866 878 1104 962 qu’elle
1148 876 1579 944 commando?

1490 980 1754 1033 L'nurxur.

812 1049 888 1116 Si
953 1050 1112 1115 faiot
1164 1049 1346 1114 bien:
1414 1050 1581 1114 mais
1636 1049 1683 1113 il
1740 1070 1787 1133 y
1843 1068 1882 1113 a
1937 1048 2091 1114 telle
2145 1050 2459 1114 infirmite
2517 1070 2599 1114 en

639 1142 827 1218 tous,
851 1156 978 1219 que
1021 1135 1140 1200 nul
1183 1156 1268 1200 ne
1313 1139 1452 1200 s’en
1497 1136 1751 1217 acquite
1795 1135 2310 1218 parfaictement.

1938 1296 1973 1313 θ

1437 1342 1503 1377 m
1538 1341 1797 1377 mmsrnn.

808 1395 1170 1476 Pourquoy
1213 1391 1380 1457 donc
1432 1393 1724 1474 requiei-t
1772 1390 1837 1456 le
1882 1390 2211 1475 Seigneur
2252 1412 2385 1457 une
2442 1390 2595 1455 telle

636 1480 1013 1567 perfeetion,
1060 1478 1173 1561 qui
1216 1486 1319 1542 est
1358 1499 1480 1562 par
1521 1477 1748 1543 dessus
1795 1486 2020 1541 nostre
2061 1476 2348 1542 faculte?

1490 1579 1752 1633 dant-m.
2148 1576 2152 1581 ⁴

804 1651 866 1717 Il
910 1670 995 1714 ne
1049 1650 1341 1733 requiei-t
1392 1649 1534 1713 rien
1578 1655 1620 1714 a
1660 1670 1834 1732 quoy
1878 1669 2044 1714 nous
2086 1670 2170 1714 ne
2213 1670 2452 1733 soyons
2497 1657 2608 1715 te-'

634 1761 778 1805 nus.
847 1737 955 1801 Au
1000 1743 1191 1815 reste,
1232 1741 1638 1820 moyennant
1675 1756 1800 1818 que
1843 1755 2013 1800 nous
2056 1736 2364 1801 mettions
2399 1737 2591 1819 peine

637 1824 717 1891 (16
771 1822 1139 1889 conformer
1196 1830 1422 1886 nostre
1465 1822 1574 1885 vie
1628 1826 1671 1885 a
1723 1842 1796 1886 ce
1852 1821 1960 1902 qui
2018 1842 2183 1886 nous
2224 1844 2272 1919 y
2315 1828 2416 1887 est
2472 1821 2590 1901 dit,

635 1915 869 1978 6116616
956 1929 1041 1972 116
1093 1927 1260 1972 66116
1302 1927 1539 1992 soyons
1590 1906 1745 1971 bien
1796 1905 1981 1991 loing
2024 1905 2413 1973 d'atteindre
2454 1909 2590 1972 ius-

635 2017 795 2080 ques
841 2002 883 2060 6
950 2014 990 2058 a
1043 1992 1431 2076 perfection‚
1489 1992 1552 2057 le
1607 1992 1934 2076 Seigneur
1974 2014 2060 2057 ne
2114 2014 2281 2060 nous
2336 1994 2592 2078 impute

635 2082 822 2166 point
864 2101 936 2146 ce
980 2080 1090 2162 qui
1136 2077 1425 2143 deffault.
2174 2096 2179 2100 ·

1432 2201 1499 2235 LE
1532 2200 1790 2235 mmm·

806 2252 1144 2318 Parles-tu
1188 2272 1269 2315 en
1359 2250 1580 2317 eneral
1627 2250 1708 2315 de
1753 2258 1901 2316 tous
1945 2249 2259 2328 hommes,
2314 2272 2397 2316 ou
2440 2273 2591 2317 seu-

632 2340 882 2407 lement
926 2337 1041 2403 des
1082 2336 1309 2402 fideles

1476 2438 1743 2493 n’nurxs‘r.
2249 2470 2252 2473 ·

805 2508 1156 2574 L'homme
1221 2508 1330 2590 qui
1397 2511 1568 2571 n’est
1640 2516 1955 2592 regenero
2023 2507 2104 2573 de
2167 2507 2443 2591 l'Esprit
2509 2507 2590 2573 (16

633 2598 808 2663 1)1611
821 2646 835 2673 ,
899 2614 983 2659 116
1039 2593 1336 2677 pourroit
1391 2613 1803 2658 commencer
1859 2601 1900 2658 6
1954 2593 2115 2659 faire
2170 2594 2232 2659 16
2288 2591 2590 2660 moindre

631 2683 856 2766 poinet
908 2680 1022 2763 qui
1076 2701 1124 2763 y
1176 2678 1322 2744 soit.
1409 2678 1856 2764 D’avantage,
1924 2700 2161 2747 encore
2227 2679 2385 2764 qu’il
2451 2685 2590 2747 s’en

631 2772 931 2833 trouvast
973 2785 1086 2843 un,
1130 2765 1240 2848 qui
1284 2785 1368 2828 en
1410 2764 1522 2829 fist
1564 2764 1844 2849 quelque
1888 2765 2116 2849 partie,
2162 2767 2220 2831 si
2263 2787 2347 2830 ne
2391 2766 2591 2833 seroit

631 2853 682 2919 il
746 2874 864 2936 pas
930 2851 1137 2935 quitte
1201 2858 1528 2933 pourtant.
1619 2851 1752 2915 Car
1814 2861 2035 2918 nostre
2091 2852 2423 2937 Seigneur
2476 2852 2587 2917 de-

631 2959 843 3005 nonce
883 2957 1008 3020 que
1065 2944 1214 3001 tous
1270 2957 1438 3002 ceux
1481 2936 1590 3019 qui
1624 2959 1723 3001 -ne
1766 2939 2101 3020 parferont
2154 2938 2591 3004 entierement

631 3025 694 3092 le
739 3030 1021 3092 contenu
1067 3021 1346 3102 d'icelle,
1407 3030 1630 3087 seront
1680 3022 2006 3089 maudictz
2062 3023 2291 3110 (Deut.
2332 3029 2434 3104 27,
2474 3028 2555 3088 26
2570 3047 2587 3106 ;

635 3112 783 3181 Gal.
831 3116 888 3192 3,
932 3110 1060 3194 10).

1399 3232 1466 3266 611·
1500 3232 1756 3269 1611161116.
1779 3215 1819 3280 ι)

804 3284 943 3348 Ρ61
985 3281 1125 3347 6616
1166 3280 1217 3346 11
1257 3281 1399 3347 faut
1441 3284 1781 3350 6666111116
1819 3305 1944 3367 que
1988 3283 2053 3347 la
2088 3283 2233 3370 Loy
2272 3305 2312 3349 a
2348 3282 2589 3348 double

633 3371 849 3437 office:
896 3366 1080 3434 selon
1123 3366 1281 3450 qu’il
1324 3391 1370 3453 y
1414 3390 1454 3433 a
1498 3369 1671 3435 deux
1714 3391 1976 3453 especes
2020 3369 2398 3435 d'hommes.

1354 3465 1362 3473 ¹
1481 3472 1747 3526 L’imrur.

806 3540 1027 3607 Voir'e.
1115 3538 1250 3606 Gar
1295 3561 1532 3607 envers
1587 3540 1683 3606 166
1739 3540 2108 3606 incredulos
2152 3540 2277 3606 elle
2320 3564 2405 3606 ne
2450 3549 2588 3607 sert

631 3629 827 3696 sinon
870 3625 950 3691 de
995 3625 1090 3691 166
1132 3624 1511 3710 redarguor,
1558 3636 1624 3692 et
1666 3625 1904 3692 rendre
1947 3626 2097 3710 plus
2133 3628 2587 3694 inexcusables

634 3713 879 3781 devant
921 3712 1098 3778 Dieu
1141 3711 1362 3797 (Rom.
1403 3717 1460 3791 3,
1501 3713 1590 3796 3).
1656 3714 1748 3777 Et
1782 3711 1940 3779 c'est
1974 3733 2046 3778 66
2080 3734 2206 3796 que
2242 3712 2339 3778 dit
2374 3716 2590 3779 sainct

631 3800 835 3879 Paul,
888 3797 1124 3882 qu’elle
1182 3807 1284 3863 est
1336 3798 1680 3865 ministere
1735 3796 1815 3864 de
1873 3808 2047 3864 mort
2099 3808 2165 3865 et
2208 3799 2587 3865 damnation

634 3886 705 3973 (2
744 3887 892 3952 Cor.
935 3889 992 3963 3,
1033 3884 1121 3968 6).
1190 3885 1452 3950 Envers
1488 3885 1583 3949 les
1617 3885 1843 3952 fideles
1888 3892 2006 3965 [fol.
2045 3892 2152 3963 40]
2199 3886 2323 3951 elle
2358 3907 2398 3950 6
2433 3885 2588 3951 bien

632 3980 820 4039 autre
863 3991 1082 4055 usage.

803 4142 1019 4226 Quel?
1511 4226 1526 4252 ,

1478 4249 1508 4281 ι.
1527 4247 1745 4282 nuum.

801 4300 1355 4374 Premierement,
1401 4294 1702 4361 d’autant
1745 4295 1979 4380 qu’elle
2020 4295 2167 4361 leur
2212 4297 2585 4361 demonstre

629 4386 826 4473 qu’ilz
870 4406 956 4450 ne
1000 4405 1071 4448 66
1111 4391 1403 4466 peuvent
1444 4382 1726 4448 iustifier
1770 4404 1891 4466 par
1933 4383 2111 4448 leurs
2156 4405 2442 4449 oeuvres:
2502 4406 2583 4448 en

625 4474 723 4540 166
761 4470 1147 4546 humiliant,
1206 4469 1331 4533 elle
1384 4468 1480 4533 les
1524 4469 1783 4552 dispose
1827 4476 1870 4535 a
1911 4469 2181 4536 cercher
2224 4469 2369 4534 leur
2411 4470 2586 4535 salut

626 4582 710 4626 en
754 4560 942 4624 Iesus
988 4554 1233 4622 Christ.
1302 4555 1464 4620 Puis
1501 4575 1710 4637 apres,
1756 4563 1991 4621 entant
2023 4556 2255 4638 qu'elle
2295 4558 2587 4640 requiert

626 4645 775 4730 plus
819 4641 980 4728 qu’il
1023 4664 1108 4706 ne
1151 4641 1300 4706 leur
1340 4648 1442 4706 est
1478 4642 1765 4724 possible
1811 4643 1891 4707 de
1934 4642 2115 4721 faire,
2162 4642 2285 4708 elle
2328 4642 2423 4707 les
2469 4640 2583 4707 ad-

625 4739 926 4796 moneste
995 4727 1078 4793 de
1133 4728 1312 4812 prier
1376 4727 1441 4792 le
1486 4725 1845 4812 Seigneur,
1903 4728 2058 4812 qu’il
2114 4728 2262 4794 leur
2321 4728 2506 4793 doint
2524 4729 2583 4814 2)

627 4817 696 4882 16
735 4818 910 4882 force
954 4822 1021 4879 et
1064 4814 1125 4878 16
1178 4814 1484 4897 pouvoir:
1543 4822 1611 4879 et
1664 4813 2033 4897 cependant
2075 4814 2156 4880 de
2200 4838 2269 4881 66
2314 4836 2602 4899 recongae

627 4902 878 4968 noistre
926 4901 1252 4966 tousiours
1287 4899 1679 4982 coulpables,
1726 4903 1860 4966 afin
1906 4902 1985 4966 de
2028 4922 2113 4966 ne
2158 4900 2585 4985 s’enorgueil-

626 4989 713 5054 h‘r
765 4986 970 5072 point.
1061 4987 1475 5052 'Piercement
1491 5038 1508 5066 ,
1573 4985 1698 5052 elle
1761 4987 1908 5053 leur
1973 4997 2073 5054 est
2134 5008 2388 5053 comme
2451 5008 2585 5052 une

625 5073 832 5151 bride,
876 5093 1045 5157 pour
1078 5071 1176 5137 les
1218 5073 1467 5138 retenir
1500 5094 1584 5138 en
1629 5074 1694 5138 16
1736 5075 1989 5140 6161616
2026 5074 2106 5139 (16
2139 5073 2315 5140 Dieu
2361 5073 2581 5159 (Rom.

629 5165 688 5240 3,
728 5164 842 5238 2o;
889 5157 1040 5225 Gal.
1081 5161 1260 5236 2,16
1298 5167 1364 5224 ot
1398 5166 1458 5238 4,
1498 5159 1587 5245 3).

1432 4094 1497 4128 lar:
1532 4093 1788 4128 Effllssm·

943 5310 1003 5376 1)
1041 5312 1119 5368 Le
1154 5311 1241 5367 33.
1277 5313 1571 5370 dimanche.
1609 5343 1676 5355 —
1712 5313 1931 5370 L’office
1969 5314 2037 5370 de
2074 5315 2129 5370 la
2163 5315 2267 5385 loy.
2310 5342 2372 5351 -
2409 5313 2737 5370 Obcissance
2774 5313 2842 5368 de
2879 5314 2935 5368 la
2970 5314 3104 5385 Loy.

936 5380 997 5448 3)
1039 5380 1134 5439 Sic
1165 5382 1387 5437 omnino
1420 5383 1703 5453 legendum
1738 5400 1862 5439 cum
1897 5384 2059 5440 libne
2090 5384 2296 5439 nonnis
2325 5384 2613 5453 plerisque.

2707 874 2864 939 dum
2903 874 3043 939 est?

3603 989 3754 1032 ruta.

2877 1044 3131 1109 Verum
3185 1042 3253 1108 id
3302 1044 3561 1128 quidem
3623 1055 3740 1112 est.
3829 1047 4036 1130 Atqui
4080 1068 4158 1112 66
4213 1048 4658 1115 imbecillitate

2702 1130 3009 1197 laborant
3050 1151 3295 1211 omnes,
3337 1141 3412 1195 ut
3443 1153 3636 1197 nemo
3680 1133 3852 1217 quod
3887 1133 4080 1200 debet
4120 1134 4300 1199 omni
4342 1156 4426 1200 ex
4468 1142 4657 1220 parte

2700 1216 2988 1300 impleat.

2925 1308 2934 1314 ·
3555 1339 3815 1376 ΠῙᾘἸΒΊἛΙ.

2875 1387 3016 1454 Gur
3061 1410 3217 1473 ergo
3251 1409 3397 1454 eam
3431 1409 3473 1453 6
3506 1389 3691 1455 nobis
3726 1390 4192 1473 perfectionem
4226 1392 4435 1477 exigit
4452 1393 4655 1474 Deus,

2699 1495 2867 1558 quae
2912 1475 3000 1540 sit
3042 1475 3353 1540 facultate
3396 1484 3624 1543 nostra
3667 1475 4007 1560 superior?

3600 1597 3753 1632 PUER-

2869 1644 3056 1710 Nihil
3101 1648 3325 1731 exigit,
3377 1648 3483 1712 oui
3519 1646 3914 1730 praestando
3951 1670 4083 1712 non
4127 1648 4334 1715 simus
4359 1653 4496 1729 [fol.
4544 1657 4652 1732 49]

2698 1729 3014 1796 obstricti.
3088 1733 3473 1811 Caeterum,
3519 1734 3709 1798 modo
3754 1732 3837 1798 ad
3882 1755 4047 1812 eam,
4103 1755 4267 1818 quae
4315 1734 4423 1800 hie
4464 1758 4654 1819 prae-

2699 1818 3025 1895 scribitur,
3077 1818 3344 1884 vivendi
3389 1820 3670 1884 formam
3716 1820 4043 1885 enitamur
4057 1872 4073 1899 ,
4121 1821 4379 1886 etiamsi
4421 1823 4652 1905 procul

2696 1903 2986 1969 absimus
3031 1926 3070 1969 6
3114 1926 3306 1988 66666
3323 1958 3340 1985 ,
3400 1906 3522 1971 1166
3577 1915 3679 1970 661
3733 1926 3773 1969 6
3816 1907 4240 1991 perfectione,
4301 1905 4650 1990 Dominus,

2695 1989 2873 2071 quod
2916 1988 3116 2070 deest,
3162 1991 3352 2057 nobis
3386 1992 3685 2077 ignoscit.

3543 2198 3803 2233 nmlsmn.

2867 2247 2972 2312 De
3026 2248 3487 2315 hominibusne
3543 2248 3872 2314 universis
3926 2249 3998 2312 in
4053 2269 4291 2334 genere
4346 2248 4652 2335 loqueris,

2697 2352 2785 2397 66
2821 2332 2903 2397 (16
2946 2332 3250 2401 fidelibus
3293 2333 3661 2401 duntaxat?

3595 2455 3747 2492 PUER-

2866 2504 2999 2587 Qui
3041 2504 3172 2571 Dei
3222 2506 3460 2590 spiritu
3501 2504 3797 2572 nondum
3852 2515 3952 2572 est
3999 2508 4366 2592 regenitus,
4424 2530 4510 2574 ne
4566 2510 4651 2577 ad

2693 2590 3043 2656 minimum
3080 2592 3345 2675 quidem
3381 2592 3548 2677 legis
3591 2594 3842 2676 apicem
3876 2592 4316 2659 inchoandum
4351 2596 4480 2660 erit
4510 2595 4652 2662 ido-

2693 2697 2876 2742 neus.
2967 2678 3351 2758 Praeterea,
3398 2678 3456 2744 si
3500 2700 3697 2763 quem
3741 2678 3970 2744 demus
4012 2679 4320 2758 inveniri,
4366 2681 4480 2763 qui
4530 2682 4653 2748 ali-

2694 2783 2824 2847 qua
2879 2784 2963 2828 ex
3007 2772 3193 2847 parte
3248 2764 3382 2849 legi
3426 2764 3864 2848 obtemperet,
3914 2786 4047 2830 non
4091 2773 4315 2830 tamen
4357 2765 4506 2833 ideo
4542 2789 4652 2834 eo-

2693 2870 2838 2913 ram
2883 2850 3025 2914 Deo
3070 2848 3453 2917 defunctum
3505 2850 3957 2917 iudicabimus.
4047 2851 4222 2917 Nam
4263 2852 4649 2921 maledictos

2692 2937 3086 3018 pronunciat
3120 2957 3366 3014 omnes,
3412 2936 3526 3020 qui
3560 2957 3697 3001 non
3737 2938 3960 3002 omnia
3991 2938 4436 3021 impleverint,
4483 2961 4651 3024 quae

2693 3021 2765 3085 in
2816 3042 2896 3086 66
2936 3022 3377 3088 666116661111.

2863 3280 3055 3345 Hinc.
3087 3281 3507 3347 statuendum
3543 3231 3908 3360 ἒῗζτὲῧιηί
3943 3281 4074 3348 (1116
4118 3288 4276 3349 61161
4311 3284 4650 3351 hominum

2690 3388 2952 3451 genera,
2996 3368 3093 3432 ita
3135 3367 3381 3452 duplex
3426 3389 3569 3434 esse
3614 3368 3778 3452 legis
3821 3369 4125 3434 officium.

3595 3489 3743 3525 rum.

2863 3538 3155 3604 Omnino
3263 3539 3436 3604 Nam
3482 3538 3656 3622 apud
3711 3538 4081 3607 incredulos
4125 3541 4296 3606 nihil
4339 3542 4519 3608 aliud
4555 3543 4648 3609 ef-

2691 3625 2830 3691 ficit
2873 3626 3002 3691 nisi
3047 3625 3218 3710 quod
3265 3625 3755 3691 exeusationem
3792 3626 3924 3690 illis
3965 3646 4231 3692 omnem
4272 3629 4651 3712 praecludit

2693 3732 2910 3776 coram
2967 3712 3132 3777 Deo.
3222 3713 3442 3796 Atque
3496 3709 3564 3775 id
3618 3721 3721 3778 est
3773 3711 3943 3795 quod
4002 3713 4332 3797 significat
4374 3714 4646 3794 Paulus,

2695 3819 2899 3882 quum
2935 3819 3081 3863 eam
3116 3804 3310 3864 vocat
3343 3798 3782 3864 ministerium
3817 3799 4047 3864 mortis
4091 3807 4159 3865 et
4184 3797 4646 3867 damnationis.

2693 3885 2876 3969 Erga
2941 3883 3170 3949 fideles
3234 3882 3430 3968 longe
3503 3884 3708 3950 alium
3770 3905 3965 3950 usum
4008 3884 4223 3952 habet.

3534 4093 3791 4127 mIBTBB.

2865 4141 3124 4224 Quem?
4661 4167 4734 4244 ss

3591 4247 3743 4282 111116.
4659 4247 4670 4274 1
4717 4231 4736 4260 “·

2788 4230 3199 4380 Πή661616
3214 4349 3229 4376 ,
3288 4297 3445 4362 dum
3489 4298 3814 4362 iustitiam
3872 4300 4175 4382 operibus
4219 4300 4531 4382 consequi
4572 4321 4646 4364 se
4665 4277 4752 4376 “E
4789 4267 4854 4308 ”A
4919 4285 4940 4298 ⁸

2687 4404 2821 4449 non
2866 4403 3057 4466 posse
3101 4404 3185 4448 ex
3230 4404 3307 4447 66
3342 4384 3622 4463 discunt,
3667 4382 3753 4448 ad
3797 4383 4238 4450 humilitatem
4283 4385 4406 4451 hoc
4446 4385 4644 4451 modo
4697 4395 4732 4438 -i
4817 4431 4856 4444 -.

2688 4469 3111 4534 erudiuntur:
3156 4490 3325 4553 quae
3358 4491 3521 4562 vera
3555 4479 3656 4534 est
3689 4469 3772 4534 ad
3806 4470 4246 4553 quaerendam
4280 4472 4351 4536 in
4373 4470 4643 4538 Christo

2689 4556 2971 4622 salutem
3024 4556 3459 4639 praeparatio.
3550 4554 3810 4620 Deinde
3863 4565 4187 4640 quatenus
4240 4556 4391 4642 plus
4433 4558 4645 4623 multo

2690 4643 2899 4726 exigit
2944 4641 3024 4707 ab
3069 4643 3092 4705 i
3140 4642 3251 4721 sis,
3297 4595 3502 4725 quam!
3539 4642 3745 4724 61618)
3792 4644 4205 4727 praestando,
4249 4664 4359 4709 eos
4402 4643 4488 4709 ad
4529 4665 4649 4728 pe-

2688 4728 2956 4818 tendam
3003 4748 3043 4791 a
3144 4728 3365 4794 omino
3410 4730 3723 4793 virtutem
3758 4728 4084 4809 sollicitat,
4130 4730 4453 4813 simulque
4495 4751 4649 4815 per-

2687 4815 2869 4899 petui
2926 4823 3153 4879 reatus
3204 4815 3698 4880 commonefacit
3715 4867 3728 4893 ,
3804 4837 3889 4880 ne
3946 4816 4282 4899 superbire
4338 4816 4648 4882 audeant.

2688 4902 3032 4967 Postremo
3087 4901 3259 4965 freni
3314 4902 3523 4966 instar
3578 4901 3710 4965 illis
3754 4910 3884 4981 est,
3943 4923 4070 4985 quo
4122 4904 4193 4968 in
4236 4902 4367 4969 Dei
4408 4904 4651 4969 timore

2687 4986 3116 5053 retineantur.

3418 5311 3478 5381 2)
3514 5313 3693 5370 donne
3731 5311 4090 5370 1561—1563.

2689 5382 2959 5458 Princeps
2992 5390 3044 5439 et
3076 5383 3375 5439 nonnullae
3407 5383 3657 5453 proxime
3691 5390 3970 5453 sequentes
4004 5385 4234 5441 habent.-
4264 5383 4385 5440 fuit.
