4999 6179
614 493 738 556 239
1518 580 1526 589 ·
1947 485 2478 583 0081011810
2525 482 2904 552 CONTRA
2936 486 3355 554 Plenum
4507 492 4630 556 240

610 681 680 745 in
737 675 1127 745 excutienda
1181 675 1367 742 nobis
1438 676 1562 743 hac
1618 676 2021 754 defensione,
2096 673 2356 758 quando
2430 681 2569 738 tota

609 772 836 831 nostra
878 763 1173 830 doctrina
1217 762 1302 828 ad
1344 762 1468 829 hoc
1504 783 1714 827 unum
1757 761 2117 844 composita
2158 760 2262 838 sit,
2310 771 2386 824 ut
2427 778 2568 824 om-

609 872 762 917 nem
803 870 1073 934 prorsus
1105 849 1418 932 pietatem
1454 848 1726 927 aboleat,
1773 856 1850 911 ut
1885 868 2145 912 omnem
2182 846 2570 930 religionem

610 936 859 1004 eximat
892 958 929 1001 e
950 934 1287 1000 mentibus
1323 934 1684 1013 hominum,
1721 932 1892 1016 quod
1925 933 2126 1020 meris
2162 932 2345 1010 fucis,
2384 931 2567 995 tech-

611 1025 716 1089 nis
740 1042 816 1089 80
859 1020 1242 1105 imposturis
1265 1040 1563 1104 agamuS,
1593 1020 1890 1102 improbo
1934 1018 2301 1101 scripturae
2335 1018 2564 1093 abusu,

608 1108 882 1174 audacia
924 1116 1122 1190 atque
1164 1105 1579 1189 impudentia
1615 1104 1969 1188 singulari,
1995 1102 2372 1182 mendaciis,
2409 1122 2567 1167 000-

611 1194 816 1270 110118,
859 1192 1306 1275 improborum
1341 1191 1842 1273 conspiratione,
1890 1189 2338 1266 seditionibus,
2385 1187 2567 1270 plus-

610 1301 810 1364 quam
852 1278 1169 1362 paganica
1211 1274 1484 1344 vivendi
1525 1277 1807 1342 licentia.
1896 1277 1989 1340 Et
2042 1274 2197 1358 quid
2238 1273 2413 1338 non?
2461 1274 2568 1338 De

609 1367 827 1450 priore
870 1363 1195 1430 calumnia
1247 1368 1477 1447 postea
1530 1383 1651 1428 suo
1701 1362 1842 1427 loco
1896 1360 2245 1427 videbitur.
2334 1357 2566 1440 Quan-

610 1459 752 1516 tum
798 1449 879 1515 ad
934 1451 1258 1514 actionem
1312 1449 1631 1531 pertinet,
1680 1469 1719 1512 a
1785 1446 2146 1512 mendaciis
2200 1445 2423 1529 Pighii
2481 1443 2567 1509 ad

607 1558 748 1602 rem
780 1536 994 1619 ipsam
1026 1555 1326 1617 provoco.
1381 1532 1489 1598 De
1522 1533 1958 1598 amarulentia
1990 1541 2248 1597 tantum
2269 1532 2392 1596 hoc
2416 1550 2564 1596 ver-

606 1622 766 1687 bum
831 1621 1078 1697 dicam,
1125 1640 1262 1684 non
1307 1620 1434 1684 nisi
1488 1619 1560 1683 in
1609 1639 1720 1684 eos
1756 1640 1898 1684 esse
1958 1619 2264 1694 effusam,
2327 1617 2563 1698 quibus

607 1710 824 1791 ipsum
865 1706 997 1771 Dei
1040 1704 1318 1772 verbum
1360 1704 1521 1769 odor
1563 1715 1664 1770 est
1705 1704 1936 1769 mortis
1979 1706 2048 1768 in
2092 1710 2401 1767 mortem:
2451 1701 2564 1765 de-

606 1793 761 1858 inde
804 1813 939 1856 non
983 1810 1173 1874 posse
1218 1791 1493 1856 nimiam
1538 1788 1841 1866 iudicari,
1890 1789 1943 1854 si
1989 1790 2134 1871 quis
2180 1808 2403 1852 rerum
2459 1788 2563 1850 in·

608 1877 1002 1962 dignitatem
1045 1882 1324 1959 reputet,
1371 1896 1538 1959 quae
1584 1896 1726 1940 eam
1774 1875 2066 1939 extorsit.
2155 1874 2366 1938 Porro
2411 1872 2562 1937 doc-

606 1965 852 2039 trinam
905 1963 986 2027 ab
1039 1981 1267 2026 eorum
1310 1963 1447 2027 vita
1492 1961 1854 2038 aestimari,
1897 1960 2011 2042 qui
2056 1980 2135 2024 ea
2182 1959 2561 2037 abutuntur,

605 2050 805 2114 nimis
841 2047 1142 2129 iniquum
1186 2054 1303 2111 est.
1352 2044 1750 2129 Quanquam
1774 2045 1830 2112 si
1872 2044 1952 2110 de
1988 2046 2179 2110 nobis
2220 2053 2288 2108 et
2329 2044 2563 2109 811101ὁ

605 2135 796 2200 881118
831 2132 1149 2199 iudicium
1186 2133 1326 2197 fieri
1365 2153 1448 2195 ex
1493 2133 1633 2196 vita
1673 2132 1949 2217 placeat,
1990 2131 2162 2195 hanc
2197 2130 2415 2212 legem
2439 2130 2565 2193 mi-

604 2222 783 2285 nime
826 2239 1222 2284 recusamus.
1271 2216 1773 2299 Qualescunque
1811 2217 1991 2281 enim
2027 2218 2251 2293 simus,
2293 2214 2566 2300 gloriari

499 2378 504 2387 Δ
607 2314 830 2371 181000
865 2304 1051 2371 001118
1094 2304 1350 2369 10011011
1390 2304 1536 2368 1010
1579 2302 1747 2380 11001,
1794 2307 1940 2380 [pag.
1981 2304 2045 2379 9]
2091 2322 2286 2383 00810
2333 2310 2566 2384 optan-

611 2391 769 2457 dum
814 2391 998 2468 foret,
1037 2390 1236 2454 aliam
1271 2410 1413 2454 esse
1446 2398 1740 2454 nostram
1765 2387 1992 2465 vitam,
2037 2406 2233 2469 quam
2266 2388 2565 2451 omnium

608 2476 1149 2553 Romanensium,
1181 2475 1292 2556 qui
1337 2494 1617 2558 regnum
1664 2472 2057 2538 Antichristi
2123 2470 2320 2537 hodie
2364 2473 2565 2537 80811-

608 2571 784 2627 00111.
874 2558 1162 2627 Proinde
1199 2580 1334 2624 non
1379 2579 1640 2639 vereor,
1687 2559 1742 2625 si
1787 2557 1933 2640 quis
1973 2566 2269 2623 nostram
2311 2566 2379 2621 et
2418 2557 2565 2621 illo-

607 2664 758 2714 rum
781 2647 989 2713 vitam
1020 2645 1284 2728 penitus
1308 2645 1634 2728 inspiciat,
1682 2650 1749 2710 et
1781 2645 1875 2709 ita
1917 2644 2091 2709 inter
2134 2665 2204 2709 se
2246 2644 2560 2722 conferat,

608 2734 769 2817 quin
812 2752 932 2796 nos
960 2731 1196 2796 saltem
1240 2730 1475 2794 timere
1503 2732 1742 2808 Deum,
1786 2730 1934 2795 illos
1978 2749 2247 2813 prorsus
2269 2736 2562 2793 contem·

607 2839 766 2883 nere
809 2824 878 2881 et
917 2819 1139 2899 ipsum
1181 2823 1248 2879 et
1291 2815 1433 2880 eius
1474 2815 1707 2899 legem,
1757 2814 2096 2881 evidenter
2139 2822 2382 2879 cernat.

605 2905 650 2927 '⁵
778 2900 973 2984 Quod
1016 2901 1353 2985 negotium
1396 2921 1515 2966 nos
1560 2899 1887 2967 difficilius
1920 2902 2135 2965 moliri
2171 2899 2329 2965 dicit
2362 2920 2562 2981 quam

604 2989 764 3056 olim
805 2987 1084 3072 apostoli
1126 2987 1420 3065 fecerint,
1466 2987 1523 3051 si
1564 2987 1636 3052 in
1681 2987 1794 3051 8111
1920 3006 2185 3051 8008010
2220 2986 2560 3068 acciperet,

604 3097 741 3141 non
771 3095 1043 3159 prorsus
1082 3095 1122 3138 a
1153 3092 1314 3138 vero
1353 3073 1704 3139 aberraret.
1773 3071 1947 3137 Nam
1986 3072 2040 3150 si
2069 3073 2216 3155 quis
2243 3071 2560 3155 temporis

603 3161 781 3226 illius
826 3167 1075 3225 statum
1117 3156 1480 3242 prudenter
1521 3157 1923 3236 consideret,
1970 3178 2096 3240 quo
2139 3167 2412 3224 exortus
2457 3165 2562 3223 est

605 3245 948 3312 Lutherus
963 3296 977 3322 ,
1045 3264 1198 3309 eum
1251 3243 1416 3309 alias
1472 3246 1607 3310 fere
1675 3266 1903 3310 omnes
1969 3243 2387 3310 difficultates
2440 3243 2559 3308 ha-

604 3332 828 3398 buisse
881 3352 1031 3396 cum
1086 3330 1397 3413 apostolis
1454 3351 1833 3398 communes
1888 3328 2174 3410 videbit-t
2228 3351 2364 3393 una
2403 3350 2559 3395 vero

479 3481 488 3487 ,
604 3439 677 3482 10
721 3437 792 3482 10
837 3416 1230 3497 iniquiorem
1284 3435 1362 3481 80
1404 3415 1736 3482 duriorem
1788 3417 1991 3482 101880
2049 3414 2190 3480 0108
2240 3414 2560 3481 000111110-

604 3522 760 3568 0010
794 3522 996 3595 quam
1031 3499 1314 3580 illorum,
1353 3500 1528 3584 quod
1565 3502 1822 3566 nullum
1847 3508 1991 3567 erat
2027 3511 2187 3566 tunc
2208 3501 2278 3566 in
2311 3500 2562 3566 mundo

602 3608 885 3673 regnum
901 3636 919 3666 ,
970 3585 1194 3652 nullus
1236 3587 1671 3670 principatus,
1727 3588 1832 3652 001
1880 3585 1980 3651 1111
2022 3587 2272 3653 bellum
2313 3586 2561 3652 indice-

602 3681 784 3739 rent:
832 3671 940 3738 hic
983 3678 1209 3738 autem
1252 3692 1589 3772 emergere
1617 3672 1816 3738 ,nullo
1858 3672 2054 3737 modo
2095 3680 2384 3756 poterat,
2432 3671 2563 3738 nisi

604 3761 746 3825 eius
788 3758 1051 3843 imperii
1091 3758 1286 3822 ruina
1330 3765 1399 3823 et
1438 3759 1743 3836 interitu,
1789 3756 1962 3841 quod
2003 3779 2137 3823 non
2179 3757 2372 3823 modo
2418 3779 2561 3823 om·

604 3847 789 3912 nium
830 3842 1366 3928 potentissimum
1411 3851 1579 3922 erat,
1641 3843 1757 3909 sed
1799 3841 2052 3926 reliqua
2107 3843 2330 3908 omnia
2372 3843 2560 3927 quasi

604 3930 725 3996 sibi
770 3929 1055 3995 obnoxia
1095 3927 1377 3995 tenebat.
1449 3929 1645 3996 Hanc
1687 3929 2147 3995 difficultatem
2179 3951 2357 3995 nunc
2400 3950 2560 4012 quo-

602 4038 728 4100 que
771 4017 1190 4082 sustinemus.
1223 4047 1256 4072 a
1275 4009 1465 4081 Satis
1507 4016 1729 4094 scitur,
1777 4028 2098 4099 quantum
2135 4015 2352 4080 valeat
2393 4036 2558 4098 pon·

602 4102 770 4166 tifex
809 4108 955 4166 tum
994 4122 1326 4167 armorum
1371 4102 1680 4185 potentia,
1726 4112 1871 4167 tum
1904 4099 2242 4166 foederum
2275 4100 2559 4180 auxiliis,

603 4198 752 4252 tum
785 4189 1101 4270 pecuniis,
1139 4201 1282 4252 tum
1315 4189 1462 4271 ipsa
1496 4188 1783 4253 nominis
1818 4187 2212 4260 reverentia:
2278 4185 2558 4266 Deinde,

603 4279 926 4356 quantum
959 4272 1268 4354 praesidii
1302 4282 1372 4339 et
1409 4272 1660 4339 roboris
1693 4274 1933 4340 habeat
1973 4273 2043 4337 in
2081 4273 2203 4337 hac
2234 4273 2562 4337 immensa

603 4380 726 4426 808
750 4358 798 4441 ¹)
857 4357 1163 4435 colluvie,
1231 4380 1398 4441 quae
1451 4359 1694 4442 ubique
1759 4365 2090 4425 terrarum
2147 4376 2375 4440 sparsa
2427 4365 2559 4424 est:

603 4442 1037 4510 cardinalium
1073 4441 1217 4508 dico
1233 4495 1249 4523 ,
1304 4445 1761 4528 episcoporum
1805 4453 1875 4512 et
1917 4442 2344 4511 sacerdotum.
2435 4444 2559 4509 At-

602 4530 715 4613 qui
757 4549 987 4594 omnes
1043 4549 1176 4593 uno
1232 4532 1450 4595 animo
1468 4583 1483 4610 ,
1541 4531 1853 4613 quoniam
1909 4551 2046 4595 non
2102 4528 2295 4595 aliter
2343 4529 2560 4597 salvos

602 4636 674 4681 se
729 4615 870 4680 fore
923 4613 1180 4693 vident,
1238 4615 1367 4681 nisi
1423 4617 1772 4701 profligata
1826 4623 2052 4682 nostra
2095 4613 2417 4694 doctrina,
2475 4616 2559 4681 ad

603 4720 749 4767 eam
791 4699 1318 4783 opprimendam,
1374 4722 1509 4766 non
1552 4723 1742 4768 secus
1799 4723 1874 4767 ac
1921 4702 1974 4767 si
2021 4722 2139 4785 pro
2182 4702 2316 4768 aris
2360 4710 2427 4768 et
2464 4703 2561 4766 fo-

603 4787 714 4863 cis,
759 4786 892 4850 imo
935 4806 1054 4867 pro
1096 4787 1234 4852 suis
1274 4787 1566 4870 ipsorum
1614 4787 1931 4870 capitibus
1970 4795 2361 4872 pugnarent,
2405 4809 2561 4872 opes

603 4890 832 4937 omnes
878 4890 1033 4935 suas
1077 4872 1378 4955 viresque
1422 4873 1786 4938 conferunt.
1877 4871 2186 4940 Dicerem
2236 4874 2359 4939 hac
2399 4895 2561 4957 quo-

601 4977 732 5041 que
775 4955 1076 5021 molestia
1116 4979 1238 5024 nos
1280 4979 1442 5042 prae
1486 4958 1793 5042 apostolis
1832 4959 2162 5039 laborare,
2207 4959 2380 5041 quod
2421 4959 2560 5025 luc-

491 5091 508 5104 .
601 5040 876 5108 tandum
911 5040 1098 5108 nobis
1133 5055 1236 5111 est
1274 5065 1427 5110 cum
1459 5044 1678 5111 fallaci
1712 5045 2025 5112 ecclesiae
2058 5046 2267 5124 larva,
2305 5054 2375 5110 et
2407 5065 2560 5109 cum

601 5129 825 5195 fucata
863 5127 1221 5211 impietate,
1265 5152 1432 5214 quae
1466 5130 1590 5197 sub
1630 5130 1774 5215 ipso
1809 5130 1938 5196 Dei
1982 5131 2248 5196 nomine
2293 5129 2561 5196 delites-

606 5215 713 5294 cit,
758 5214 889 5280 nisi
932 5212 1096 5282 haec
1140 5238 1341 5284 arena
1385 5218 1690 5285 similiter
1733 5217 2104 5302 complures
2148 5236 2233 5282 ex
2276 5216 2562 5300 prophe-

745 5407 805 5472 1)
844 5423 960 5476 sua,
998 5422 1100 5462 om.
1136 5405 1218 5461 ed.
1255 5404 1438 5461 Besae
1472 5406 1609 5462 1576
1644 5412 1697 5463 et
1729 5421 1872 5476 seqq.

2672 678 2758 740 tis
2817 683 2884 739 et
2937 675 3249 758 apostolis
3311 676 3727 742 exercuisset.
3754 658 4071 741 s‘Verum
4131 682 4205 740 ut
4266 676 4352 741 ad
4405 676 4633 762 Pighii

2672 762 3103 827 obiectionem
3157 760 3360 826 semel
3405 761 3836 844 respondeam
3850 813 3864 838 ,
3934 761 4196 827 difficile
4241 770 4311 828 et
4350 761 4631 828 laborio-

2673 868 2821 911 sum
2856 868 3021 929 opus
3058 853 3176 925 est,
3224 854 3321 910 tot
3353 847 3708 929 impietatis
3745 856 4057 926 monstra,
4094 854 4355 912 tantum
4390 850 4631 931 impiae

2672 930 3006 999 doctrinae
3058 932 3515 1020 labyrinthum
3533 984 3548 1009 ,
3606 942 3702 997 tot
3746 938 3894 1012 [pag.
3938 938 4041 1012 1'0]
4089 932 4627 1017 superstitionum

2672 1014 2950 1100 species,
3010 1038 3175 1100 quae
3220 1038 3336 1100 per
3391 1014 3643 1101 aliquot
3677 1019 3939 1085 saecula
3980 1021 4447 1103 occupaverint
4490 1041 4659 1084 010--ἷ

2673 1104 2858 1168 01001
2901 1106 3181 1181 8010108,
3238 1124 3404 1185 0080
3446 1114 3585 1167 1810
3629 1104 3796 1169 81188
3838 1104 4091 1170 radices
4131 1106 4390 1188 egerint
4506 1091 4663 1172 080ι

2673 1198 2811 1253 1810
2856 1191 3179 1272 speciosos
3223 1189 3468 1254 colores
3511 1210 3670 1273 prae
3707 1211 3778 1255 se
3801 1191 4034 1267 ferant,
4085 1189 4321 1288 derepe
4368 1198 4433 1255 te
4475 1211 4664 1275 pro--

2652 1274 2902 1358 ,fligare
2945 1295 3021 1340 ao
3064 1275 3292 1340 tollere
3336 1275 3601 1357 penitus
3642 1297 3678 1340 0
3712 1275 3946 1353 0101110,
3994 1285 4382 1359 918080111ιο
4424 1297 4630 1376 quum

2672 1367 2810 1425 tota
2850 1361 3082 1425 mundi
3126 1361 3417 1443 potentia
3459 1368 3688 1426 contra
3730 1361 4027 1440 resistat,
4084 1368 4151 1425 et
4192 1362 4398 1440 ferm,
4457 1363 4630 1446 igm-

2670 1447 2792 1511 bus
2858 1448 3161 1528 omnique
3229 1447 3544 1512 saevitiae
3610 1466 3853 1530 genere
3920 1447 4004 1511 ad
4064 1447 4179 1511 illa
4234 1446 4631 1514 vindicanda

2660 1532 2987 1615 insurgat.
3075 1532 3320 1597 Audax
3400 1540 3672 1597 conatus
3686 1584 3702 1609 ,
3790 1532 4003 1615 inquit
4077 1533 4374 1616 Pighius.
4477 1534 4630 1598 Non

2669 1639 2862 1700 nego:
2902 1618 3324 1682 temerarium
3360 1619 3559 1682 etiam
3580 1619 3942 1695 confiterer,
3982 1620 4037 1684 81
4071 1618 4411 1684 1101010010
4437 1638 4626 1703 0908,

2669 1723 2804 1767 000
2850 1702 2977 1768 Dei
3032 1703 3240 1784 ipsius
3292 1703 3476 1767 foret.
3567 1702 3705 1769 Sed
3749 1725 3952 1786 quum
3994 1702 4279 1769 Paulum
4322 1703 4630 1770 audimus

2638 1789 3165 1854 ‘concionantem
3210 1787 3289 1853 de
3334 1795 3658 1871 potestate
3699 1788 3816 1853 illa
3859 1789 4129 1869 invicta,
4184 1810 4351 1872 quae
4393 1791 4630 1856 minis-

2670 1875 2791 1938 tris
2845 1874 3173 1957 evangelii
3240 1873 3395 1938 data
3462 1881 3592 1953 est,
3650 1872 3735 1938 ad
3791 1873 4145 1941 diruendas
4201 1896 4429 1941 omnes
4483 1898 4631 1941 ma-

2667 1959 3104 2036 chinationes,
3153 1958 3237 2025 ad
3280 1958 3691 2025 demolienda
3733 1960 4029 2038 consilia,
4076 1959 4162 2025 ad
4204 1980 4470 2027 omnem
4514 1961 4630 2026 de-

2667 2045 2868 2127 nique
2922 2045 3377 2110 celsitudinem
3434 2045 3931 2124 destruendam,
4002 2067 4167 2129 quae
4236 2067 4306 2113 se
4361 2046 4630 2112 extollit

2670 2129 2986 2196 adversus
3042 2132 3481 2215 cognitionem
3536 2130 3789 2197 Christi
3844 2133 3915 2215 (2
3958 2131 4108 2198 Cor.
4164 2136 4259 2212 10,
4307 2139 4345 2196 4
4397 2184 4412 2211 ,
4484 2133 4633 2198 ani-

2669 2237 2810 2281 mos
2853 2215 3220 2301 colligimus
3260 2223 3338 2281 ut
3378 2216 3691 2299 intrepidi
3734 2225 3986 2287 stemus
4032 2224 4185 2284 cont
4355 2239 4484 2283 unc
4526 2226 4631 2283 to-

2668 2310 2811 2367 tum
2856 2300 3142 2368 Satanae
3186 2310 3594 2385 apparatum,
3637 2325 3763 2387 quo
3807 2305 4176 2369 sustinetur
4216 2304 4629 2397 pawn&

2838 2386 2948 2452 Ad
2969 2385 3276 2453 delendos
3308 2408 3504 2471 porro
3532 2390 3713 2454 fucos
3747 2389 3915 2465 11108,
3943 2389 4181 2473 quibus
4216 2390 4632 2455 meretricem

2668 2493 2856 2538 suam
2900 2482 3095 2538 ornat
3126 2473 3408 2558 Pighius
3424 2524 3439 2551 ,
3498 2476 3776 2557 spongia
3819 2475 3980 2541 haec
4025 2476 4214 2540 nobis
4255 2496 4517 2558 semper
4560 2475 4633 2539 in

2666 2566 2974 2642 promptu
3017 2566 3147 2637 est,
3203 2580 3322 2625 nos
3372 2560 3646 2624 minime
3699 2567 3907 2626 totam
3960 2561 4421 2644 antiquitatem
4477 2581 4633 2625 cum

2665 2644 2970 2710 omnibus
2992 2654 3366 2710 sanctorum
3389 2645 3647 2728 placitis
3670 2647 3894 2713 convcl
3902 2645 4055 2725 lere,
4079 2645 4635 2728 quemadmodum

2664 2730 3007 2795 mentitur:
3057 2730 3172 2795 sed
3214 2730 3340 2795 hoc
3379 2732 3600 2813 potius
3633 2752 3841 2796 unum
3884 2752 4097 2815 agere,
4141 2740 4217 2797 ut
4250 2751 4418 2815 quae
4462 2739 4632 2797 tem-

2662 2837 2898 2898 porum
2929 2816 3088 2879 vitio
3126 2826 3439 2899 corrupta
3476 2823 3634 2882 sunt
3678 2838 3754 2883 ac
3780 2818 4127 2901 ⁸dissipata,
4179 2819 4254 2883 in
4280 2819 4633 2901 antiquum

2665 2909 2910 2967 statum
2953 2899 3246 2967 redeant.
3302 2902 3650 2967 Reclamat
3699 2903 3840 2968 ille:
3897 2925 4016 2969 nos
4059 2904 4153 2969 sic
4196 2924 4340 2968 rem
4382 2902 4633 2968 habere

2664 2985 3141 3053 contendimus.
3228 2987 3357 3053 Ille
3423 2987 3843 3055 maledictum
3900 2989 4075 3072 quod
4139 2990 4211 3053 in
4276 3009 4398 3055 nos
4450 2990 4630 3068 iacit,

2665 3095 2797 3139 non
2853 3073 3116 3156 probat:
3185 3073 3337 3141 libri
3380 3074 3589 3140 nostri
3800 3075 3858 3139 is
3917 3083 3983 3140 et
4038 3074 4230 3141 claris
4287 3073 4482 3141 huius
4529 3075 4631 3141 rei

2666 3159 3057 3226 testimoniis
3102 3161 3329 3225 referti
3383 3168 3556 3226 sunt.
3646 3160 4039 3227 Plausibiles
4082 3168 4242 3226 sunt
4294 3162 4462 3226 istae
4517 3181 4632 3227 08-

2662 3246 2957 3311 10100180
2970 3296 2986 3324 ,
3032 3247 3269 3329 quibus
3314 3267 3435 3311 nos
3480 3257 3727 3324 onerat,
3775 3244 3989 3313 dicere
4035 3268 4157 3313 nos
4200 3245 4546 3313 ecclesiam
4592 3266 4635 3311 8
4714 3269 4731 3296 f

2665 3331 2934 3398 Christo
2977 3352 3216 3414 sponso
3271 3353 3392 3397 suo
3433 3333 3632 3397 fuisse
3690 3353 3895 3398 annos
3952 3332 4134 3397 mille
4190 3340 4257 3397 et
4310 3330 4635 3415 quadrin-

2665 3425 2898 3503 gentos
2953 3417 3309 3482 desertam:
3367 3418 3463 3482 ita
3515 3439 3634 3483 nos
3685 3417 3901 3483 facere
3958 3417 4339 3484 mendacem
4390 3418 4635 3484 Chris-

2917 3501 3053 3569 8011
3093 3501 3373 3568 nebulae
3416 3511 3603 3582 sunt,
3659 3523 3824 3586 quae
3867 3502 4007 3570 solo
4059 3506 4223 3569 flatu
4277 3523 4475 3570 verae
4520 3525 4634 3570 re-

2666 3609 2747 3672 sp
2788 3588 3040 3654 nsionis
3086 3579 3874 3662 evanescunthicimus
3917 3590 4096 3654 enim
4117 3587 4466 3655 Christum
4519 3611 4635 3657 ec-

4664 1056 4707 1145 11
4740 1010 4811 1108 Σ)-

2668 3673 2902 3740 0108180
2945 3690 3103 3740 8080
3145 3673 3429 3740 fideliter
3469 3675 3782 3756 adfuisse,
3829 3682 3900 3739 et
3931 3674 4633 3763 semperadfuturum,
4702 3741 4712 3753 ,

2668 3759 2842 3826 81001
2883 3759 3199 3843 promisit.
3258 3760 3561 3828 Dicimus
3583 3760 3922 3827 ecclesiam
3966 3762 4106 3827 eius
4131 3761 4332 3828 fliisse
4371 3761 4636 3828 virtute

2666 3855 3114 3912 conservatam
3136 3896 3151 3922 ,
3212 3867 3298 3911 00
3340 3847 3610 3930 periret:
3659 3847 3894 3930 spiritu
3939 3845 4372 3930 gubernatam
4390 3898 4404 3925 ,
4453 3869 4544 3913 ne
4589 3868 4637 3913 8

2668 3933 2942 3996 veritate
3015 3931 3427 4010 excideret(
3447 3930 3566 3997 sed
3638 3933 3836 3996 simul
3903 3934 4264 4015 oportuisse
4326 3931 4636 3999 accidere

2667 4016 2962 4096 dicimus,
3008 4016 3180 4099 quod
3229 4016 3565 4084 luculento
3610 4018 3802 4083 Pauli
3858 4018 4170 4084 vaticinio
4212 4017 4637 4102 praedictum

2662 4104 2893 4180 fuerat,
2938 4102 3021 4167 de
3056 4103 3354 4168 horribili
3388 4102 3767 4182 defectione,
3811 4123 4011 4186 quam
4046 4124 4183 4170 non
4217 4104 4291 4168 in
4323 4110 4634 4170 extremo

2666 4188 2884 4270 aliquo
2927 4195 3145 4254 terrae
3182 4211 3270 4252 an
3390 4210 3446 4268 o,
3493 4189 3608 4254 sed
3642 4191 3713 4254 in
3754 4190 4061 4255 universo
4095 4191 4252 4256 orbe
4290 4191 4431 4256 fore
4470 4194 4637 4271 [pag.

2672 4288 2697 4338 1
2715 4278 2775 4352 1]
2817 4273 3187 4339 denunciat.
3348 4297 3384 4340 e
3438 4276 3662 4340 futuro
3714 4283 3888 4341 certe
3940 4275 4250 4342 ecclesiae
4299 4283 4480 4341 statu
4525 4276 4637 4341 lo-

2663 4360 2907 4443 quitur,
2950 4360 3073 4426 hoc
3112 4367 3231 4439 est,
3274 4361 3391 4443 qui
3430 4371 3658 4444 postea
3690 4367 4005 4444 sequutus
4047 4373 4163 4428 est.
4251 4361 4438 4427 Dicit
4476 4364 4639 4426 An-

2666 4445 3043 4512 tichristum
3086 4446 3222 4511 iam
3268 4454 3424 4512 tunc
3456 4446 3670 4511 moliri
3706 4466 4020 4513 arcanum
4059 4446 4457 4529 iniquitatis:
4504 4446 4639 4513 sed

2665 4532 2934 4615 gravius
2987 4530 3196 4597 multo
3254 4540 3388 4610 est,
3455 4530 3629 4613 quod
3681 4533 3988 4598 continuo
4043 4532 4412 4616 subiungit,
4482 4534 4640 4600 fore

2664 4617 2938 4695 scilicet,
2985 4625 3059 4683 ut
3100 4617 3320 4701 palam
3355 4625 3690 4702 grassetur
3732 4637 3809 4684 ac
3851 4618 4273 4702 tyrannidem
4314 4625 4645 4684 exerceat

2665 4705 2735 4768 in
2788 4703 3156 4769 ecclesiam:
3213 4724 3425 4787 neque
3468 4710 3783 4786 tanquam
3841 4711 4159 4770 externus
4202 4704 4444 4784 hostis,
4503 4726 4643 4772 ve-

2666 4810 2814 4855 rum
2867 4796 3180 4871 occupato
3224 4790 3353 4854 Dei
3409 4790 3800 4855 sanctuario.
3887 4791 4071 4855 Dum
4127 4790 4292 4857 11800
4334 4811 4643 4858 comme-

2665 4883 2893 4948 morat,
2918 4874 3076 4940 dicit
3095 4885 3444 4941 venturam
3467 4875 3894 4942 defectionem
3919 4876 3987 4960 (2
4003 4876 4308 4956 Τ11088.2,
4327 4881 4363 4941 3
4386 4897 4580 4962 seqq.
4590 4879 4642 4960 ).

2664 4959 2851 5026 Haec
2895 4959 3054 5025 dum
3097 4959 3426 5042 videmus,
3485 4961 3679 5027 sicuti
3720 4960 4057 5044 praedicta
4099 4963 4388 5041 fuerant,
4451 4964 4646 5031 acci-

2666 5044 2839 5111 disse
2855 5096 2872 5124 ,
2928 5048 3343 5130 agnoscimus
3394 5067 3698 5116 veracem
3737 5047 3992 5114 Christi
4025 5048 4347 5131 spiritum.
4436 5048 4648 5117 Inte-

2666 5153 2780 5197 rea
2822 5139 3046 5197 tamen
3091 5154 3279 5199 suam
3322 5132 3577 5200 Christi
3618 5134 4037 5217 promissioni
4077 5139 4375 5200 constare
4418 5133 4651 5202 fidem

2665 5218 3077 5302 profitemur:
3124 5219 3433 5303 quoniam
3476 5220 3546 5284 in
3589 5227 3778 5284 tanta
3811 5218 3995 5285 clade
4033 5241 4186 5286 suos
4230 5219 4650 5290 mirabiliter

2667 5306 3100 5384 conservarit,
3170 5313 3247 5384 01
3301 5328 3386 5371 ex
3450 5304 3667 5371 media
3729 5311 3940 5370 morte
4006 5305 4199 5373 salvi.
4233 5305 4646 5376 evaderent:

2665 5389 2837 5472 quod
2871 5388 3214 5458 ecclesiam
3245 5392 3317 5457 in
3356 5399 3538 5456 tanto
3579 5391 3923 5478 naufragio
3957 5391 4174 5477 perire
4206 5413 4442 5478 passus
4488 5416 4650 5462 non
