4999 6179
450 473 579 536 473

448 668 606 728 rent
619 713 635 740 ,
710 660 1035 746 pecudum
1089 682 1272 728 more
1326 660 1628 726 homines
1694 681 1812 744 per
1866 682 2060 727 omne
2106 681 2407 727 errorum

452 768 664 833 genus
725 748 800 814 in
864 747 1141 813 exitium
1209 746 1633 813 ducerentur:
1712 749 1982 813 emersit
2043 747 2406 829 Leutherus,

452 836 854 901 exstiterunt
894 833 1130 900 deinde
1174 834 1305 912 alii,
1350 834 1464 917 qui
1505 833 1871 899 coniunctis
1906 833 2158 913 studiis,
2205 835 2407 899 ratio-

452 942 572 987 nes
591 920 864 1004 viasque
897 921 1339 1002 quaesierunt,
1372 919 1609 1002 quibus
1625 920 1970 1003 repurgari
1986 942 2026 984 0
2049 926 2149 984 101
2184 920 2403 1003 inqui-

449 1006 781 1073 namentis
833 1005 954 1071 reli
1005 1006 1093 1086 ’0,
1154 1006 1420 1091 pietatis
1461 1005 1760 1071 doctrina
1802 1007 2064 1071 restitui
2104 1006 2179 1069 in
2222 1026 2410 1071 suam

447 1093 822 1177 puritatem,
859 1114 970 1159 ecc
997 1093 1134 1158 esia
1168 1114 1252 1157 ex
1281 1098 1469 1157 tanta
1503 1092 1873 1158 calamitate
1906 1091 1979 1156 in
2001 1090 2410 1157 tolerabilem

450 1180 737 1262 aliquem
779 1185 1028 1243 statum
1071 1178 1294 1264 colligi
1333 1183 1569 1261 posset.
1656 1178 1741 1243 In
1785 1177 1908 1244 hoc
1948 1200 2151 1245 cursu
2195 1176 2410 1243 adhuc

353 1356 362 1365 Ρ
445 1264 644 1332 11οά10
687 1265 1044 1349 pergimus.

621 1352 716 1417 Et
755 1351 1065 1434 quoniam
1107 1350 1189 1417 de
1232 1348 1541 1415 remediis
1558 1397 1574 1428 ‚
1609 1370 1777 1434 quae
1822 1349 1909 1415 ad
1950 1348 2231 1416 istorum
2268 1370 2409 1415 ma—

447 1437 668 1504 lorum
707 1438 1176 1502 correctionem
1219 1435 1644 1502 adhibuimus
1699 1435 2030 1502 dicturum
2070 1457 2178 1501 me
2219 1456 2411 1519 prae-

447 1525 624 1591 fatus
668 1545 850 1601 sum,
908 1522 988 1588 de
1032 1543 1112 1588 ea
1154 1544 1227 1588 re
1269 1544 1447 1588 1111110
1492 1522 1821 1587 tractandi
1862 1522 2046 1588 locus
2090 1528 2219 1587 est:
2276 1543 2412 1588 non

447 1616 526 1676 ut
591 1609 893 1688 modum,
962 1629 1093 1691 quo
1157 1629 1276 1692 pro
1396 1609 1488 1673 ssi
1542 1629 1797 1688 sumus,
1866 1606 2231 1675 describam
2298 1609 2327 1683 (
2331 1607 2412 1673 de

449 1695 576 1762 hoc
634 1696 813 1761 enim
869 1703 1095 1776 postea
1135 1692 1288 1761 vide
1332 1694 1523 1777 itur):
1565 1693 1688 1759 sed
1739 1702 1815 1760 ut
1872 1702 2183 1778 appareat
2198 1745 2216 1773 ,
2273 1714 2411 1760 non

451 1781 580 1848 alio
623 1789 955 1865 spectasse
998 1789 1228 1846 nostra
1267 1778 1511 1860 studia,
1557 1780 1687 1847 nisi
1729 1789 1805 1845 ut
1846 1786 2056 1846 status
2101 1780 2411 1847 ecelesiae

448 1890 534 1935 ex
585 1868 870 1952 pessimo
930 1867 1165 1933 saltem
1209 1866 1546 1950 aliquanto
1601 1866 1837 1931 melior
1882 1867 2088 1932 fieret.
2178 1866 2411 1932 Multis

448 1964 520 2020 et
551 1954 882 2020 atrocibus
914 1952 1279 2018 multorum
1324 1951 1671 2019 calumniis
1717 1952 2019 2036 impetita
2053 1959 2154 2017 est
2186 1960 2413 2018 nostra

450 2040 763 2119 doctrina,
810 2046 877 2105 et
914 2036 1201 2123 quotidie
1244 2039 1602 2122 impetitur.
1689 2038 1832 2103 Alii
1873 2039 2135 2104 fortiter
2177 2037 2410 2104 adver-

448 2148 563 2193 sus
627 2145 774 2190 eam
852 2124 1279 2191 declamitant
1342 2125 1411 2189 111
1488 2124 1922 2190 concionibus.
2012 2124 2152 2189 Alii
2223 2123 2410 2192 libris

446 2211 643 2279 editis
684 2232 834 2277 eam
887 2217 1137 2278 vexant
1170 2233 1247 2278 ac
1299 2210 1673 2276 traducunt.
1761 2209 1870 2275 Ab
1911 2213 2207 2293 utrisque
2262 2209 2409 2294 plu-

449 2299 622 2365 rima
675 2318 798 2365 con
882 2306 1153 2375 runtur,
1226 2295 1464 2380 quibus
1535 2301 1682 2375 [pag.
1739 2310 1772 2360 3
1788 2303 1845 2375 1]
1903 2317 2048 2361 eam
2101 2297 2409 2362 infamari

446 2404 641 2469 posse
682 2403 791 2450 cre
839 2389 961 2448 unt
1002 2382 1178 2466 apud
1222 2382 1576 2464 imperitos.
1649 2380 1788 2448 Sed
1830 2390 2050 2448 exstat
2081 2384 2150 2447 in
2195 2382 2408 2448 homi-

449 2491 610 2537 num
644 2469 950 2534 manibus
986 2468 1135 2533 fidei
1171 2476 1438 2533 nostrae
1475 2468 1810 2549 confessio,
1848 2489 2045 2553 quam
2079 2469 2406 2534 maiestati

448 2566 606 2622 tuae
648 2555 1038 2632 obtulimus,
1107 2555 1535 2619 invictissime
1579 2553 1857 2620 Caesar:
1906 2574 2070 2639 quae
2113 2553 2407 2620 luculen-

449 2650 595 2708 tum
637 2641 828 2707 nobis
886 2641 1334 2706 testimonium
1379 2638 1626 2719 reddit,
1685 2662 1882 2725 quam
1934 2641 2266 2706 immerito
2309 2647 2411 2705 tot

448 2727 691 2794 odiosis
727 2726 1293 2792 criminationibus
1337 2747 1674 2793 vexemur.
1746 2727 1840 2792 Et
1873 2727 2194 2793 hactenus
2236 2746 2408 2791 sem·

449 2836 567 2899 per
624 2812 709 2879 ad
762 2812 1164 2878 reddendam
1216 2812 1552 2879 doctrinae
1606 2819 1873 2878 nostrae
1917 2813 2238 2879 rationem
2279 2811 2408 2876 fui-

446 2922 602 2966 mus
655 2900 895 2984 parati:
970 2907 1045 2964 ut
1094 2897 1292 2963 hodie
1349 2919 1607 2981 quoque
1659 2921 1903 2965 sumus.
1991 2896 2095 2962 Ne
2149 2896 2407 2964 multis:

449 2985 618 3052 nihil
652 2984 917 3050 auditur
951 2985 1023 3048 in
1064 2985 1352 3049 ecclesiis
1397 2986 1639 3049 nostris
1673 2985 2021 3063 doctrinae,
2067 2984 2242 3067 quod
2276 3004 2410 3049 non

445 3072 669 3157 palam
724 3073 1170 3155 profiteamur.
1263 3070 1454 3151 Quae
1521 3070 1764 3154 aliquid
1834 3071 2086 3139 habent
2149 3077 2410 3138 contro-

448 3159 734 3238 versiae,
808 3179 886 3223 ea
936 3158 1282 3241 perspicue
1336 3165 1406 3222 et
1456 3157 1629 3222 bona
1683 3157 1815 3222 fide
1870 3159 1941 3222 in
2008 3157 2410 3224 confessione

448 3244 890 3329 explicantur:
934 3250 1002 3308 et
1043 3241 1208 3307 nihil
1246 3251 1348 3308 est
1388 3263 1636 3321 eorum,
1681 3243 1857 3327 quod
1891 3263 2027 3307 non
2062 3244 2150 3307 sit
2183 3264 2224 3308 a
2256 3263 2411 3307 nos-

447 3332 573 3398 tris
615 3330 990 3397 hominibus
1020 3329 1284 3412 copiose
1327 3336 1699 3409 tractatum,
1743 3337 1810 3394 et
1845 3329 2218 3414 expositum
2261 3327 2410 3393 dili-

449 3424 700 3504 genter.
787 3414 956 3481 Inde
998 3419 1304 3481 constare
1339 3414 1663 3481 iudicibus
1708 3437 1843 3481 non
1886 3416 2022 3498 iniq
2079 3415 2090 3427 '
2173 3420 2407 3498 potest,

445 3525 647 3589 quam
690 3501 915 3587 procul
956 3502 1037 3567 ab
1083 3501 1267 3566 omni
1300 3502 1637 3586 impietate
1674 3502 1980 3568 absimus.
2122 3522 2196 3567 oc
2232 3507 2410 3567 certe

449 3589 680 3674 aequis
735 3590 926 3653 iuxta
970 3609 1045 3654 ac
1098 3588 1340 3671 iniquis
1396 3593 1680 3666 constat,
1734 3589 1809 3652 in
1862 3610 1939 3654 eo
1986 3609 2119 3653 non
2173 3607 2411 3672 parum

445 3675 759 3744 ecclesiae
791 3675 1112 3759 profuisse
1137 3680 1398 3739 nostros
1433 3673 1756 3752 homines,
1792 3673 1963 3758 quod
1987 3680 2053 3740 et
2081 3672 2410 3738 mundum

445 3763 638 3847 quasi
682 3782 764 3827 ex
819 3759 1162 3845 profundis
1217 3761 1632 3843 ignorantiae
1687 3761 1976 3826 tenebris
2031 3760 2412 3826 excitarunt

447 3848 533 3916 ad
580 3850 942 3931 scripturae
980 3846 1328 3912 lectionem
1343 3897 1358 3925 ,
1417 3853 1484 3910 et
1527 3844 1610 3910 ad
1654 3847 2078 3913 sinceriorem
2120 3846 2261 3911 eius
2304 3845 2410 3909 in-

445 3934 881 4019 telligentiam
936 3931 1221 3997 multum
1292 3931 1717 3997 contulerunt
1771 3953 2036 4016 operae,
2104 3940 2172 3997 et
2234 3932 2411 3997 locos

445 4020 781 4087 doctrinae
825 4018 1225 4084 christianae
1268 4016 1586 4101 quosdam
1631 4018 1829 4084 utiles
1873 4017 2139 4102 cognitu
2181 4017 2412 4101 impri-

447 4108 576 4172 mis
619 4106 895 4171 feliciter
937 4104 1376 4170 illustrarunt.
1450 4103 1534 4168 In
1580 4105 1998 4171 concionibus
2039 4104 2209 4169 nihil
2252 4105 2408 4183 fere,

442 4200 710 4278 praeter
768 4190 974 4255 aniles
1028 4189 1313 4269 fabulas,
1383 4199 1499 4254 aut
1563 4199 1935 4256 commenta
1996 4211 2132 4256 non
2186 4190 2409 4256 minus

443 4280 689 4362 inepta,
735 4276 1140 4343 audiebatur.
1232 4274 1515 4342 Scholae
1550 4278 2006 4360 quaestionum
2051 4276 2215 4341 rixis
2260 4297 2410 4358 per-

446 4362 849 4448 strepebant.
939 4360 1327 4446 Scripturae
1381 4362 1518 4428 illic
1573 4385 1726 4428 rara
1766 4364 2031 4429 mentio,
2124 4360 2260 4445 Qui
2304 4383 2409 4428 ec-

445 4451 685 4518 clesiae
730 4447 1179 4533 gubernacula
1235 4448 1575 4528 tenebant,
1634 4449 1757 4513 hoc
1813 4470 2022 4514 unum
2077 4447 2411 4514 habebant

443 4558 665 4616 curae,
708 4557 796 4601 ne
835 4534 991 4619 quid
1035 4536 1337 4618 quaestui
1381 4534 1740 4600 decederet.
1814 4534 2051 4618 Itaque
2093 4532 2409 4618 quidquid

447 4631 595 4691 erat
649 4621 735 4688 ad
786 4623 1065 4700 farinas,
1135 4640 1271 4685 11011
1337 4618 1692 4688 difficulter
1755 4622 2191 4705 patiebantur.
2281 4620 2410 4686 His

445 4709 716 4796 quidem
757 4707 953 4773 malis
998 4728 1134 4772 non
1176 4705 1346 4771 nihil
1390 4705 1871 4773 emendationis
1916 4706 2215 4772 attulisse
2257 4727 2410 4772 uos·

443 4804 588 4863 1100
624 4793 944 4872 homines,
983 4794 1184 4858 etiam
1218 4791 1614 4875 iniquissimi
1634 4793 2032 4860 concedunt:
2074 4800 2410 4876 utcunque

444 4891 744 4949 nostram
788 4878 1155 4944 doctrinam
1197 4877 1422 4944 multis
1476 4884 1705 4960 postea
1759 4883 1904 4958 [pag.
1946 4882 2055 4958 32]
2101 4879 2410 4945 crimina-

442 4967 735 5035 tionibus
775 4965 1117 5031 infament.

621 5053 878 5119 Verum
931 5051 1102 5116 nihil
1156 5050 1284 5116 1100
1336 5048 1560 5117 valere
1602 5048 1686 5113 ad
1740 5048 2002 5133 culpam
2056 5049 2408 5116 sublevan-

449 5142 605 5208 dam
642 5138 869 5218 velim,
926 5136 1103 5220 quod
1145 5136 1430 5202 multum
1471 5135 1778 5201 utilitatis
1821 5156 1907 5200 ex
1950 5136 2192 5203 nostris
2230 5135 2409 5202 labo-

448 5227 634 5294 ribus
676 5224 1046 5310 perceperit
1097 5221 1368 5288 ecclesia
1387 5273 1403 5302 ,
1460 5222 1516 5287 si
1555 5221 1713 5305 quid
1758 5221 1888 5286 alia
1932 5241 2015 5286 ex
2058 5228 2247 5306 parte
2291 5243 2409 5288 no-

449 5312 804 5383 cuerimus.
893 5309 1294 5375 Excutiatur
1349 5328 1506 5392 ergo
1574 5314 1714 5372 tota
1790 5314 2020 5373 nostra
2094 5305 2409 5389 doctrina,

449 5421 595 5466 11100
633 5399 704 5463 111
751 5394 1289 5462 administrandis
1331 5392 1760 5460 sacramentis
1802 5400 2054 5473 noster,
2101 5393 2412 5461 ecclesiae

1804 470 2528 539 REFORMANDAE
2570 469 3116 540 EOGLESIAE.

4348 482 4479 546 474

2603 660 2983 727 bernandae
3072 663 3255 727 ratio.
3345 662 3532 729 Nihil
3613 666 3685 729 in
3770 666 3878 731 his
3957 665 4171 733 tribus
4247 666 4481 752 depre-

2563 747 2884 813 endemur
2957 768 3235 815 novasse
3310 771 3394 814 ex
3472 752 3681 819 veteri
3757 751 3997 830 forma,
4093 750 4268 835 quod
4341 773 4479 818 non

2515 833 2599 897 ad
2676 845 2918 900 rectam
3001 836 3185 902 verbi
3261 836 3393 901 Dei
3461 858 3762 902 normam
3835 837 4185 903 restituere
4260 837 4480 905 conati

2515 919 2738 985 simus.
2828 920 3051 1004 Atque
3116 929 3191 986 ut
3256 921 3602 988 redeamus
3661 921 3743 988 ad
3805 924 3990 989 illam
4057 930 4211 989 ante
4266 945 4307 989 a
4358 945 4479 990 no-

2514 1005 2616 1071 bis
2693 1007 2972 1088 positam
3038 1006 3461 1074 divisionem:
3542 1030 3799 1090 omnes,
3883 1031 4050 1094 quae
4107 1009 4286 1074 inter
4359 1031 4480 1076 nos

2516 1101 2675 1156 sunt
2720 1090 2800 1156 de
2849 1092 3149 1160 doctrina
3202 1096 3715 1173 controversiae,
3783 1094 3891 1160 vel
3960 1094 4044 1160 ad
4107 1094 4480 1180 legitimum

2514 1178 2644 1243 Dei
2701 1178 2982 1256 cultum,
3054 1181 3160 1245 vel
3229 1177 3313 1245 ad
3377 1188 3629 1245 certam
3695 1181 3926 1246 salutis
3982 1189 4249 1247 nostrae
4306 1181 4478 1246 fidu-

2516 1264 2686 1328 ciam
2754 1265 3105 1347 pertinent.
3195 1265 3395 1332 Certe
3459 1267 3543 1331 ad
3618 1266 3967 1334 colendum
4029 1267 4282 1347 Deum,
4361 1289 4477 1333 ne-

2517 1370 2642 1432 que
2727 1349 2982 1435 frigide,
3028 1373 3241 1435 neque
3286 1353 3704 1438 negligenter
3752 1353 4095 1418 hortamur
4138 1351 4472 1419 homines:

2517 1444 2584 1500 et
2605 1437 2677 1500 in
2698 1435 3071 1502 definiendo
3105 1438 3319 1518 modo,
3363 1460 3577 1524 neque
3601 1461 3641 1504 a
3684 1460 3876 1523 scopo
3899 1439 4301 1518 aberramus,
4350 1461 4473 1505 nec

2519 1519 2873 1604 quidquam
2917 1523 3310 1605 omit-timus,
3369 1526 3543 1608 quod
3589 1525 3672 1591 ad
3716 1547 3860 1590 rem
3902 1524 4119 1591 faciat.
4205 1523 4483 1590 Praedi—

2521 1626 2747 1673 camus
2782 1606 2913 1673 Dei
2957 1609 3240 1694 gloriam
3281 1611 3494 1675 multo
3536 1611 4091 1696 magnificentius,
4136 1631 4334 1693 quam
4377 1631 4481 1676 so-

2517 1692 2639 1757 lita
2680 1694 2882 1759 fuerit
2936 1702 3090 1760 ante
3145 1718 3266 1762 nos
3307 1695 3703 1779 praedicari:
3761 1698 4070 1777 virtutes,
4126 1697 4200 1761 in
4243 1695 4480 1779 quibus

2519 1799 2598 1844 ea
2630 1780 2899 1860 relucet,
2943 1788 3021 1845 ut
3042 1783 3257 1867 magis
3302 1804 3377 1848 00
3420 1785 3634 1868 magis
3677 1785 4112 1860 innotescant,
4160 1782 4336 1847 serio
4380 1781 4479 1847 la-

2519 1865 2846 1931 boramus.
2935 1866 3159 1950 Ipsius
3205 1888 3365 1953 erga
3403 1891 3524 1935 nos
3567 1869 3916 1948 beneficia,
3971 1869 4205 1952 quibus
4248 1888 4479 1951 possu-

2514 1970 2664 2017 mus
2717 1952 2974 2037 elogiis,
3032 1954 3430 2021 extollimus.
3515 1955 3686 2021 Inde
3743 1955 4116 2021 excitantur
4172 1953 4474 2020 homines

2515 2043 2658 2102 tum
2703 2038 2787 2103 ad
2822 2039 3302 2122 suspiciendam
3339 2042 3480 2107 eius
3514 2042 3945 2120 maiestatem,
3992 2047 4136 2105 tum
4172 2038 4257 2106 ad
4290 2040 4479 2105 exhi-

2514 2122 2802 2189 bendam
2850 2124 2948 2189 illi
3005 2147 3128 2191 sua
3179 2125 3636 2212 magnitudine
3692 2126 3965 2212 dignam
4020 2126 4481 2206 reverentiam,

2514 2218 2660 2274 tum
2695 2208 2780 2273 ad
2814 2232 3043 2278 veram
3078 2212 3285 2278 animi
3442 2211 3811 2288 titudinem,
3858 2220 4003 2277 tum
4041 2211 4125 2277 ad
4161 2213 4474 2279 confiten-

2515 2295 2631 2361 das
2686 2296 2828 2362 eius
2882 2297 3130 2365 laudes.
3220 2298 3325 2377 In=
3355 2319 3390 2363 e
3442 2298 3517 2363 in
3552 2298 3851 2382 ipsorum
3910 2296 4214 2362 cordibus
4261 2298 4479 2381 gigni-

2513 2389 2626 2447 tur
2667 2382 2875 2447 0011ᾶο
2915 2384 2990 2448 111
3029 2384 3173 2467 ipso
3215 2383 3472 2461 fiducia,
3516 2388 3681 2470 quae
3721 2391 3953 2467 postea
3995 2383 4482 2450 invocationem

2510 2469 2703 2552 parit.
2793 2468 2961 2535 Inde
3016 2471 3216 2535 etiam
3269 2470 3569 2536 eruditur
3627 2469 4076 2553 unusquisque
4121 2469 4205 2535 ad
4249 2490 4478 2535 veram

2515 2556 2621 2621 0111
2661 2555 3194 2639 abnegationem:
3242 2566 3344 2637 ut,
3398 2556 3760 2639 composita
3802 2556 3875 2619 in
3918 2555 4303 2639 obsequium
4344 2555 4478 2620 Dei

2515 2640 2851 2709 voluntate
2868 2693 2883 2719 ,
2960 2643 3244 2726 propriis
3313 2641 3656 2709 desideriis
3722 2640 4065 2708 valedicat.
4154 2641 4478 2724 Denique,

2518 2731 2666 2806 [pag.
2722 2732 2829 2807 33]
2902 2729 3071 2794 sicut
3135 2729 3464 2813 spirituali
3519 2726 3714 2793 modo
3782 2748 3823 2792 a
3885 2727 4075 2793 nobis
4141 2726 4267 2792 ccli
4330 2726 4480 2794 vult

2515 2812 2704 2879 Deus
2721 2863 2737 2891 ,
2793 2814 2887 2877 ita
2942 2815 3015 2878 in
3072 2814 3388 2899 urgendis
3445 2813 3749 2881 omnibus
3805 2813 4141 2879 sacrificiis
4184 2813 4478 2898 spiritua,

2516 2920 2684 2982 quae
2726 2899 2916 2964 nobis
2950 2899 3385 2980 commendat,
3420 2907 3559 2966 toto
3604 2900 3820 2965 studio
3863 2900 4247 2966 insistimus.

2689 2985 2774 3049 In
2796 2984 2899 3049 his
2922 2987 3101 3051 enim
3125 2985 3684 3053 exhortationibus
3706 3007 3827 3051 nos
3862 3006 4005 3051 esse
4042 2984 4355 3063 assiduos,
4391 3005 4479 3050 ne

2516 3070 2877 3138 adversarii
2911 3072 3175 3156 quidem
3216 3074 3424 3139 nostri
3455 3093 3701 3157 negare
3726 3078 4003 3157 possunt
4011 3095 4028 3151 ;
4064 3091 4150 3136 ne
4189 3070 4477 3149 aliunde,

2515 3156 2836 3240 quidquid
2878 3159 3201 3224 bonorum
3240 3158 3618 3224 desiderant
3650 3158 3971 3239 homines,
4016 3178 4215 3241 quam
4258 3177 4298 3221 a
4333 3156 4480 3222 Deo

2517 3249 2901 3326 exspectent
2908 3267 2926 3322 3
2970 3244 3181 3328 ipsius
3222 3246 3557 3328 potentiae
3601 3241 3963 3322 confidant3
4009 3244 4082 3309 in
4123 3243 4330 3327 ipsius
4371 3264 4479 3308 ac-

2515 3330 2858 3413 quiescant
2888 3329 3180 3397 bonitate
3195 3354 3212 3410 3
3248 3330 3333 3395 ab
3367 3331 3577 3414 ipsius
3613 3331 3893 3396 veritate
3926 3328 4290 3413 pendeant;
4336 3335 4480 3394 toto

2512 3413 2728 3482 cordis
2783 3416 3022 3483 affectu
3078 3418 3147 3481 iu
3199 3438 3352 3483 eum
3403 3417 3704 3482 ferantur
3713 3441 3730 3497 3
3785 3415 3984 3500 plena
4039 3437 4153 3499 spe
4200 3415 4272 3479 in
4327 3435 4481 3480 eum

2511 3500 2929 3583 recumbant;
2974 3503 3314 3587 requirant
3354 3505 3574 3586 ipsum
3620 3504 3694 3567 in
3737 3502 4146 3580 necessitate,
4188 3499 4314 3565 hoc
4357 3508 4475 3580 est,

2515 3588 2818 3653 omnibus
2860 3591 3242 3670 momentis3
3296 3589 3466 3655 bona
3508 3589 3729 3654 omnia
3771 3594 4037 3671 accepta
4079 3587 4180 3653 illi
4234 3586 4472 3665 ferant,

2514 3674 2711 3758 idque
2765 3673 2975 3741 laudis
3031 3676 3438 3741 confessione
3491 3681 3837 3741 testentur.
3928 3675 4021 3739 Et
4075 3695 4161 3738 ne
4228 3671 4477 3738 difficili
4594 3751 4606 3760 ·

2518 3780 2782 3827 accessu
2837 3768 3213 3826 terreantur
3229 3813 3244 3840 ,
3311 3760 3718 3828 ostendimus
3785 3762 4105 3827 bonorum
4174 3758 4474 3823 omnium

2516 3847 2763 3912 fontem
2840 3848 2914 3911 in
2987 3846 3258 3913 Christo
3346 3849 3539 3914 nobis
3626 3868 3769 3912 esse
3856 3846 4264 3929 propositum
4284 3896 4298 3922 ‚
4393 3865 4476 3908 ex

2519 3954 2644 4016 quo
2709 3933 3094 4000 hauriamus
3171 3933 3489 4017 quidquid
3549 3933 3740 3998 nobis
3804 3952 3969 4016 opus
4037 3937 4151 3996 est.
4247 3931 4477 3995 Testes

2517 4019 2721 4083 etiam
2764 4025 2922 4084 sunt
2964 4018 3117 4085 libri
3153 4020 3377 4098 nostri,
3425 4024 3625 4084 testes
3668 4018 4031 4096 conciones,
4078 4038 4200 4081 nos
4237 4023 4306 4080 et
4346 4015 4477 4081 fre-

2516 4111 2820 4188 quenter,
2867 4112 2934 4169 et
2973 4104 3220 4184 sedu10,
3265 4105 3647 4171 incumbere
3682 4104 3754 4168 in
3798 4123 3994 4168 verae
4039 4103 4478 4186 poenitentiae

2518 4190 3185 4256 commendationem:
3244 4198 3319 4256 ut
3373 4191 3674 4255 homines
3723 4189 3968 4254 rationi
4013 4210 4088 4254 00
4132 4187 4477 4253 desideriis

2516 4279 2734 4342 carnis
2787 4296 2972 4355 suae,
3031 4277 3280 4360 sibique
3333 4277 3406 4341 in
3460 4282 3677 4342 totum
3728 4275 4149 4355 renuncient,
4210 4294 4338 4358 quo
4393 4271 4479 4338 ad

2491 4364 2712 4428 -11111110
2757 4361 2887 4429 1)οἰ
2940 4363 3327 4446 obsequium
3383 4362 3754 4446 compositi,
3800 4381 3944 4425 11011
4002 4361 4127 4426 01111
4174 4358 4475 4444 amplius,

2516 4448 2633 4515 sed
2685 4447 2783 4512 illi
2839 4449 3089 4516 vivant.
3179 4448 3320 4515 Nec
3373 4469 3533 4515 vero
3577 4455 3856 4514 externa
3898 4447 4113 4512 officia
4152 4444 4477 4512 caritatis-

2516 4555 2643 4618 que
2699 4556 2897 4619 opera
2949 4536 3567 4619 praetermittimus,
3623 4555 3789 4617 quae
3833 4532 4155 4599 eiusmodi
4198 4551 4475 4598 renova-

2514 4621 2764 4686 tionem
2803 4629 3187 4706 sequuntur.
3278 4621 3491 4701 Haec,
3540 4620 3831 4704 inquam,
3876 4627 4056 4684 certa
4100 4624 4201 4682 est
4243 4624 4310 4681 et
4353 4618 4476 4681 mi-

2516 4707 2693 4773 nime
2735 4707 2939 4773 fallax
2983 4705 3238 4774 colendi
3282 4706 3412 4774 Dei
3456 4707 3655 4787 ratio,
3713 4725 3913 4789 quam
3969 4704 4069 4770 illi
4126 4702 4475 4788 approbari

2515 4794 2776 4872 scimus,
2820 4803 3047 4878 utpote
3080 4817 3279 4877 quam
3312 4795 3517 4861 verbo
3552 4814 3669 4859 suo
3705 4789 4215 4875 praescripserit.
4289 4789 4476 4855 Haec

2516 4879 2656 4946 sola
2699 4887 2856 4946 sunt
2910 4880 3306 4947 christianae
3363 4880 3673 4946 ecclesiae
3717 4877 4066 4957 sacrificia,
4120 4897 4288 4960 quae
4344 4882 4475 4941 tes-

2513 4966 2869 5032 timonium
2912 4966 2995 5032 ab
3039 4987 3115 5032 00
3156 4966 3458 5033 habeant.
4371 5015 4381 5023 .

2691 5050 2917 5132 Quum
2970 5073 3128 5137 ergo
3184 5051 3493 5118 adoretur
3547 5052 3621 5116 in
3677 5048 3969 5117 ecclesiis
4014 5050 4259 5115 nostris
4303 5067 4473 5112 unus

2515 5138 2703 5205 Deus
2726 5160 2892 5223 puro
2922 5140 3073 5217 ritu,
3105 5138 3155 5222 ¹)
3192 5145 3259 5203 et
3294 5139 3539 5221 absque
3574 5135 3714 5202 ulla
3750 5134 4232 5219 superstitione,
4271 5153 4473 5216 quum

2655 5411 2715 5480 1)
2753 5412 2844 5482 pio
2881 5414 2988 5468 ritu
3022 5410 3162 5466 1576
3194 5426 3338 5482 seqq.
