4999 6179
587 416 713 481 383
1857 466 1868 479 .
1896 411 2428 481 RESPONSIO
2471 412 2852 480 CONTRA
2891 411 3311 481 PIGHIUM
4477 415 4603 479 384

584 606 817 670 tritum
879 604 1116 687 spiritu
1186 603 1343 674 (Ies.
1392 607 1494 683 66,
1543 603 1656 688 2)?
1747 603 2096 670 Neminem
2166 603 2347 670 istud
2413 603 2538 668 im-

582 690 802 775 pediet
864 691 974 774 qui
1042 691 1361 756 memoria
1437 691 1715 769 tenebit,
1798 690 1970 772 quod
2035 688 2537 769 observandum,

584 778 868 860 quodam
921 776 1365 842 Institutionis
1421 798 1606 841 meae
1655 777 1827 855 loce,
1898 776 2118 842 docui:
2189 775 2541 860 dupliciter

585 865 807 929 Deum
861 863 944 928 ad
1010 861 1309 927 homines
1364 864 1719 945 respicere,
1790 870 1866 927 ut
1916 885 2026 928 eos
2090 862 2542 928 misericordia

585 971 706 1015 sua
760 948 1086 1034 dignetur.
1178 949 1362 1015 Dicit
1401 950 1671 1026 Petrus,
1728 972 1798 1015 se
1852 951 1926 1014 in
1971 949 2261 1015 Cornelii
2316 969 2540 1013 exem-

511 1042 514 1047 ’
583 1036 692 1120 plo
726 1056 1013 1115 cernere,
1060 1056 1195 1099 non
1231 1056 1375 1100 esse
1406 1036 1850 1118 accept-ionem
1885 1056 2320 1118 personarum
2364 1034 2540 1118 apud

583 1123 836 1202 Deum,
879 1122 1036 1205 quia
1075 1121 1171 1185 illi
1217 1132 1520 1206 acceptus
1563 1123 1650 1185 sit
1693 1142 1778 1186 ex
1821 1123 2110 1205 qualibet
2196 1130 2382 1199 ente,
2426 1122 2541 1204 qui

585 1210 779 1274 faciat
860 1209 1102 1272 bonum
1181 1208 1358 1291 (Act.
1427 1212 1537 1286 10,
1611 1208 1738 1287 34).
1841 1211 1933 1273 At
2018 1208 2163 1274 Pau
2192 1230 2269 1273 us
2361 1207 2540 1284 dicit,

589 1306 746 1359 tunc
821 1294 1024 1359 fuisse
1065 1294 1516 1365 reconciliatos
1573 1294 1716 1359 Deo
1765 1295 2133 1367 Romanos,
2194 1316 2394 1377 quum
2440 1315 2543 1358 es-

584 1394 730 1446 sent
787 1381 928 1446 eius
987 1380 1265 1458 inimici,
1322 1392 1388 1443 et
1444 1380 1637 1445 alieni
1686 1380 1768 1444 ab
1819 1382 1958 1445 eius
2012 1380 2264 1445 iustitia
2319 1380 2541 1462 (Rom.

586 1473 642 1543 5,
690 1470 825 1549 10):
891 1467 1273 1532 iustificatos
1327 1467 1528 1531 fuisse
1576 1465 1980 1545 Corinthios,
2041 1488 2244 1549 quum
2299 1472 2545 1531 scorta-

585 1564 759 1619 tores
804 1562 1054 1631 essent,
1101 1562 1168 1621 et
1211 1551 1467 1631 ebriosi,
1526 1564 1592 1618 et
1624 1552 1944 1630 adulteri,.
1985 1566 2102 1617 aut
2155 1553 2302 1618 aliis
2355 1552 2544 1635 flagi-

582 1640 694 1719 tiis
767 1640 1098 1721 inquinati
1174 1639 1236 1721 (l
1293 1638 1440 1703 Cor.
1512 1643 1578 1717 6,
1625 1639 1790 1722 '11);
1870 1646 2164 1722 receptos
2242 1639 2314 1703 in
2393 1658 2544 1723 gra·

584 1727 744 1791 tiam
800 1726 1003 1790 fuisse
1059 1723 1410 1807 Ephesios,
1482 1745 1683 1807 quum
1741 1734 1962 1790 essent
2030 1726 2311 1808 peccatis
2369 1745 2544 1789 mor-

583 1812 711 1891 tui,
767 1813 910 1877 sine
955 1810 1130 1889 De0,
1186 1811 1327 1874 sine
1371 1831 1514 1894 spe,
1572 1832 1777 1893 quum
1832 1813 2048 1877 carnis
2083 1807 2545 1895 concupiscen-

585 1898 696 1964 tiis
753 1896 995 1963 addicti
1043 1895 1331 1961 Satanae
1379 1897 1704 1962 servirent
1748 1897 2023 1981 (Ephes.
2074 1902 2131 1975 2,
2181 1896 2272 1979 l);
2318 1896 2546 1962 Colos-

583 2005 808 2050 senses
861 1983 1088 2060 etiam,
1135 2003 1263 2064 quo
1327 1992 1623 2066 tempore
1668 1981 2017 2048 abalienati
2068 1992 2260 2048 erant
2308 1991 2375 2048 et
2416 1983 2546 2047 ini-

581 2071 735 2137 mici
791 2080 1012 2135 mente
1054 2070 1124 2134 in
1182 2067 1486 2151 operibus
1528 2069 1750 2148 malis,
1807 2069 2010 2135 fuisse
2066 2069 2543 2136 reconciliatos:

582 2177 714 2242 quo
745 2165 1035 2238 tempore
1069 2155 1315 2220 mortui
1347 2163 1540 2220 erant
1580 2177 1699 2240 per
1731 2163 2015 2239 peccata,
2061 2156 2261 2221 fuisse
2294 2157 2362 2220 in
2410 2157 2545 2220 ius-

581 2243 797 2308 titiam
854 2264 930 2307 ac
995 2241 1202 2307 vitam
1269 2241 1587 2307 excitatos
1644 2241 1815 2325 (Col.
1879 2248 1924 2321 l,
1977 2245 2111 2323 21).
2202 2240 2338 2307 Sed
2391 2241 2545 2325 quid

581 2329 777 2413 plura
817 2348 1339 2405 commemorem,
1395 2349 1598 2410 quum
1642 2329 1888 2411 passim
1932 2325 2250 2394 eiusmodi
2282 2336 2546 2393 senten-

572 2416 692 2481 tiis
720 2421 1014 2480 scateant
1035 2414 1175 2480 eius
1203 2413 1585 2496 Epistolae?
1660 2412 1856 2495 Quod
1898 2416 1953 2479 si
1980 2422 2245 2492 taceret,
2283 2414 2425 2479 eius
2447 2422 2546 2479 ta-

580 2523 734 2567 men
790 2501 1156 2578 conversio,
1218 2499 1361 2565 sine
1414 2500 1570 2566 ullis
1628 2501 1877 2576 verbis,
1934 2499 2190 2566 illustre
2248 2508 2351 2566 est
2405 2500 2548 2566 eius

582 2590 680 2653 rei
721 2588 1204 2653 documentum.
1295 2584 1448 2665 Qua
1488 2587 1663 2651 enim
1709 2595 1823 2652 aut
1866 2586 2241 2652 humilitate
2284 2595 2400 2651 aut
2444 2587 2546 2651 sui

583 2673 997 2757 displicentia
1037 2682 1464 2755 praeparatus
1508 2670 1872 2757 benignum
1915 2672 2104 2738 illum
2128 2673 2277 2738 'Dei
2320 2693 2546 2755 aspec-

585 2770 729 2824 tum
776 2758 1154 2842 promeruit,
1202 2766 1276 2822 ut
1322 2779 1441 2823 vas
1483 2759 1824 2825 electionis
1869 2759 2252 2825 vocaretur?
2342 2758 2545 2825 Exci-

585 2847 722 2928 piet
766 2845 1074 2928 Pighius,
1132 2844 1205 2909 in
1247 2844 1392 2927 ipso
1445 2844 1680 2923 fuisse,
1741 2854 1816 2909 ut
1857 2846 1986 2910 Dei
2048 2846 2374 2911 vocationi
2431 2846 2545 2910 ob-

584 2940 1000 3014 temperaret.
1092 2929 1227 2996 Sed
1295 2930 1402 2997 hic
1473 2940 1735 2996 tantum
1793 2931 2205 3013 disputatur,
2273 2953 2360 2997 an
2414 2931 2547 2996 Dei

583 3020 868 3104 gratiam
909 3018 1345 3102 praevenerit.
1437 3014 1836 3101 Quanquam
1878 3017 2161 3096 fallitur,
2207 3019 2319 3102 qui
2356 3024 2550 3102 putat

587 3117 849 3171 tantum
892 3105 1032 3170 eius
1078 3104 1349 3171 auribus
1392 3105 1764 3170 insonuisse
1796 3126 2022 3172 vocem
2066 3104 2275 3170 illam:
2314 3101 2539 3182 Saule,

590 3190 797 3257 Saule
815 3243 830 3270 ,
889 3190 1047 3275 quid
1102 3211 1211 3255 me
1264 3191 1676 3275 persequeris
1735 3191 1913 3274 (Act.
1966 3196 2022 3271 9,
2064 3191 2178 3282 4)?
2240 3213 2374 3257 non
2428 3214 2547 3258 au-

587 3289 723 3342 tem
791 3279 1063 3361 spiritus
1140 3278 1366 3343 sancti·
1412 3277 1791 3360 magisterio
1869 3277 2272 3360 insculptam
2345 3279 2551 3345 fuisse

587 3364 728 3429 eius
802 3363 982 3430 cordi
1055 3361 1458 3429 obedientiae
1528 3364 1771 3447 legem,
1833 3375 1927 3441 ,ut
2000 3365 2301 3449 protinus
2372 3367 2546 3441 facee

588 3466 717 3524 ret,
795 3449 969 3532 quod
1047 3448 1410 3515 iubebatur.
1501 3449 1657 3528 ma,
1737 3451 2009 3534 inquam
2025 3501 2041 3530 ,
2103 3449 2546 3535 inscriptione,

583 3559 721 3602 non
779 3536 970 3601 modo
1028 3558 1111 3601 ex
1166 3535 1429 3601 nolente
1473 3536 1681 3601 factus
1725 3544 1827 3601 est
1869 3537 2127 3614 volens,
2188 3537 2303 3603 sed
2348 3540 2548 3604 etiam

588 3646 671 3689 ex
737 3635 1204 3705 persequutore
1283 3631 1588 3688 sectator.
1608 3623 1660 3704 ¹)
1746 3622 1892 3687 Iam
1958 3622 2116 3705 quid
2192 3624 2317 3689 sibi
2394 3645 2547 3707 pro-

585 3709 848 3793 phetica
898 3709 1017 3774 illa
1076 3715 1143 3774 et
1207 3708 1631 3773 celeberrima
1688 3710 2015 3784 sententia
2069 3710 2239 3775 vult:
2297 3709 2548 3775 Inven-

585 3807 696 3861 tus
776 3817 924 3861 sum
1001 3817 1040 3859 a
1106 3817 1239 3859 non
1322 3792 1792 3876 quaerentibus
1869 3816 1976 3860 me
2053 3795 2208 3879 (Ies,
2266 3801 2365 3873 65,
2432 3796 2546 3878 l)?

585 3889 734 3964 [pag.
784 3885 936 3962 210]
982 3880 1096 3948 Sic
1141 3879 1412 3963 exponit
1458 3879 1818 3963 apostolus:
1865 3880 2040 3964 quod
2084 3894 2334 3966 gentes,
2381 3904 2549 3965 quae

586 3969 905 4035 iustitiam
971 3989 1103 4031 non
1182 3965 1615 4049 quaerebant,
1698 3967 2016 4032 iustitiam
2095 3965 2548 4052 apprehende-

583 4067 747 4128 runt
788 4055 1011 4136 (Rom.
1052 4057 1110 4130 9,
1152 4054 1283 4132 30).
1373 4052 1511 4117 Nec
1554 4052 1684 4118 alio
1737 4055 2261 4137 praeparationis
2306 4076 2547 4138 genere

588 4153 700 4206 aut
759 4139 1097 4205 Abraham
1149 4151 1265 4205 aut
1320 4140 1461 4205 eius
1527 4140 1874 4221 posteritas
1928 4141 2117 4205 initio
2185 4140 2267 4205 ad
2324 4140 2546 4206 Deum

585 4228 1243 4312 appropinquaverat,
1290 4227 1460 4292 sicut
1501 4226 1768 4311 Moyses
1811 4237 1877 4291 et
1919 4226 2126 4296 Iosue¹
2153 4247 2545 4293 commemo·

586 4325 756 4378 rant.
846 4311 973 4377 His
1018 4332 1093 4376 ac
1135 4312 1462 4378 similibus
1508 4313 1893 4378 testimoniis
1937 4312 2050 4396 qui
2094 4333 2230 4378 non
2274 4315 2545 4378 convin-

586 4401 775 4476 citur,
824 4407 897 4462 ut
930 4395 1256 4480 duplicem
1296 4398 1636 4463 hominum
1672 4418 1891 4465 coram
1925 4400 2071 4464 Deo
2103 4400 2546 4483 acceptionem

585 4496 915 4573 agnoscat,
960 4485 1158 4548 nimis
1193 4484 1598 4566 praefractus
1637 4497 1755 4550 est.
1826 4485 2125 4569 Respicit
2166 4506 2323 4570 ergo
2359 4486 2547 4552 Deus

587 4573 825 4639 electos
870 4591 1056 4649 auce,
1103 4570 1548 4652 amplectitur,
1597 4580 1807 4650 amat,
1854 4581 2280 4655 acceptosque
2326 4572 2546 4647 habet,

587 4661 786 4724 etiam
844 4670 999 4723 ante
1044 4657 1453 4724 vocationem
1469 4708 1483 4732 ,
1539 4655 1655 4722 sed
1710 4658 1780 4721 in
1823 4657 2122 4723 Christo:
2172 4679 2281 4724 eos
2322 4666 2548 4725 autem

589 4744 877 4810 vocando
920 4766 991 4809 se
1049 4744 1405 4826 propitium
1449 4743 1608 4826 ipsis
1659 4742 1948 4808 ostendit
1992 4766 2068 4810 ac
2121 4744 2544 4811 benevolum:

592 4831 713 4896 hoc
746 4841 865 4904 est,
901 4850 1194 4895 amorem
1229 4828 1412 4912 ipsis,
1450 4849 1644 4912 quem
1672 4837 1825 4895 ante
1856 4829 2210 4910 deferebat,
2247 4839 2545 4911 testatur,

588 4927 663 4982 ut
697 4937 851 4982 eum
880 4916 949 4980 in
985 4915 1222 4981 animis
1264 4914 1406 4981 suis
1442 4916 1734 4982 sentiant
1768 4937 1973 5000 eoque
2011 4918 2335 4983 fruantur.
2401 4917 2550 4983 Iam

587 5003 848 5070 vocatio
901 5002 1306 5086 poenitentia
1358 5010 1426 5067 et
1479 5001 1609 5067 fide
1667 5010 1940 5068 constat.
2030 5004 2260 5069 Prima
2325 5013 2549 5070 autem

588 5088 1026 5173 poenitentiae
1058 5110 1228 5172 pars,
1274 5088 1382 5153 vel
1411 5088 1629 5171 potius
1663 5088 1926 5154 initium
1960 5097 2079 5164 est,
2116 5089 2352 5155 humili
2394 5090 2549 5155 sub·

587 5179 914 5258 missoque
959 5176 1176 5242 animo
1221 5174 1345 5241 sibi
1404 5173 1765 5257 displicere.
1855 5176 2023 5242 Post
2066 5175 2238 5242 hanc
2283 5175 2552 5241 demum

728 5366 787 5434 1)
819 5365 1112 5420 Editionee
1132 5365 1391 5422 Bezam
1424 5363 2016 5420 &Amscelodameum
2049 5361 2219 5418 malo.-
2252 5367 2547 5429 spectator.

2643 601 3088 668 humilitatem
3130 600 3370 668 dicitur
3403 602 3588 669 Deus
3633 602 3717 669 ad
3761 604 4062 670 homines
4107 625 4212 670 res
4259 605 4450 683 icere,
4497 628 4601 672 re-

2642 689 2885 755 latione
2929 687 3015 755 ad
3060 709 3288 754 eorum
3343 690 3645 755 notitiam
3688 711 4088 772 sensumque
4136 691 4221 755 ha
4265 692 4386 758 ita:
4444 714 4604 775 quo-

2645 777 2825 841 niam
2870 784 3026 841 tunc
3072 797 3142 841 se
3185 774 3316 840 illis
3361 782 3620 858 patrem
3664 776 3968 857 declaret,
4018 798 4303 860 suaeque
4348 779 4605 845 bonita-

2646 862 2731 927 tis
2772 862 3218 927 testimonium
3260 861 3507 926 reddat.

2817 948 3026 1012 Porro
3070 968 3275 1031 quum
3318 947 3637 1015 hactenus
3692 950 3832 1014 sine
3888 952 4022 1015 fine
4066 958 4133 1016 et
4176 951 4368 1016 modo
4412 964 4606 1017 extu-

2645 1034 2800 1099 lerit
2860 1032 3145 1099 hominis
3189 1035 3392 1113 vires,
3450 1056 3628 1100 nunc
3684 1056 3890 1118 quum
3937 1035 4391 1119 demonstrare
4437 1038 4603 1116 vult,

2647 1129 2723 1185 ut
2766 1141 2836 1184 se
2894 1121 3113 1202 ipsum
3167 1119 3249 1184 ad
3295 1121 3515 1186 Deum
3570 1122 3831 1205 proprio
3876 1130 4058 1187 motu
4102 1134 4471 1201 convertat,
4533 1124 4609 1189 li-
4644 1134 4651 1141 ’

2648 1206 2867 1271 berius
2913 1206 3128 1272 adhuc
3172 1205 3398 1285 multo,
3443 1229 3640 1289 quam
3686 1218 3861 1286 ante,
3914 1210 4332 1293 apertiusque
4375 1211 4608 1296 impie-

2649 1297 2855 1356 tatcm'
2890 1314 3077 1357 suam
3111 1291 3346 1375 prodit.
3417 1293 3793 1360 VultDeus
3830 1295 4107 1378 impium
4143 1296 4457 1373 converti,
4501 1298 4608 1361 in-

2648 1379 2818 1461 quit,
2876 1400 3009 1442 non
3064 1388 3290 1444 tamen
3346 1398 3466 1443 sua
3520 1381 3952 1467 omnipotenti
4017 1379 4208 1446 illum
4265 1382 4609 1448 voluntate

2648 1464 2991 1540 convertit,
3037 1464 3153 1529 sed
3196 1472 3272 1528 ut
3305 1486 3378 1531 se
3414 1473 3773 1547 convertat,
3819 1464 4060 1532 invitat
4094 1474 4163 1533 et
4199 1468 4609 1534 adhortatur.

2649 1550 2969 1615 Nostrum
3015 1549 3288 1633 proinde
3332 1560 3434 1618 est
3476 1553 3723 1617 reverti
3766 1561 3837 1618 et
3877 1553 4191 1633 converti,
4240 1555 4261 1617 i
4309 1555 4447 1620 sius
4491 1575 4612 1620 au-

2652 1646 2805 1713 tem,
2854 1646 3261 1702 revertentes
3316 1639 3646 1721 suscipere
3690 1646 3759 1704 et
3801 1640 4150 1705 vivificare.
4309 1638 4451 1718 uid,
4498 1640 4613 1706 ob-

2652 1744 2855 1799 secro,
2903 1722 3274 1805 relinquere
3320 1723 3424 1790 hic
3467 1724 3613 1789 Deo
3656 1724 3950 1804 videtur,
3995 1734 4259 1808 praeter
4301 1727 4616 1792 exhorta-

2652 1807 2941 1874 tionem?
3023 1809 3117 1873 Et
3158 1808 3314 1891 quid
3370 1809 3552 1874 aliud
3607 1811 3680 1875 in
3722 1810 3996 1895 Pelagio
4040 1810 4422 1877 damnatum
4466 1813 4613 1880 est?

2654 1893 2791 1960 Sed
2849 1894 3078 1981 aliquo⁴
3122 1896 3348 1960 statim
3390 1896 3602 1962 colore
3650 1897 3829 1965 hanc
3885 1897 4366 1982 blasphemiam
4413 1902 4614 1984 tegit:

2654 1981 2813 2063 dum
2858 2002 2979 2046 nec
3025 1980 3246 2046 Deum
3287 1982 3477 2048 nobis
3512 1983 3583 2048 in
3618 1985 4046 2050 conversione
4080 1981 4331 2049 fatetur
4366 1985 4615 2065 deesse,

2652 2066 2844 2133 modo
2887 2076 3110 2131 tamen
3198 2068 3405 2133 riores
3445 2068 3573 2152 ipsi
3618 2069 3701 2135 ad
3747 2069 4023 2134 eandem
4066 2091 4399 2137 conemur.
4490 2073 4621 2138 Est

2651 2152 2775 2219 h'oc
2818 2152 3081 2236 quidem
3194 2154 3391 2237 'quid,
3437 2153 3607 2237 quod
3643 2177 3848 2240 quum
3883 2157 4132 2238 priores
4169 2157 4418 2223 homini
4463 2180 4620 2243 par-

2653 2250 2750 2305 tes
2795 2238 3070 2317 dederit,
3116 2241 3509 2323 posteriores
3554 2242 3824 2307 tandem
3871 2243 4016 2308 Deo
4058 2241 4388 2309 concedat.
4453 2244 4621 2311 Fuit

2650 2325 2777 2392 hoc
2821 2324 3182 2391 secundum
3223 2326 3485 2411 Pelagii
3525 2336 3973 2394 commentum
3988 2380 4005 2408 ,
4062 2338 4408 2413 postquam
4450 2330 4622 2396 illud

2650 2419 3012 2478 retractare
3056 2419 3318 2479 coaetus
3352 2413 3585 2492 fuerat,
3633 2413 3968 2493 hominem
4004 2414 4140 2481 suis
4176 2414 4428 2482 viribus
4463 2439 4619 2500 per·

2652 2498 2882 2564 venire
2926 2497 3011 2563 ad
3055 2498 3263 2563 vitam
3319 2507 3655 2565 aeternam
3699 2505 3849 2580 [pag.
3889 2514 3922 2564 2
3938 2516 3963 2565 1
3980 2505 4040 2581 1]
4087 2523 4295 2585 posse.
4378 2500 4619 2584 Quan-

2651 2606 2849 2667 quam
2902 2583 3099 2668 paulo
3149 2593 3299 2668 post
3347 2607 3431 2651 ne
3491 2585 3762 2652 dimidio
3819 2586 4084 2669 quidem
4139 2588 4618 2673 pelagianismo

2650 2680 3038 2737 contentum
3083 2691 3155 2736 se
3209 2693 3351 2737 esse
3406 2673 3736 2755 exprimit.
3826 2672 4003 2738 Nam
4060 2695 4264 2756 quum
4308 2674 4456 2741 vult
4499 2676 4619 2743 de-

2649 2758 2844 2822 finire
2889 2755 3171 2839 qualiter
3214 2779 3333 2823 nos
3377 2768 3723 2825 convertat
3766 2758 3956 2826 Deus
3970 2811 3987 2838 ,
4033 2782 4189 2839 sua,¹
4216 2760 4454 2845 inquit,
4498 2763 4621 2829 bo-

2650 2844 2859 2908 nitate
2903 2852 2973 2906 et
3004 2843 3337 2926 patientia,
3375 2865 3508 2909 non
3541 2846 3765 2910 statim
3802 2841 3924 2911 nos
3958 2847 4256 2928 punienS,
4295 2846 4412 2913 sed
4447 2849 4620 2916 dans

2652 2938 2911 3012 tempus
2955 2938 3023 2994 et
3061 2928 3279 2997 locum
3321 2931 3794 3013 poenitentiae:
3841 2931 3926 2995 ad
3970 2931 4151 3013 haec,
4193 2932 4425 2999 multis
4473 2954 4621 2999 me-

2651 3014 2778 3080 diis
2833 3024 2900 3079 et
2955 3016 3402 3083 occasionibus
3418 3068 3435 3097 ,
3497 3014 4063 3084 exhortationibus
4080 3070 4099 3098 ,
4152 3018 4490 3087 beneficiis
4549 3033 4624 3087 et

2650 3102 2928 3187 flagellis
2979 3101 3064 3168 ad
3121 3102 3399 3169 eandem
3442 3124 3564 3169 nos
3605 3124 3972 3188 provocans
3985 3157 4001 3184 ,
4057 3104 4447 3187 sollicitans,
4496 3109 4622 3174 sti-

2651 3188 2930 3254 mulans.
3009 3189 3143 3256 Hic
3188 3210 3345 3256 vero
3388 3197 3563 3256 totus
3607 3199 3675 3256 et
3715 3191 3976 3276 integer
4018 3191 4330 3277 Pelagius
4374 3216 4501 3260 sua
4544 3196 4624 3262 in

2651 3275 2904 3341 coelum
2964 3275 3310 3360 sacrilegia
3374 3277 3636 3342 evomit.
3746 3276 4049 3343 Externa
4107 3279 4285 3344 enim
4347 3287 4623 3347 tantum

2651 3358 2870 3428 media
2918 3364 3134 3445 ponit,
3189 3362 3426 3445 quibus
3482 3363 3724 3428 invitat
3780 3362 3966 3429 Deus
4023 3364 4352 3446 homines,
4413 3374 4623 3450 atque

2654 3450 2757 3514 bis
2815 3447 3095 3512 includit
3154 3455 3363 3513 totam
3419 3448 3866 3515 conversionis
3924 3451 4235 3534 gratiam:
4297 3450 4378 3516 de
4440 3453 4624 3519 inte-

2651 3536 2825 3599 riore
2884 3532 3098 3600 cordis
3152 3543 3337 3598 motu
3354 3585 3368 3614 ‚
3425 3533 3507 3600 de
3563 3536 3989 3601 renovatione
4037 3536 4338 3620 spiritus,
4396 3538 4625 3604 altum

2653 3620 3010 3687 silentium.
3099 3620 3330 3704 Neque
3385 3642 3544 3686 vero
3588 3642 3784 3687 causa
3828 3629 3961 3702 est,
4019 3642 4137 3687 cur
4180 3624 4450 3689 minime
4497 3647 4627 3691 ne-

2652 3727 2811 3791 gare
2840 3727 2910 3771 se
2945 3707 3441 3790 tergiversetur,
3478 3713 3809 3792 utcunque
3845 3708 4049 3773 sileat.
4110 3709 4387 3775 Modum
4412 3712 4625 3790 enm,

2652 3815 2780 3877 quo
2821 3813 2940 3857 nos
2984 3794 3306 3859 convertit
3339 3794 3543 3872 Deus,
3593 3793 4037 3861 definiendum
4081 3796 4367 3878 suscipit.
4443 3797 4630 3863 Pro-

2654 3879 2827 3964 inde,
2853 3877 2972 3942 tali
2996 3877 3374 3944 definitione
3396 3881 3627 3962 posita,
3642 3889 3848 3946 totam
3862 3881 4076 3947 cordis
4098 3881 4627 3964 innovationem,

2651 3987 2817 4050 quae
2861 3965 2938 4029 fit
2980 3986 3222 4030 arcana
3265 3965 3535 4050 spiritus
3579 3966 3793 4032 sancti
3838 3966 4100 4047 virtute,
4147 3966 4455 4033 excludit.
4524 3973 4631 4038 Et

2651 4063 2894 4129 tamen,
2942 4052 2997 4116 si
3040 4053 3182 4115 Deo
3228 4052 3459 4134 placet,
3504 4051 3589 4117 ad
3630 4063 3767 4117 tam
3807 4053 4024 4119 clarae
4058 4074 4443 4137 crassaeque
4485 4057 4629 4123 im-

2651 4139 2914 4222 pietatis
2949 4139 3532 4217 confirmationem,
3577 4160 3661 4204 ex
3696 4140 4041 4222 scripturis
4073 4140 4633 4224 suffragationem

2652 4225 2940 4308 aliquam
2996 4233 3313 4309 corrogat.
3403 4223 3596 4305 Quod
3651 4246 3721 4290 se
3774 4226 4045 4308 incipiat
4096 4225 4292 4291 homo
4334 4247 4631 4297 conver-

2653 4320 2822 4389 tere,
2867 4312 3083 4394 inquit
3101 4362 3116 4385 ,
3154 4310 3444 4376 habetur
3486 4309 3661 4395 apud
3702 4310 4087 4377 Ieremiam:
4146 4310 4222 4377 Si
4266 4325 4633 4383 converte-

2655 4398 2766 4476 ris,
2804 4405 3185 4463 convertam
3221 4407 3284 4461 te
3321 4396 3479 4482 (Ier.
3514 4402 3610 4476 15,
3648 4397 3770 4482 19).
3838 4397 3987 4463 Illic
4020 4397 4411 4481 prophetam
4449 4403 4632 4468 allo-

2655 4484 2879 4568 quitur
2920 4483 3134 4564 Deus,
3202 4485 3313 4567 qui
3367 4482 3600 4548 ultima
3650 4504 3854 4566 prope
3899 4481 4352 4566 desperatione
4380 4496 4632 4560 ,tentam

2655 4581 2762 4636 tus
2777 4622 2793 4650 ,
2851 4590 3076 4636 secum
3130 4569 3360 4635 multis
3412 4570 3695 4652 querelis
3753 4568 4303 4651 expostulaverat.
4403 4573 4636 4641 Novis

2654 4676 2813 4742 ergo
2869 4653 3021 4721 eum
3075 4656 3615 4740 promissionibus
3677 4653 3760 4718 ad
3813 4653 4253 4738 colligendum
4312 4661 4635 4727 animum

2652 4744 2901 4809 incitat.
2967 4740 3081 4808 Sic
3127 4740 3346 4817 autem
3394 4740 3639 4806 habent
3679 4739 3899 4819 verba,
3945 4742 4001 4806 si
4044 4742 4173 4807 rite
4215 4745 4363 4826 quis
4403 4747 4639 4813 inter.

2654 4837 2976 4913 pretetur:
3036 4826 3114 4893 Si
3171 4848 3474 4892 reversus
3526 4826 3775 4910 fueris,
3833 4833 3902 4891 et
3953 4830 4196 4895 reverti
4252 4838 4317 4894 te
4372 4834 4632 4913 fecero,

2654 4924 2809 4981 ante
2851 4914 3087 4980 faciem
3143 4932 3355 4978 meam
3410 4910 3641 4992 stabis3
3702 4913 3758 4976 si
3812 4915 4171 4995 pretiosum
4226 4938 4265 4981 a
4308 4917 4426 4984 vili
4476 4918 4635 4986 dis-

2654 5000 2944 5068 creveris
2959 5049 2976 5078 ,
3034 5000 3162 5062 eris
3217 4997 3398 5081 quasi
3456 5019 3529 5062 os
3581 5020 3822 5063 meum.
3913 4997 4092 5081 Quia
4147 5023 4452 5071 successu
4502 5006 4635 5072 de-

2655 5087 2837 5154 stitui
2861 5105 2930 5149 se
2968 5081 3217 5162 videns,
3261 5084 3557 5149 animum
3591 5083 4046 5168 desponderat,
4091 5108 4166 5155 ac
4189 5090 4466 5173 perinde
4498 5115 4639 5160 va-

2651 5173 2875 5236 cillare
2919 5176 3251 5252 coeperat,
3305 5170 3487 5253 quasi
3532 5171 3661 5236 Dei
3726 5173 4065 5254 promissis
4106 5196 4230 5241 sua
4273 5199 4407 5242 non
4450 5199 4639 5244 con·

2653 5263 2861 5322 staret
2901 5253 3066 5321 fides
3081 5307 3095 5332 ,
3150 5255 3321 5323 hanc
3366 5255 3870 5323 haesitationem
3913 5267 3980 5324 et
4023 5259 4457 5328 diffidentiam
4512 5287 4638 5332 re-

2654 5340 3010 5426 prehendit
3051 5342 3412 5408 Dominus:
3469 5352 3695 5427 postea
3747 5353 3891 5422 tum
3937 5345 4022 5411 ad
4064 5346 4219 5413 fidei
4273 5349 4637 5418 fortitudi-

4978 96 4992 449 *dn-d———2
