4999 6179
604 434 728 496 355

603 627 749 683 tum
802 618 1016 683 fuerit.
1107 618 1454 700 Loquatur
1510 640 1687 685 nunc
1738 618 2178 702 Augustinus.
2203 618 2252 699 ¹)
2342 603 2583 682 Com-⁸

651 725 769 770 ens
812 702 1144 787 quandam
1190 704 1584 770 sententiam
1601 757 1617 784 ,
1679 725 1846 789 quae
1888 705 2112 769 minus
2156 703 2566 769 considerate

655 791 779 857 ’010
819 789 1062 855 fuerat:
1124 788 1644 874 Congruentius,
1689 791 1937 873 inquit,
1985 788 2112 855 hoc
2149 789 2361 867 modo,
2405 788 2566 854 defi-

604 877 745 941 nita
796 876 927 941 Dei
980 875 1354 956 voluntate,
1411 884 1484 941 ut
1537 898 1622 943 ex
1673 876 2063 942 infidelitate
2106 875 2426 942 veneritis
2479 874 2567 957 ad

605 960 800 1028 fidem
820 1013 835 1040 ,
882 969 1152 1046 accepta
1193 962 1535 1027 voluntate
1578 960 1915 1028 obediendi
1932 1014 1948 1041 ,
1995 970 2064 1026 et
2107 968 2375 1045 accepta
2415 981 2566 1044 per-

606 1049 984 1115 severantia
1036 1049 1357 1112 maneatis
1411 1050 1484 1113 in
1536 1048 1682 1114 fide.
1773 1048 1967 1112 Item:
2029 1048 2239 1112 Istam
2283 1047 2568 1131 gratiam

605 1155 741 1201 non
783 1133 1016 1200 habuit
1058 1135 1315 1216 primus
1358 1134 1573 1211 homo,
1620 1156 1749 1218 000
1791 1153 2135 1217 nunquam
2177 1133 2382 1198 vellet
2425 1153 2568 1198 esse

604 1220 840 1299 malua,
887 1220 1001 1285 sed
1047 1219 1293 1297 habuit,
1340 1221 1412 1284 in
1448 1241 1581 1304 qua
1615 1223 1671 1286 si
1704 1240 2093 1305 permanere
2129 1219 2344 1297 vellet,
2391 1239 2565 1283 nun-

607 1326 804 1388 quam
862 1306 1078 1372 malus
1133 1313 1335 1385 esset,
1392 1314 1460 1372 et
1512 1307 1654 1372 sine
1698 1327 1856 1391 qua,
1914 1307 2114 1371 etiam
2158 1326 2311 1371 cum
2357 1304 2565 1370 libero

606 1398 754 1471 [pag.
798 1396 945 1471 170]
1002 1392 1289 1470 arbitrio,
1344 1393 1559 1458 bonus
1604 1414 1746 1458 esse
1788 1412 1924 1457 non
1968 1400 2213 1473 posset,
2260 1390 2374 1456 sed
2420 1411 2567 1455 eam

606 1487 830 1542 tamen
867 1498 985 1560 per
1025 1478 1308 1543 liberum
1344 1479 1693 1544 arbitrium
1732 1477 2033 1544 deserere
2068 1485 2307 1559 posset.
2377 1475 2566 1542 Haec

607 1576 708 1628 est
750 1564 965 1647 prima
1008 1564 1251 1648 gratia,
1310 1585 1479 1648 quae
1569 1566 1736 1630 rimo
1787 1562 2003 1629 Adam
2049 1562 2203 1627 data
2259 1569 2387 1627 est:
2450 1561 2566 1628 sed

608 1649 771 1716 haec
814 1651 1148 1732 potentior
1192 1651 1265 1713 in
1306 1671 1508 1715 secun
1555 1672 1592 1715 o
1636 1650 1883 1715 Adam:
1940 1669 2070 1733 000
2111 1649 2310 1713 011010
2351 1649 2445 1727 fit,
2492 1655 2568 1713 ut

608 1734 797 1813 velit,
854 1744 1241 1819 tantumque
1285 1736 1475 1815 velit,
1534 1744 1848 1819 tantoque
1904 1735 2136 1801 ardore
2180 1732 2443 1818 diligat,
2488 1740 2566 1799 ut

605 1822 826 1887 carnis
869 1822 1282 1888 voluntatem
1341 1824 1672 1887 contraria
1715 1822 2283 1904 concupiscentem
2326 1820 2565 1885 volun·

599 1915 733 1973 tate
789 1908 1060 1991 spiritus
1117 1908 1358 1973 vincat.
1461 1909 1525 1974 N
1526 1930 1600 1975 00
1653 1909 1770 1972 illa
1822 1906 2086 1990 quidem
2145 1926 2356 1989 parva
2400 1913 2561 1985 erat,

601 2014 732 2077 qua
792 1993 1244 2059 demonstrata
1298 2001 1400 2059 est
1449 1994 1743 2077 potentia
1802 1993 1993 2059 liberi
2051 1991 2334 2058 arbitrii:
2404 2012 2562 2074 quo·

600 2079 780 2143 niam
827 2080 922 2144 810
964 2077 1413 2158 adiuvabatur,
1459 2087 1536 2145 ut
1579 2081 1722 2147 sine
1759 2077 2236 2145 hoc-adiutorio
2283 2079 2354 2142 in
2389 2077 2563 2143 bono

599 2186 732 2230 non
777 2174 1101 2241 maneret,
1158 2164 1273 2230 sed
1324 2166 1448 2231 hoe
1505 2167 1908 2232 adiutorium
1963 2167 2019 2231 si
2059 2164 2262 2230 vellet
2306 2164 2564 2229 desere-

601 2261 721 2315 ret.
823 2250 1009 2316 Haec
1063 2258 1284 2316 autem
1347 2260 1535 2317 tanto
1601 2253 1809 2317 maior
1861 2258 1997 2331 est,
2055 2255 2134 2315 ut
2186 2271 2420 2333 parum
2475 2251 2566 2316 sit

603 2337 871 2415 homini,
907 2358 1028 2421 per
1067 2336 1250 2401 illam
1287 2357 1593 2421 reparare
1633 2336 1960 2422 perditam
2001 2334 2400 2413 libertatem;
2446 2358 2564 2420 pa-

601 2445 749 2488 rum
795 2423 882 2488 sit
925 2421 1207 2506 denique
1251 2445 1386 2488 non
1432 2445 1622 2507 posse
1667 2425 1809 2489 sine
1850 2422 1997 2503 illa,
2040 2422 2150 2490 vel
2193 2422 2563 2505 apprehen-

602 2508 755 2575 dere
794 2509 1068 2587 bonum,
1129 2509 1240 2574 vel
1295 2530 1683 2591 permanere
1726 2510 1796 2573 in
1839 2507 2036 2587 bono,
2094 2509 2153 2573 si
2194 2509 2388 2588 velit,
2434 2508 2567 2574 nisi

600 2596 802 2659 etiam
846 2595 1172 2660 efficiatur
1231 2604 1306 2659 ut
1349 2595 1529 2662 velit.
1619 2595 1817 2660 Nunc
1878 2602 2100 2660 autem
2152 2595 2387 2677 quibus
2429 2616 2564 2659 non

603 2680 801 2745 datur
841 2680 975 2744 tale
1019 2680 1422 2745 adiutorium
1463 2702 1678 2765 poena
1719 2689 1849 2761 081;
1895 2682 2133 2764 quibus
2179 2687 2403 2745 autem
2447 2680 2565 2746 da-

601 2774 733 2843 tur,
778 2765 1139 2830 secundum
1194 2767 1476 2850 gratiam
1519 2767 1746 2847 datur,
1791 2786 1931 2832 non
1975 2765 2334 2832 secundum
2383 2766 2566 2856 debi-

602 2860 765 2931 tum,
812 2857 880 2915 et
922 2857 1106 2916 tanto
1150 2852 1433 2936 amplius
1477 2853 1703 2929 datur,
1751 2853 1984 2936 quibus
2028 2854 2186 2918 dare
2231 2854 2378 2918 Deo
2422 2852 2566 2936 pla-

601 2936 739 3004 cuit
755 2988 771 3015 ,
817 2944 893 3001 ut
934 2957 1070 3002 non
1126 2937 1337 3004 solum
1378 2939 1580 3019 adsit,
1648 2940 1792 3005 sine
1833 2960 1960 3022 quo
2003 2959 2388 3021 permanere
2431 2960 2565 3004 non

599 3044 965 3109 possumus,
1009 3025 1210 3087 etiam
1255 3025 1311 3089 si
1353 3025 1651 3107 velimus,
1697 3025 1812 3092 sed
1858 3031 2119 3091 tantum
2163 3045 2239 3091 00
2281 3024 2414 3091 1010
2456 3025 2562 3105 811,

599 3117 677 3176 01
719 3110 1017 3178 velimus.
1106 3110 1234 3175 Est
1275 3113 1513 3197 quippe
1556 3114 1628 3177 in
1668 3111 1861 3178 nobis
1903 3133 2022 3195 per
2066 3112 2239 3179 11000
2282 3113 2566 3196 gratiam

601 3198 674 3262 in
726 3197 898 3263 bono
954 3196 1327 3280 recipiendo
1381 3207 1450 3264 et
1504 3210 2009 3282 perseveranter
2062 3198 2375 3278 tenendo,
2427 3219 2564 3264 non

604 3281 819 3349 solum
874 3302 1068 3366 posse
1123 3284 1299 3365 quod
1351 3285 1690 3365 volumus,
1748 3284 1863 3351 8οᾶ
1918 3284 2118 3350 011010
2172 3285 2344 3352 velle
2389 3284 2563 3367 quod

649 3388 966 3433 ossumus.
1035 3368 1127 3432 Et
1169 3370 1455 3452 plurima
1495 3372 1568 3436 in
1605 3370 1889 3438 eundem
1926 3392 2216 3436 sensum.
2281 3371 2560 3456 Item22)

657 3454 680 3518 i
725 3453 914 3520 nobis
958 3453 1165 3519 libera
1206 3458 1527 3540 quaedam
1572 3480 1655 3524 ex
1698 3459 1844 3523 Deo
1888 3457 1976 3522 sit
2018 3458 2353 3536 voluntas,
2391 3479 2561 3541 quae

601 3541 711 3605 vel
758 3540 931 3606 bona
969 3542 1178 3623 possit
1219 3564 1393 3622 esse,
1441 3543 1546 3608 vel
1591 3543 1797 3623 mala,
1845 3545 2015 3608 bona
2058 3554 2277 3609 autem
2326 3545 2560 3609 volun-

601 3635 706 3692 tas
749 3646 833 3691 ex
876 3627 1064 3693 nobis
1108 3635 1227 3706 est,
1271 3630 1510 3695 melius
1552 3637 1653 3694 081
1695 3627 1868 3712 00οᾶ
1912 3629 2229 3696 1101101008
2272 3650 2312 3693 0
2355 3630 2563 3708 001118,

604 3733 802 3794 quam
861 3712 1031 3796 quod
1094 3712 1413 3780 habemus
1469 3737 1555 3780 ex
1608 3714 1773 3780 Deo.
1876 3715 1956 3780 Id
2013 3717 2229 3798 ipsum
2274 3715 2357 3780 ad
2413 3736 2563 3799 per-

603 3799 1045 3864 severantiam
1089 3800 1403 3865 extendo:
1449 3809 1525 3866 ut
1568 3802 1743 3868 810111
1782 3802 2067 3880 initium,
2111 3802 2209 3865 ita
2251 3807 2318 3865 et
2362 3801 2564 3866 bono-

601 3906 753 3949 rum
805 3906 1076 3968 operum
1140 3887 1690 3971 complementum
1746 3887 1828 3953 ab
1885 3908 2018 3953 uno
2072 3888 2217 3953 Deo
2259 3886 2560 3970 pendeat.

603 3968 718 4036 Sic
762 3979 988 4036 autem
1030 3975 1405 4039 confirmari
1449 3976 1699 4040 virtute
1738 3974 1870 4039 Dei
1915 3973 2278 4053 hominem,
2319 3994 2404 4038 110
2449 3973 2562 4038 de-

601 4057 800 4134 ficiat,
848 4065 924 4122 ut
965 4061 1321 4126 continuus
1366 4081 1571 4144 usque
1615 4059 1700 4125 ad
1742 4059 1918 4125 vitae
1973 4061 2172 4125 finem
2213 4060 2300 4125 sit
2340 4079 2565 4125 merae

603 4153 672 4207 et
713 4142 1046 4209 indebitae
1104 4147 1358 4230 gratiae
1418 4156 1623 4213 tenor.
1713 4146 1943 4229 Neque
1987 4147 2322 4229 cooperari
2364 4167 2448 4211 ex
2492 4166 2564 4211 se

603 4228 940 4293 hominem
986 4232 1150 4312 Deo,
1197 4241 1272 4297 ut
1308 4232 1555 4317 aliquid
1590 4230 1671 4297 de
1715 4252 1835 4297 8110
1872 4230 2247 4311 admisceat,
2285 4231 2401 4298 8οᾶ
2444 4253 2563 4315 pro

602 4335 914 4380 mensura
971 4316 1182 4383 solum
1240 4339 1436 4401 quam
1483 4319 1757 4401 aceepit:
1819 4328 1899 4382 ut
1953 4339 2085 4383 11011
2143 4318 2334 4383 011101·
2388 4329 2561 4402 agat,

603 4401 732 4466 nisi
777 4401 993 4484 quoad
1037 4402 1346 4487 agitatur.
1436 4406 1541 4470 De
1587 4404 1709 4470 1100
1752 4405 1950 4470 etiam
1989 4425 2096 4470 res
2183 4403 2386 4470 ndeat
2418 4408 2562 4470 Au·

603 4487 925 4570 guatinus.
947 4488 1005 4571 3)
1095 4487 1438 4570 Quomodo
1479 4511 1612 4556 non
1649 4499 1753 4557 est
1791 4491 2046 4574 gratiae
2159 4491 2237 4569 ei,
2279 4511 2415 4556 non
2458 4512 2562 4556 80-

602 4572 741 4638 1010
787 4573 1098 4641 credendi
1134 4575 1442 4642 voluntas
1478 4575 1560 4641 ab
1603 4577 1806 4655 initio,
1853 4574 1968 4642 8οᾶ
2002 4597 2209 4660 08000
2243 4576 2317 4641 10
2360 4578 2563 4643 finem

600 4662 1126 4743 perseverantia,
1185 4683 1390 4745 quum
1433 4662 1586 4728 finis
1628 4664 1771 4746 ipse
1815 4663 1994 4727 vitae
2040 4669 2189 4744 [pag.
2233 4667 2381 4744 171]
2427 4685 2561 4730 000

599 4747 672 4809 10
712 4745 1027 4826 1101111018,
1084 4746 1201 4814 8οᾶ
1244 4749 1373 4814 Dei
1418 4749 1506 4814 sit
1550 4756 1903 4831 potestate,
1961 4756 2030 4813 et
2084 4749 2290 4832 possit
2333 4750 2562 4834 utique

601 4830 784 4897 Deus
827 4854 957 4898 non
1001 4843 1502 4916 perseveraturo
1540 4835 1661 4900 hoc
1695 4835 1896 4899 etiam
1932 4836 2245 4913 conferre,
2291 4857 2376 4902 ne
2420 4858 2561 4902 ma-

600 4915 744 4982 litia
782 4925 997 4983 mutet
1038 4940 1149 4985 cor
1205 4919 1392 4986 eius?
1481 4920 1769 5006 11011114)
1827 4922 2095 4987 Donum
2149 4921 2280 4988 Dei
2325 4923 2561 4990 asseri-

736 5088 795 5155 1)
832 5088 914 5143 De
961 5090 1103 5146 bono
1137 5108 1412 5159 persever.
1458 5092 1528 5146 ad
1562 5092 1733 5147 Hilar.
1770 5099 1827 5148 et
1870 5092 2125 5164 Prosper.
2173 5109 2291 5162 cap.
2329 5093 2416 5149 22.
2473 5094 2557 5148 De

596 5173 742 5213 corr.
777 5166 833 5214 et
867 5168 1007 5240 grat.
1043 5176 1161 5229 cap.
1201 5159 1286 5214 11.

735 5226 798 5292 2)
833 5226 952 5282 Lib.
985 5226 1035 5280 2.
1073 5228 1141 5282 de
1176 5235 1384 5297 peccat.
1420 5230 1593 5284 merit.
1631 5237 1688 5285 et
1721 5232 1932 5287 remiss.
1969 5247 2093 5302 cap.
2132 5231 2216 5285 18.

737 5295 796 5360 3)
833 5296 1012 5365 Epist.
1050 5295 1166 5351 107.
1206 5297 1274 5352 ad
1309 5297 1560 5353 vitalem.

737 5365 798 5433 4)
839 5367 919 5420 De
958 5365 1102 5421 bono
1138 5383 1416 5437 persever.
1450 5368 1520 5422 ad
1555 5369 1811 5439 Prosper.
1850 5375 1907 5424 01
1941 5369 2048 5424 Hil.
2082 5370 2135 5423 in
2174 5369 2400 5438 princip.

1913 426 2287 495 RESPON
2289 426 2443 495 810
2491 426 2870 494 CONTRA
2911 427 3329 497 PIGHIUM

4504 427 4628 489 356

2672 636 2848 696 mus,
2904 637 3048 682 esse
3113 617 3679 701 perseverantiam
3731 637 3812 681 08
3855 635 3940 680 00
3997 613 4079 679 ad
4133 616 4352 681 finem.
4454 616 4518 682 N
4520 634 4631 679 am

2672 723 2878 785 quum
2922 702 3106 769 dicit:
3166 703 3499 768 Timorem
3554 723 3780 768 meum
3868 700 3991 766 abo
4036 700 4107 765 in
4160 700 4360 767 eorda
4403 723 4629 767 eorum

2673 788 2831 871 (Ier.
2874 793 2975 864 32,
3015 791 3158 871 40),
3217 789 3375 872 quid
3432 787 3612 854 aliud
3655 797 3784 868 est,
3840 808 4040 870 quam
4083 796 4313 854 tantus
4357 808 4433 854 00
4476 788 4629 855 talis

2672 875 2800 937 erit
2853 874 3054 939 timor
3105 894 3301 958 quem
3358 875 3554 953 dabo,
3612 883 3690 938 ut
3742 874 3905 938 mihi
3959 885 4460 956 perseveranter
4514 874 4630 939 ad-

2673 959 3034 1025 haereant?
3124 959 3233 1026 Ad
3278 961 3458 1042 haec,
3504 982 3710 1043 quum
3753 960 4000 1043 ubique
4044 957 4299 1037 doceat,
4345 960 4626 1026 liberum

2670 1045 2741 1109 in
2784 1046 2998 1130 primo
3041 1045 3307 1112 homine
3343 1046 3709 1125 arbitrium,
3757 1066 3957 1129 quum
3995 1045 4257 1111 salvum
4302 1047 4519 1112 adhuc
4565 1058 4632 1112 et

2669 1132 2999 1197 incolume
3053 1140 3289 1213 staret,
3348 1132 3519 1198 nihil
3571 1140 3798 1198 tamen
3853 1132 4141 1197 valuisse
4194 1133 4337 1198 sine
4382 1133 4626 1218 gratia:

2670 1228 2817 1300 post
2853 1238 3093 1296 casum,
3140 1221 3374 1302 inquit,
3402 1220 3451 1303 ¹)
3495 1240 3629 1284 non
3662 1219 3794 1283 nisi
3838 1217 3922 1282 ad
3958 1239 4145 1283 suam
4230 1220 4465 1284 ratiam
4510 1240 4629 1283 vo-

2670 1303 2796 1367 luit
2836 1305 3022 1369 Deus
3064 1305 3428 1388 pertinere,
3473 1312 3548 1369 01
3591 1305 3787 1370 homo
3831 1303 4098 1370 accedat
4264 1327 4450 1385 eum3
4506 1325 4628 1371 nee

2669 1390 2800 1454 11181
2843 1389 2925 1454 ad
2973 1412 3161 1456 suam
3194 1392 3479 1475 gratiam
3513 1392 3844 1475 pertinere
3878 1390 4105 1469 voluit,
4152 1399 4227 1455 ut
4261 1391 4459 1456 homo
4494 1412 4627 1457 non

2669 1475 2934 1542 recedat
2987 1475 3069 1540 ab
3134 1497 3230 1542 eo.
3328 1477 3530 1542 Item:
3557 1480 3617 1560 2)
3682 1475 3877 1543 Unde
3937 1474 4335 1556 ostenditur,
4403 1486 4471 1542 et
4523 1479 4626 1542 in-

2671 1561 2951 1627 choandi
2969 1614 2983 1639 ,
3050 1571 3118 1627 et
3171 1584 3380 1646 usque
3437 1565 3509 1629 in
3564 1564 3765 1628 finem
3820 1563 4283 1645 perseverandi
4341 1565 4628 1647 gratiam

2670 1669 2801 1712 non
2859 1647 3219 1714 secundum
3277 1651 3514 1714 merita
3567 1657 3795 1715 nostra
3853 1648 4028 1726 dari,
4088 1649 4204 1716 sed
4251 1648 4481 1714 donari
4525 1671 4627 1715 80-

2670 1733 2961 1798 011οᾶ0111
3021 1736 3228 1817 1118108
3283 1737 3819 1813 secretissimam,
3879 1735 4285 1818 eandemque
4344 1736 4628 1801 iustissi-

2668 1838 2865 1898 mam,
2905 1820 3584 1901 beneficentissimam,
3622 1821 4171 1904 sapientissimam
4196 1822 4626 1888 voluntatem.

2667 1905 2957 1990 1101013)
3012 1906 3199 1973 Haec
3256 1916 3414 1974 sunt
3455 1908 3626 1973 dona
3669 1906 3828 1985 Dei,
3883 1929 4052 1990 0000
4097 1907 4342 1972 dantur
4384 1908 4626 1983 electis,

2669 1992 3033 2058 secundum
3076 1992 3205 2059 Dei
3261 1994 3667 2079 propositum
3710 1995 3986 2059 vocatis:
4046 1995 4116 2057 in
4160 1995 4393 2076 quibus
4440 1993 4628 2059 donis

2671 2088 2770 2144 est
2824 2086 2891 2144 et
2943 2080 3233 2162 incipere
3286 2081 3581 2159 credere,
3639 2088 3707 2144 et
3762 2100 3967 2163 usque
4022 2079 4107 2143 ad
4161 2081 4363 2145 finem
4405 2100 4628 2163 perse-

2667 2185 2915 2231 verare.
3005 2164 3115 2231 Ita
3170 2165 3501 2233 concludit
3517 2219 3532 2246 ,
3587 2165 3870 2250 gratiam
3939 2166 4182 2231 sanctis
4235 2186 4377 2231 esse
4434 2187 4629 2231 omne

2668 2252 2998 2316 meritum.
3089 2250 3230 2318 Gur
3273 2274 3429 2337 ergo
3473 2252 3637 2316 mihi
3679 2253 3988 2318 irascitur
4030 2251 4342 2336 Pighius,
4387 2252 4442 2317 si
4486 2253 4628 2317 Au-

2668 2337 2921 2486 gusti?ni
2964 2339 3345 2421 patrocinio,
3394 2339 3565 2422 quod
3614 2338 3780 2402 mihi
3823 2348 3962 2403 tam
4006 2337 4369 2403 liberaliter
4411 2338 4623 2415 offert,

2669 2432 2817 2488 utor
2890 2428 2915 2463 ⁴

2841 2424 2987 2575 Heio
3032 2518 3361 2594 postremo
3416 2510 3605 2575 illum
3647 2510 3819 2576 male
3864 2508 4091 2588 habet,
4139 2509 4313 2591 quod
4356 2531 4395 2574 a
4439 2531 4625 2594 rege-

2667 2595 3011 2661 neratione
3076 2595 3336 2662 fidelem
3403 2598 3691 2661 animam
3770 2598 3839 2661 in
3905 2595 4068 2661 duas
4135 2595 4418 2661 divisam
4483 2617 4626 2661 esse

2668 2690 2891 2763 partes
2955 2682 3239 2748 affirmo:
3297 2702 3374 2748 00
3426 2682 3681 2764 0001108
3737 2681 3938 2748 110108
3991 2682 4149 2757 facit
4202 2683 4625 2761 mentionem,

2668 2787 2775 2831 me
2816 2767 3168 2851 imaginari
3211 2778 3326 2834 aut
3368 2768 3696 2833 somniare
3739 2767 3914 2835 dicit.
3982 2768 4170 2834 Haeo
4212 2769 4388 2834 enim
4431 2767 4629 2834 hodie
4666 2786 4671 2793 ·

2667 2852 3190 2918 Βο100000810111
3234 2863 3335 2920 081
3377 2853 3724 2938 theologia,
3767 2853 4141 2920 fabulosum
4185 2855 4454 2941 ducere,
4498 2874 4629 2937 quo

2667 2939 2839 3004 nihil
2902 2938 3291 3004 familiarius
3362 2940 3625 3005 homini
3679 2941 4039 3005 christiano
4093 2941 4431 3024 cognitum
4484 2959 4628 3006 esse

2670 3024 2880 3092 debet.
2982 3023 3118 3092 Sed
3172 3027 3481 3110 quoniam
3535 3026 3746 3093 nihilo
3800 3026 3951 3110 plus
4008 3026 4372 3111 spiritualis
4423 3045 4625 3109 expe-

2669 3112 2948 3178 rientiae
3013 3111 3259 3178 habent
3329 3112 3705 3179 huiusmodi
3772 3113 4101 3192 homines,
4170 3133 4370 3196 quam
4434 3113 4630 3178 bruta

2668 3198 3010 3279 animalia,
3069 3199 3304 3265 saltem
3357 3198 3439 3264 ad
3484 3220 3557 3264 08
3599 3199 3842 3283 Pighio
3886 3198 4358 3264 obstruendum
4403 3199 4627 3264 valeat

2665 3284 2862 3349 Pauli
2917 3286 3254 3350 autoritas,
3360 3283 3587 3367 Quum
3642 3283 3911 3349 dubium
3978 3305 4122 3350 esse
4174 3305 4311 3349 non
4370 3284 4624 3364 debeat,

2666 3372 2827 3453 quin
2864 3371 3144 3454 septimo
3182 3372 3263 3436 ad
3298 3372 3636 3436 Romanos
3672 3371 3886 3454 capite
3919 3371 4276 3455 imaginem
4310 3370 4628 3454 depinxe-

2666 3457 2757 3520 rit
2792 3456 3077 3521 hominis
3117 3457 3500 3541 regenerati,
3539 3456 3884 3523 videamus
3919 3478 4176 3522 annon
4207 3457 4373 3522 illud
4405 3457 4627 3540 ipsum

2668 3542 2840 3625 quod
2885 3542 3028 3608 dico
3072 3562 3147 3607 eo
3192 3543 3331 3608 loco
3374 3541 3456 3607 ad
3502 3542 3729 3607 vivum
3770 3550 4234 3627 repraesentet.
4308 3543 4628 3610 Commu-

2666 3648 2819 3692 nem
2865 3648 3024 3712 ergo
3073 3626 3366 3693 fidelium
3411 3628 3864 3711 captivitatem
3907 3629 3980 3694 in
4023 3649 4144 3696 8110
4185 3651 4468 3713 persona
4512 3629 4627 3696 de-

2667 3714 2911 3798 plorat,
2975 3721 3120 3793 [pag.
3165 3719 3313 3794 172]
3367 3714 3539 3797 quod
3582 3715 3748 3782 velit
3801 3715 4066 3798 quidem
4107 3714 4348 3780 bonum
4398 3724 4467 3781 et
4508 3737 4627 3800 ap-

2666 3807 2868 3884 petat,
2913 3800 3029 3865 sed
3071 3801 3384 3883 perficere
3426 3822 3560 3865 non
3602 3800 3930 3879 inveniat3
3985 3800 4156 3886 quod
4201 3808 4422 3868 mente
4466 3822 4627 3868 con-

2667 3885 2913 3951 sentiat
2953 3886 3087 3971 legi
3131 3887 3291 3966 Dei,
3335 3906 3529 3952 carne
3573 3895 3797 3952 autem
3837 3887 3975 3972 legi
4016 3890 4292 3970 peccati;
4351 3888 4449 3953 ita
4488 3910 4627 3954 non

2666 3972 2864 4038 faciat
2916 3971 3164 4037 bonum
3207 3972 3380 4054 quod
3424 3972 3669 4057 diligit,
3724 3972 3840 4039 sed
3897 3976 4116 4057 potius
4158 3974 4408 4039 malum
4450 3974 4630 4058 quod

2668 4057 2824 4123 odit:
2939 4057 3144 4123 Vides
3221 4059 3735 4125 consentientem
3810 4059 4104 4126 iustitiae
4191 4060 4625 4126 voluntatem.

2667 4143 2863 4211 Unde
2906 4144 3114 4228 igitur
3158 4145 3248 4208 im
3297 4143 3702 4209 edimentum
3719 4197 3733 4224 ,
3775 4147 4127 4228 quominus
4170 4155 4485 4229 sequatur
4527 4147 4628 4212 ef-

2664 4229 2916 4297 feetus?
3006 4230 3071 4294 N
3073 4251 3160 4295 on
3206 4249 3245 4292 a
3273 4230 3471 4296 iunde
3516 4241 3717 4308 certe,
3764 4251 3960 4314 quam
4005 4253 4088 4296 ex
4135 4233 4463 4299 contrario
4506 4232 4628 4298 de-

2667 4315 2925 4382 siderio.
3015 4315 3211 4382 Unde
3273 4338 3468 4401 porro
3535 4316 3933 4382 desiderium
3986 4317 4182 4398 illud,
4250 4319 4379 4384 nisi
4447 4319 4629 4402 quod

2665 4402 2908 4469 veteris
2955 4403 3241 4468 hominis
3284 4402 3599 4485 reliquiae
3641 4403 3714 4467 in
3757 4424 3832 4468 eo
3877 4403 4210 4483 habitant,
4269 4425 4437 4488 quae
4480 4405 4627 4471 luc-

2665 4496 2893 4554 tantur
2957 4487 3273 4554 adversus
3352 4487 3701 4571 spiritum?
3817 4490 4100 4555 Dixerat
4165 4492 4345 4555 enim
4411 4492 4629 4574 capite

2666 4585 2852 4642 sexto
2866 4627 2883 4656 ,
2941 4584 3237 4641 veterem
3292 4574 3629 4639 hominem
3681 4595 3800 4657 per
3852 4595 4110 4643 erucem
4152 4576 4402 4642 Christi
4447 4598 4627 4642 mor-

2664 4671 2859 4728 tuum
2902 4682 3070 4741 esse;
3116 4666 3343 4742 postea
3378 4671 3600 4726 autem
3641 4659 3918 4740 subiicit,
3966 4683 4100 4727 non
4134 4663 4231 4728 ita
4265 4683 4409 4729 esse
4445 4684 4631 4728 mor-

2629 4757 2855 4836 ·tuum
2872 4799 2886 4826 ‚
2950 4748 3112 4830 quin
3155 4754 3485 4813 certamen
3530 4746 3746 4813 adhuc
3789 4755 3857 4812 et
3912 4748 4281 4814 molestiam
4323 4747 4629 4816 facessat.

2665 4835 2862 4900 Nunc
2902 4854 3024 4916 per
3066 4839 3355 4899 veterem
3404 4833 3736 4898 hominem
3774 4833 3929 4918 quid
3963 4834 4313 4919 intelligat,
4356 4857 4441 4902 ex
4477 4836 4632 4900 aliis

2662 4921 2826 4987 locis
2869 4918 3222 5003 colligitur,
3268 4918 3381 4984 ubi
3423 4927 3649 4984 mente
3693 4928 3761 4986 et
3802 4920 3996 4986 corde
4026 4922 4339 4988 renovari
4381 4941 4503 4987 nos
4537 4919 4633 4986 ad

2663 5005 2792 5073 Dei
2835 5006 3192 5091 imaginem
3236 5005 3436 5071 iubet.
3517 5005 3806 5072 Proinde
3848 5008 4095 5073 veteris
4140 5007 4425 5075 hominis
4467 5028 4633 5091 pars

2664 5101 2791 5171 081,
2838 5100 2907 5157 01
2950 5089 3071 5158 sub
3121 5092 3247 5157 hoc
3288 5093 3555 5158 nomine
3608 5095 4009 5174 continetur,
4070 5093 4386 5177 quidquid
4431 5102 4633 5160 extra

2666 5227 2785 5234 μ

2804 5297 2861 5362 1)
2902 5298 3033 5369 Cap.
3070 5297 3118 5353 7.
3325 5296 3387 5366 2)
3422 5297 3552 5368 Cap.
3588 5296 3670 5351 13.

3877 5297 3939 5367 3)
3978 5299 4108 5368 Cap.
4148 5297 4228 5351 17.

2800 5367 2861 5436 4)
2898 5367 2980 5423 De
3018 5373 3253 5438 corrept.
3292 5375 3348 5423 et
3380 5374 3516 5438 grat.
3555 5383 3671 5436 cap.
3712 5365 3760 5421 7.
3864 5433 3865 5436 Ἴ

4642 5789 4986 6139 Il
