<?xml version="1.0" encoding="UTF-8"?>
<!DOCTYPE html PUBLIC "-//W3C//DTD XHTML 1.0 Transitional//EN"
    "http://www.w3.org/TR/xhtml1/DTD/xhtml1-transitional.dtd">
<html xmlns="http://www.w3.org/1999/xhtml" xml:lang="en" lang="en">
 <head>
  <title>
</title>
<meta http-equiv="Content-Type" content="text/html;charset=utf-8" />
  <meta name='ocr-system' content='tesseract 3.04.00' />
  <meta name='ocr-capabilities' content='ocr_page ocr_carea ocr_par ocr_line ocrx_word'/>
</head>
<body>
  <div class='ocr_page' id='page_1' title='image "./ioanniscalvinio00horsgoog_0281.png"; bbox 0 0 4999 6179; ppageno 0'>
   <div class='ocr_carea' id='block_1_1' title="bbox 459 446 584 508">
    <p class='ocr_par' dir='ltr' id='par_1_1' title="bbox 459 446 584 508">
     <span class='ocr_line' id='line_1_1' title="bbox 459 446 584 508; baseline -0.008 0"><span class='ocrx_word' id='word_1_1' title='bbox 459 446 584 508; x_wconf 84' lang='lat'>485</span> 
     </span>
    </p>
   </div>
   <div class='ocr_carea' id='block_1_2' title="bbox 407 632 2421 5460">
    <p class='ocr_par' dir='ltr' id='par_1_2' title="bbox 407 632 2418 3805">
     <span class='ocr_line' id='line_1_2' title="bbox 455 632 2417 711; baseline 0.001 -13"><span class='ocrx_word' id='word_1_2' title='bbox 455 639 601 698; x_wconf 83' lang='lat' dir='ltr'>cata</span> <span class='ocrx_word' id='word_1_3' title='bbox 642 641 761 711; x_wconf 85' lang='grc'><strong>001,</strong></span> <span class='ocrx_word' id='word_1_4' title='bbox 802 642 880 698; x_wconf 88' lang='grc'>111</span> <span class='ocrx_word' id='word_1_5' title='bbox 910 632 1094 697; x_wconf 89' lang='grc'><strong>1111110</strong></span> <span class='ocrx_word' id='word_1_6' title='bbox 1124 632 1363 698; x_wconf 86' lang='grc'><strong>0101101</strong></span> <span class='ocrx_word' id='word_1_7' title='bbox 1403 634 1522 700; x_wconf 83' lang='grc'><strong>11111</strong></span> <span class='ocrx_word' id='word_1_8' title='bbox 1558 633 1916 701; x_wconf 88' lang='lat' dir='ltr'>desiderari</span> <span class='ocrx_word' id='word_1_9' title='bbox 1961 633 2210 700; x_wconf 88' lang='lat' dir='ltr'>debeat.</span> <span class='ocrx_word' id='word_1_10' title='bbox 2283 635 2417 700; x_wconf 87' lang='lat' dir='ltr'>Le-</span> 
     </span>
     <span class='ocr_line' id='line_1_3' title="bbox 455 718 2413 804; baseline 0.002 -22"><span class='ocrx_word' id='word_1_11' title='bbox 455 718 558 803; x_wconf 89' lang='lat' dir='ltr'>gis</span> <span class='ocrx_word' id='word_1_12' title='bbox 599 718 922 783; x_wconf 86' lang='lat' dir='ltr'>iustitiam</span> <span class='ocrx_word' id='word_1_13' title='bbox 966 740 1118 785; x_wconf 90' lang='grc'><strong>011111</strong></span> <span class='ocrx_word' id='word_1_14' title='bbox 1166 720 1495 804; x_wconf 80' lang='lat' dir='ltr'>evangelii</span> <span class='ocrx_word' id='word_1_15' title='bbox 1538 720 1794 787; x_wconf 88' lang='lat' dir='ltr'>iustitia</span> <span class='ocrx_word' id='word_1_16' title='bbox 1835 721 2090 787; x_wconf 85' lang='lat' dir='ltr'>confert</span> <span class='ocrx_word' id='word_1_17' title='bbox 2133 720 2413 786; x_wconf 89' lang='lat' dir='ltr'>Paulus:</span> 
     </span>
     <span class='ocr_line' id='line_1_4' title="bbox 453 804 2412 891; baseline 0.001 -21"><span class='ocrx_word' id='word_1_18' title='bbox 453 805 640 871; x_wconf 82' lang='lat' dir='ltr'>illam</span> <span class='ocrx_word' id='word_1_19' title='bbox 675 807 746 869; x_wconf 92' lang='lat' dir='ltr'>in</span> <span class='ocrx_word' id='word_1_20' title='bbox 778 804 1082 888; x_wconf 90' lang='lat' dir='ltr'>operibus</span> <span class='ocrx_word' id='word_1_21' title='bbox 1112 805 1304 884; x_wconf 90' lang='lat' dir='ltr'>locat,</span> <span class='ocrx_word' id='word_1_22' title='bbox 1349 807 1524 873; x_wconf 89' lang='lat' dir='ltr'>hanc</span> <span class='ocrx_word' id='word_1_23' title='bbox 1554 809 1628 872; x_wconf 92' lang='lat' dir='ltr'>in</span> <span class='ocrx_word' id='word_1_24' title='bbox 1662 807 1916 874; x_wconf 81' lang='lat' dir='ltr'>Christi</span> <span class='ocrx_word' id='word_1_25' title='bbox 1949 808 2164 891; x_wconf 82' lang='lat' dir='ltr'>gratia</span> <span class='ocrx_word' id='word_1_26' title='bbox 2189 807 2412 891; x_wconf 88' lang='lat' dir='ltr'>(Rom.</span> 
     </span>
     <span class='ocr_line' id='line_1_5' title="bbox 464 891 2418 978; baseline 0.001 -22"><span class='ocrx_word' id='word_1_27' title='bbox 464 896 560 971; x_wconf 89' lang='lat'>10,</span> <span class='ocrx_word' id='word_1_28' title='bbox 601 895 638 955; x_wconf 89' lang='lat'>5</span> <span class='ocrx_word' id='word_1_29' title='bbox 677 892 849 975; x_wconf 79' lang='grc'><strong>010).</strong></span> <span class='ocrx_word' id='word_1_30' title='bbox 939 891 1167 974; x_wconf 80' lang='lat' dir='ltr'><strong>Neque</strong></span> <span class='ocrx_word' id='word_1_31' title='bbox 1222 894 1401 959; x_wconf 88' lang='lat' dir='ltr'>inter</span> <span class='ocrx_word' id='word_1_32' title='bbox 1456 913 1656 978; x_wconf 86' lang='lat' dir='ltr'>opera</span> <span class='ocrx_word' id='word_1_33' title='bbox 1709 900 1777 958; x_wconf 93' lang='lat' dir='ltr'>et</span> <span class='ocrx_word' id='word_1_34' title='bbox 1819 891 2164 958; x_wconf 79' lang='lat' dir='ltr'><strong>Christum</strong></span> <span class='ocrx_word' id='word_1_35' title='bbox 2219 891 2418 958; x_wconf 85' lang='lat' dir='ltr'>dimi-</span> 
     </span>
     <span class='ocr_line' id='line_1_6' title="bbox 455 977 2414 1061; baseline 0 -18"><span class='ocrx_word' id='word_1_36' title='bbox 455 978 624 1056; x_wconf 88' lang='lat' dir='ltr'>diat,</span> <span class='ocrx_word' id='word_1_37' title='bbox 681 977 799 1043; x_wconf 91' lang='lat' dir='ltr'>sed</span> <span class='ocrx_word' id='word_1_38' title='bbox 839 978 914 1042; x_wconf 91' lang='lat' dir='ltr'>in</span> <span class='ocrx_word' id='word_1_39' title='bbox 956 978 1239 1044; x_wconf 90' lang='lat' dir='ltr'>solidum</span> <span class='ocrx_word' id='word_1_40' title='bbox 1274 978 1544 1045; x_wconf 88' lang='lat' dir='ltr'>Christo</span> <span class='ocrx_word' id='word_1_41' title='bbox 1577 979 1919 1058; x_wconf 75' lang='lat' dir='ltr'><strong>adscribit,</strong></span> <span class='ocrx_word' id='word_1_42' title='bbox 1977 978 2148 1061; x_wconf 90' lang='lat' dir='ltr'>quod</span> <span class='ocrx_word' id='word_1_43' title='bbox 2192 1000 2414 1045; x_wconf 89' lang='lat' dir='ltr'>coram</span> 
     </span>
     <span class='ocr_line' id='line_1_7' title="bbox 407 1045 2414 1149; baseline -0.001 -18"><span class='ocrx_word' id='word_1_44' title='bbox 407 1045 601 1131; x_wconf 41' lang='lat' dir='ltr'>*Deo</span> <span class='ocrx_word' id='word_1_45' title='bbox 655 1064 813 1130; x_wconf 90' lang='lat' dir='ltr'>iusti</span> <span class='ocrx_word' id='word_1_46' title='bbox 865 1085 1228 1130; x_wconf 78' lang='lat' dir='ltr'>censemur.</span> <span class='ocrx_word' id='word_1_47' title='bbox 1317 1064 1471 1130; x_wconf 90' lang='lat' dir='ltr'>Duo</span> <span class='ocrx_word' id='word_1_48' title='bbox 1525 1066 1634 1131; x_wconf 92' lang='lat' dir='ltr'>hic</span> <span class='ocrx_word' id='word_1_49' title='bbox 1677 1065 1747 1130; x_wconf 91' lang='lat' dir='ltr'>in</span> <span class='ocrx_word' id='word_1_50' title='bbox 1804 1065 2258 1149; x_wconf 85' lang='lat' dir='ltr'>quaestionem</span> <span class='ocrx_word' id='word_1_51' title='bbox 2301 1085 2414 1130; x_wconf 82' lang='lat' dir='ltr'>ve-</span> 
     </span>
     <span class='ocr_line' id='line_1_8' title="bbox 453 1149 2414 1217; baseline -0.001 -1"><span class='ocrx_word' id='word_1_52' title='bbox 453 1151 679 1216; x_wconf 88' lang='lat' dir='ltr'>niunt:</span> <span class='ocrx_word' id='word_1_53' title='bbox 751 1158 980 1214; x_wconf 90' lang='lat' dir='ltr'>utrum</span> <span class='ocrx_word' id='word_1_54' title='bbox 1045 1152 1223 1216; x_wconf 91' lang='lat' dir='ltr'>inter</span> <span class='ocrx_word' id='word_1_55' title='bbox 1293 1172 1418 1217; x_wconf 89' lang='lat' dir='ltr'>nos</span> <span class='ocrx_word' id='word_1_56' title='bbox 1494 1160 1562 1217; x_wconf 92' lang='lat' dir='ltr'>et</span> <span class='ocrx_word' id='word_1_57' title='bbox 1623 1151 1842 1217; x_wconf 91' lang='lat' dir='ltr'>Deum</span> <span class='ocrx_word' id='word_1_58' title='bbox 1908 1149 2265 1216; x_wconf 88' lang='lat' dir='ltr'>dividenda</span> <span class='ocrx_word' id='word_1_59' title='bbox 2328 1152 2414 1217; x_wconf 92' lang='lat' dir='ltr'>sit</span> 
     </span>
     <span class='ocr_line' id='line_1_9' title="bbox 455 1233 2414 1320; baseline -0.001 -17"><span class='ocrx_word' id='word_1_60' title='bbox 455 1238 688 1303; x_wconf 86' lang='lat' dir='ltr'>salutis</span> <span class='ocrx_word' id='word_1_61' title='bbox 753 1245 1018 1301; x_wconf 90' lang='lat' dir='ltr'>nostrae</span> <span class='ocrx_word' id='word_1_62' title='bbox 1082 1237 1326 1320; x_wconf 78' lang='lat' dir='ltr'>gloria3</span> <span class='ocrx_word' id='word_1_63' title='bbox 1394 1245 1622 1302; x_wconf 90' lang='lat' dir='ltr'>utrum</span> <span class='ocrx_word' id='word_1_64' title='bbox 1690 1239 1763 1302; x_wconf 91' lang='lat' dir='ltr'>in</span> <span class='ocrx_word' id='word_1_65' title='bbox 1813 1233 2113 1320; x_wconf 65' lang='lat' dir='ltr'>&#39;operum</span> <span class='ocrx_word' id='word_1_66' title='bbox 2172 1237 2414 1303; x_wconf 87' lang='lat' dir='ltr'>fiducia</span> 
     </span>
     <span class='ocr_line' id='line_1_10' title="bbox 454 1322 2414 1406; baseline 0.001 -18"><span class='ocrx_word' id='word_1_67' title='bbox 454 1332 598 1388; x_wconf 87' lang='lat' dir='ltr'>tuto</span> <span class='ocrx_word' id='word_1_68' title='bbox 662 1322 1090 1406; x_wconf 78' lang='lat' dir='ltr'>acquiescere‘</span> <span class='ocrx_word' id='word_1_69' title='bbox 1151 1344 1372 1388; x_wconf 91' lang='lat' dir='ltr'>coram</span> <span class='ocrx_word' id='word_1_70' title='bbox 1433 1325 1580 1389; x_wconf 87' lang='lat' dir='ltr'>Deo</span> <span class='ocrx_word' id='word_1_71' title='bbox 1641 1324 2080 1390; x_wconf 82' lang='lat' dir='ltr'>conscientiae</span> <span class='ocrx_word' id='word_1_72' title='bbox 2144 1331 2414 1390; x_wconf 83' lang='lat' dir='ltr'>nostrae</span> 
     </span>
     <span class='ocr_line' id='line_1_11' title="bbox 453 1406 2412 1492; baseline 0 -16"><span class='ocrx_word' id='word_1_73' title='bbox 453 1409 725 1492; x_wconf 81' lang='lat' dir='ltr'><strong>possint.</strong></span> <span class='ocrx_word' id='word_1_74' title='bbox 808 1406 916 1473; x_wconf 91' lang='lat' dir='ltr'>De</span> <span class='ocrx_word' id='word_1_75' title='bbox 951 1409 1186 1492; x_wconf 66' lang='lat' dir='ltr'>,priore</span> <span class='ocrx_word' id='word_1_76' title='bbox 1232 1410 1326 1474; x_wconf 87' lang='lat' dir='ltr'>ita</span> <span class='ocrx_word' id='word_1_77' title='bbox 1381 1408 1615 1475; x_wconf 85' lang='lat' dir='ltr'>definit</span> <span class='ocrx_word' id='word_1_78' title='bbox 1658 1409 1936 1476; x_wconf 89' lang='lat' dir='ltr'>Paulus:</span> <span class='ocrx_word' id='word_1_79' title='bbox 1984 1417 2061 1474; x_wconf 91' lang='lat' dir='ltr'>ut</span> <span class='ocrx_word' id='word_1_80' title='bbox 2105 1430 2300 1474; x_wconf 89' lang='lat' dir='ltr'>omne</span> <span class='ocrx_word' id='word_1_81' title='bbox 2341 1431 2412 1476; x_wconf 88' lang='lat' dir='ltr'>os</span> 
     </span>
     <span class='ocr_line' id='line_1_12' title="bbox 453 1494 2413 1572; baseline 0 -10"><span class='ocrx_word' id='word_1_82' title='bbox 453 1497 862 1572; x_wconf 89' lang='lat' dir='ltr'>obstruatur,</span> <span class='ocrx_word' id='word_1_83' title='bbox 944 1503 1011 1560; x_wconf 84' lang='lat' dir='ltr'>et</span> <span class='ocrx_word' id='word_1_84' title='bbox 1089 1495 1409 1561; x_wconf 91' lang='lat' dir='ltr'>obnoxius</span> <span class='ocrx_word' id='word_1_85' title='bbox 1478 1494 1794 1561; x_wconf 79' lang='lat' dir='ltr'>reddatur</span> <span class='ocrx_word' id='word_1_86' title='bbox 1868 1503 2048 1560; x_wconf 87' lang='lat' dir='ltr'>totus</span> <span class='ocrx_word' id='word_1_87' title='bbox 2122 1495 2413 1563; x_wconf 90' lang='lat' dir='ltr'>mundus</span> 
     </span>
     <span class='ocr_line' id='line_1_13' title="bbox 452 1580 2414 1666; baseline 0 -19"><span class='ocrx_word' id='word_1_88' title='bbox 452 1580 625 1660; x_wconf 90' lang='lat' dir='ltr'>De0,</span> <span class='ocrx_word' id='word_1_89' title='bbox 670 1601 898 1646; x_wconf 89' lang='lat' dir='ltr'>omnes</span> <span class='ocrx_word' id='word_1_90' title='bbox 935 1580 1021 1646; x_wconf 90' lang='lat' dir='ltr'>ad</span> <span class='ocrx_word' id='word_1_91' title='bbox 1062 1602 1269 1645; x_wconf 88' lang='lat' dir='ltr'>unum</span> <span class='ocrx_word' id='word_1_92' title='bbox 1312 1602 1459 1648; x_wconf 90' lang='lat' dir='ltr'>reos</span> <span class='ocrx_word' id='word_1_93' title='bbox 1502 1603 1645 1649; x_wconf 89' lang='lat' dir='ltr'>esse</span> <span class='ocrx_word' id='word_1_94' title='bbox 1685 1582 2053 1647; x_wconf 87' lang='lat' dir='ltr'>iniustitiae</span> <span class='ocrx_word' id='word_1_95' title='bbox 2096 1589 2164 1647; x_wconf 93' lang='lat' dir='ltr'>et</span> <span class='ocrx_word' id='word_1_96' title='bbox 2204 1582 2414 1666; x_wconf 90' lang='lat' dir='ltr'>gloria</span> 
     </span>
     <span class='ocr_line' id='line_1_14' title="bbox 452 1667 2412 1752; baseline -0.001 -18"><span class='ocrx_word' id='word_1_97' title='bbox 452 1668 830 1746; x_wconf 85' lang='lat' dir='ltr'>destitutos3</span> <span class='ocrx_word' id='word_1_98' title='bbox 876 1667 1085 1751; x_wconf 86' lang='lat' dir='ltr'>gratis</span> <span class='ocrx_word' id='word_1_99' title='bbox 1129 1674 1351 1732; x_wconf 89' lang='lat' dir='ltr'>autem</span> <span class='ocrx_word' id='word_1_100' title='bbox 1393 1668 1735 1736; x_wconf 88' lang='lat' dir='ltr'>iustificari</span> <span class='ocrx_word' id='word_1_101' title='bbox 1777 1668 1956 1733; x_wconf 85' lang='lat' dir='ltr'>illius</span> <span class='ocrx_word' id='word_1_102' title='bbox 1993 1668 2235 1752; x_wconf 88' lang='lat' dir='ltr'>gratia,</span> <span class='ocrx_word' id='word_1_103' title='bbox 2293 1690 2412 1752; x_wconf 91' lang='lat' dir='ltr'>per</span> 
     </span>
     <span class='ocr_line' id='line_1_15' title="bbox 453 1753 2410 1852; baseline 0.001 -33"><span class='ocrx_word' id='word_1_104' title='bbox 453 1753 976 1852; x_wconf 75' lang='lat' dir='ltr'>redemptionem</span> <span class='ocrx_word' id='word_1_105' title='bbox 1030 1774 1196 1835; x_wconf 89' lang='lat' dir='ltr'>quae</span> <span class='ocrx_word' id='word_1_106' title='bbox 1254 1763 1355 1818; x_wconf 90' lang='lat' dir='ltr'>est</span> <span class='ocrx_word' id='word_1_107' title='bbox 1406 1754 1482 1820; x_wconf 92' lang='lat' dir='ltr'>in</span> <span class='ocrx_word' id='word_1_108' title='bbox 1526 1754 2026 1838; x_wconf 29' lang='lat' dir='ltr'>ChristorIesu,</span> <span class='ocrx_word' id='word_1_109' title='bbox 2081 1754 2282 1838; x_wconf 92' lang='lat' dir='ltr'>idque</span> <span class='ocrx_word' id='word_1_110' title='bbox 2326 1754 2410 1821; x_wconf 89' lang='lat' dir='ltr'>ad</span> 
     </span>
     <span class='ocr_line' id='line_1_16' title="bbox 452 1838 2412 1923; baseline -0.001 -17"><span class='ocrx_word' id='word_1_111' title='bbox 452 1847 892 1906; x_wconf 73' lang='lat' dir='ltr'>ostensionem</span> <span class='ocrx_word' id='word_1_112' title='bbox 944 1838 1119 1905; x_wconf 91' lang='lat' dir='ltr'>illius</span> <span class='ocrx_word' id='word_1_113' title='bbox 1170 1840 1492 1919; x_wconf 88' lang='lat' dir='ltr'>iustitiae,</span> <span class='ocrx_word' id='word_1_114' title='bbox 1562 1847 1640 1906; x_wconf 90' lang='lat' dir='ltr'>ut</span> <span class='ocrx_word' id='word_1_115' title='bbox 1696 1842 1785 1905; x_wconf 92' lang='lat' dir='ltr'>sit</span> <span class='ocrx_word' id='word_1_116' title='bbox 1839 1842 1982 1923; x_wconf 91' lang='lat' dir='ltr'>ipse</span> <span class='ocrx_word' id='word_1_117' title='bbox 2035 1841 2278 1920; x_wconf 86' lang='lat' dir='ltr'>iustus,</span> <span class='ocrx_word' id='word_1_118' title='bbox 2344 1848 2412 1906; x_wconf 93' lang='lat' dir='ltr'>et</span> 
     </span>
     <span class='ocr_line' id='line_1_17' title="bbox 452 1925 2409 2011; baseline -0.001 -20"><span class='ocrx_word' id='word_1_119' title='bbox 452 1926 817 1992; x_wconf 73' lang='lat' dir='ltr'>iustificam</span> <span class='ocrx_word' id='word_1_120' title='bbox 888 1947 1037 1991; x_wconf 90' lang='lat' dir='ltr'>eum</span> <span class='ocrx_word' id='word_1_121' title='bbox 1095 1926 1210 2008; x_wconf 90' lang='lat' dir='ltr'>qui</span> <span class='ocrx_word' id='word_1_122' title='bbox 1266 1935 1368 1991; x_wconf 91' lang='lat' dir='ltr'>est</span> <span class='ocrx_word' id='word_1_123' title='bbox 1436 1949 1520 1993; x_wconf 89' lang='lat' dir='ltr'>ex</span> <span class='ocrx_word' id='word_1_124' title='bbox 1587 1926 1716 1992; x_wconf 90' lang='lat' dir='ltr'>fide</span> <span class='ocrx_word' id='word_1_125' title='bbox 1782 1925 2033 1992; x_wconf 89' lang='lat' dir='ltr'>Christi</span> <span class='ocrx_word' id='word_1_126' title='bbox 2087 1927 2310 2011; x_wconf 87' lang='lat' dir='ltr'>(Rom.</span> <span class='ocrx_word' id='word_1_127' title='bbox 2352 1931 2409 2006; x_wconf 85' lang='lat'>3,</span> 
     </span>
     <span class='ocr_line' id='line_1_18' title="bbox 463 2011 2411 2097; baseline 0.001 -21"><span class='ocrx_word' id='word_1_128' title='bbox 463 2019 557 2078; x_wconf 85' lang='lat'>19.</span> <span class='ocrx_word' id='word_1_129' title='bbox 595 2016 677 2077; x_wconf 81' lang='lat'>22</span> <span class='ocrx_word' id='word_1_130' title='bbox 716 2011 892 2093; x_wconf 89' lang='lat' dir='ltr'>etc.).</span> <span class='ocrx_word' id='word_1_131' title='bbox 981 2011 1176 2078; x_wconf 86' lang='lat' dir='ltr'>Unde</span> <span class='ocrx_word' id='word_1_132' title='bbox 1229 2012 1506 2097; x_wconf 84' lang='lat' dir='ltr'>colligit,</span> <span class='ocrx_word' id='word_1_133' title='bbox 1565 2013 1898 2082; x_wconf 76' lang='lat' dir='ltr'>exclusam</span> <span class='ocrx_word' id='word_1_134' title='bbox 1958 2032 2224 2077; x_wconf 90' lang='lat' dir='ltr'>omnem</span> <span class='ocrx_word' id='word_1_135' title='bbox 2268 2034 2411 2078; x_wconf 87' lang='lat' dir='ltr'>car-</span> 
     </span>
     <span class='ocr_line' id='line_1_19' title="bbox 453 2096 2411 2183; baseline -0.001 -18"><span class='ocrx_word' id='word_1_136' title='bbox 453 2101 557 2165; x_wconf 91' lang='lat' dir='ltr'>nis</span> <span class='ocrx_word' id='word_1_137' title='bbox 600 2098 1060 2183; x_wconf 78' lang='lat' dir='ltr'>gloriationem</span> <span class='ocrx_word' id='word_1_138' title='bbox 1103 2119 1262 2164; x_wconf 86' lang='lat' dir='ltr'>esse.</span> <span class='ocrx_word' id='word_1_139' title='bbox 1350 2098 1549 2164; x_wconf 88' lang='lat' dir='ltr'>Hanc</span> <span class='ocrx_word' id='word_1_140' title='bbox 1591 2121 1710 2168; x_wconf 91' lang='lat' dir='ltr'>nos</span> <span class='ocrx_word' id='word_1_141' title='bbox 1763 2096 2210 2164; x_wconf 89' lang='lat' dir='ltr'>definitionem</span> <span class='ocrx_word' id='word_1_142' title='bbox 2253 2099 2411 2164; x_wconf 92' lang='lat' dir='ltr'>sim-</span> 
     </span>
     <span class='ocr_line' id='line_1_20' title="bbox 450 2183 2413 2269; baseline -0.001 -19"><span class='ocrx_word' id='word_1_143' title='bbox 450 2185 709 2269; x_wconf 87' lang='lat' dir='ltr'>pliciter</span> <span class='ocrx_word' id='word_1_144' title='bbox 750 2185 1117 2267; x_wconf 90' lang='lat' dir='ltr'>sequimur:</span> <span class='ocrx_word' id='word_1_145' title='bbox 1173 2183 1538 2250; x_wconf 87' lang='lat' dir='ltr'>reclamant</span> <span class='ocrx_word' id='word_1_146' title='bbox 1590 2185 1980 2263; x_wconf 86' lang='lat' dir='ltr'>adversarii,</span> <span class='ocrx_word' id='word_1_147' title='bbox 2037 2205 2177 2250; x_wconf 91' lang='grc'><strong>11011</strong></span> <span class='ocrx_word' id='word_1_148' title='bbox 2220 2185 2413 2250; x_wconf 86' lang='lat' dir='ltr'>aliter</span> 
     </span>
     <span class='ocr_line' id='line_1_21' title="bbox 450 2269 2410 2356; baseline 0 -20"><span class='ocrx_word' id='word_1_149' title='bbox 450 2271 795 2338; x_wconf 88' lang='lat' dir='ltr'>iustificari</span> <span class='ocrx_word' id='word_1_150' title='bbox 853 2269 1188 2335; x_wconf 91' lang='lat' dir='ltr'>hominem</span> <span class='ocrx_word' id='word_1_151' title='bbox 1244 2270 1374 2336; x_wconf 92' lang='lat' dir='ltr'>Dei</span> <span class='ocrx_word' id='word_1_152' title='bbox 1431 2272 1674 2356; x_wconf 89' lang='lat' dir='ltr'>gratia,</span> <span class='ocrx_word' id='word_1_153' title='bbox 1732 2272 1861 2335; x_wconf 87' lang='lat' dir='ltr'>nisi</span> <span class='ocrx_word' id='word_1_154' title='bbox 1918 2281 1997 2335; x_wconf 89' lang='lat' dir='ltr'>ut</span> <span class='ocrx_word' id='word_1_155' title='bbox 2056 2291 2211 2353; x_wconf 90' lang='lat' dir='ltr'>pars</span> <span class='ocrx_word' id='word_1_156' title='bbox 2267 2272 2410 2336; x_wconf 91' lang='lat' dir='ltr'>lau-</span> 
     </span>
     <span class='ocr_line' id='line_1_22' title="bbox 452 2356 2411 2439; baseline -0.001 -15"><span class='ocrx_word' id='word_1_157' title='bbox 452 2357 552 2424; x_wconf 89' lang='lat' dir='ltr'>dis</span> <span class='ocrx_word' id='word_1_158' title='bbox 594 2359 663 2421; x_wconf 91' lang='lat' dir='ltr'>in</span> <span class='ocrx_word' id='word_1_159' title='bbox 722 2357 864 2422; x_wconf 90' lang='lat' dir='ltr'>eius</span> <span class='ocrx_word' id='word_1_160' title='bbox 919 2357 1226 2439; x_wconf 82' lang='lat' dir='ltr'>operibus</span> <span class='ocrx_word' id='word_1_161' title='bbox 1272 2356 1574 2423; x_wconf 88' lang='lat' dir='ltr'>resideat.</span> <span class='ocrx_word' id='word_1_162' title='bbox 1665 2358 1771 2423; x_wconf 94' lang='lat' dir='ltr'>De</span> <span class='ocrx_word' id='word_1_163' title='bbox 1825 2356 2032 2422; x_wconf 88' lang='lat' dir='ltr'>altero</span> <span class='ocrx_word' id='word_1_164' title='bbox 2078 2358 2173 2422; x_wconf 89' lang='lat' dir='ltr'>ita</span> <span class='ocrx_word' id='word_1_165' title='bbox 2213 2359 2411 2422; x_wconf 88' lang='lat' dir='ltr'>ratio-</span> 
     </span>
     <span class='ocr_line' id='line_1_23' title="bbox 450 2441 2412 2528; baseline -0.001 -19"><span class='ocrx_word' id='word_1_166' title='bbox 450 2445 710 2510; x_wconf 87' lang='lat' dir='ltr'>cinatur</span> <span class='ocrx_word' id='word_1_167' title='bbox 750 2441 926 2508; x_wconf 89' lang='lat' dir='ltr'>idem</span> <span class='ocrx_word' id='word_1_168' title='bbox 969 2443 1252 2508; x_wconf 84' lang='lat' dir='ltr'>Paulus:</span> <span class='ocrx_word' id='word_1_169' title='bbox 1313 2444 1371 2508; x_wconf 93' lang='lat' dir='ltr'>si</span> <span class='ocrx_word' id='word_1_170' title='bbox 1415 2465 1500 2509; x_wconf 88' lang='lat' dir='ltr'>ex</span> <span class='ocrx_word' id='word_1_171' title='bbox 1536 2443 1684 2528; x_wconf 91' lang='lat' dir='ltr'>lege</span> <span class='ocrx_word' id='word_1_172' title='bbox 1738 2449 1913 2509; x_wconf 91' lang='lat' dir='ltr'>esset</span> <span class='ocrx_word' id='word_1_173' title='bbox 1951 2443 2126 2508; x_wconf 84' lang='lat' dir='ltr'>vitae</span> <span class='ocrx_word' id='word_1_174' title='bbox 2180 2443 2412 2509; x_wconf 87' lang='lat' dir='ltr'>haere—</span> 
     </span>
     <span class='ocr_line' id='line_1_24' title="bbox 450 2528 2410 2613; baseline 0 -18"><span class='ocrx_word' id='word_1_175' title='bbox 450 2529 650 2609; x_wconf 82' lang='lat' dir='ltr'>ditas,</span> <span class='ocrx_word' id='word_1_176' title='bbox 707 2528 965 2594; x_wconf 90' lang='lat' dir='ltr'>irritam</span> <span class='ocrx_word' id='word_1_177' title='bbox 1012 2528 1211 2595; x_wconf 87' lang='lat' dir='ltr'>fidem</span> <span class='ocrx_word' id='word_1_178' title='bbox 1253 2529 1421 2608; x_wconf 89' lang='lat' dir='ltr'>fore,</span> <span class='ocrx_word' id='word_1_179' title='bbox 1481 2536 1548 2594; x_wconf 93' lang='lat' dir='ltr'>et</span> <span class='ocrx_word' id='word_1_180' title='bbox 1588 2529 2093 2613; x_wconf 81' lang='lat' dir='ltr'>promissionem</span> <span class='ocrx_word' id='word_1_181' title='bbox 2137 2529 2410 2595; x_wconf 89' lang='lat' dir='ltr'>nullam.</span> 
     </span>
     <span class='ocr_line' id='line_1_25' title="bbox 447 2613 2414 2695; baseline -0.001 -12"><span class='ocrx_word' id='word_1_182' title='bbox 447 2613 644 2683; x_wconf 89' lang='lat' dir='ltr'>Unde</span> <span class='ocrx_word' id='word_1_183' title='bbox 686 2614 1037 2694; x_wconf 75' lang='lat' dir='ltr'>concludit,</span> <span class='ocrx_word' id='word_1_184' title='bbox 1081 2616 1211 2681; x_wconf 87' lang='lat' dir='ltr'>fide</span> <span class='ocrx_word' id='word_1_185' title='bbox 1252 2636 1374 2680; x_wconf 91' lang='lat' dir='ltr'>nos</span> <span class='ocrx_word' id='word_1_186' title='bbox 1401 2613 1876 2681; x_wconf 88' lang='lat' dir='ltr'>haereditatem</span> <span class='ocrx_word' id='word_1_187' title='bbox 1921 2621 2068 2695; x_wconf 78' lang='lat' dir='ltr'>[pag.</span> <span class='ocrx_word' id='word_1_188' title='bbox 2108 2620 2217 2695; x_wconf 83' lang='lat'>53]</span> <span class='ocrx_word' id='word_1_189' title='bbox 2259 2637 2414 2681; x_wconf 91' lang='lat' dir='ltr'>con-</span> 
     </span>
     <span class='ocr_line' id='line_1_26' title="bbox 449 2701 2412 2787; baseline -0.002 -19"><span class='ocrx_word' id='word_1_190' title='bbox 449 2702 654 2787; x_wconf 87' lang='lat' dir='ltr'>sequi,</span> <span class='ocrx_word' id='word_1_191' title='bbox 687 2708 766 2766; x_wconf 91' lang='lat' dir='ltr'>ut</span> <span class='ocrx_word' id='word_1_192' title='bbox 801 2703 995 2766; x_wconf 90' lang='lat' dir='ltr'>firma</span> <span class='ocrx_word' id='word_1_193' title='bbox 1029 2702 1117 2767; x_wconf 91' lang='lat' dir='ltr'>sit</span> <span class='ocrx_word' id='word_1_194' title='bbox 1150 2702 1494 2786; x_wconf 85' lang='lat' dir='ltr'>promissio</span> <span class='ocrx_word' id='word_1_195' title='bbox 1532 2702 1754 2786; x_wconf 88' lang='lat' dir='ltr'>(Rom.</span> <span class='ocrx_word' id='word_1_196' title='bbox 1794 2706 1854 2781; x_wconf 87' lang='lat'>4,</span> <span class='ocrx_word' id='word_1_197' title='bbox 1904 2707 1981 2766; x_wconf 90' lang='lat'>14</span> <span class='ocrx_word' id='word_1_198' title='bbox 2007 2701 2145 2786; x_wconf 90' lang='lat' dir='ltr'>ss.).</span> <span class='ocrx_word' id='word_1_199' title='bbox 2218 2701 2412 2781; x_wconf 84' lang='lat' dir='ltr'>Item,</span> 
     </span>
     <span class='ocr_line' id='line_1_27' title="bbox 448 2787 2414 2871; baseline 0.001 -18"><span class='ocrx_word' id='word_1_200' title='bbox 448 2788 833 2854; x_wconf 87' lang='lat' dir='ltr'>iustificatos</span> <span class='ocrx_word' id='word_1_201' title='bbox 876 2789 950 2852; x_wconf 91' lang='lat' dir='ltr'>in</span> <span class='ocrx_word' id='word_1_202' title='bbox 985 2787 1254 2854; x_wconf 89' lang='lat' dir='ltr'>Christo</span> <span class='ocrx_word' id='word_1_203' title='bbox 1298 2807 1529 2871; x_wconf 81' lang='lat' dir='ltr'>pacem</span> <span class='ocrx_word' id='word_1_204' title='bbox 1561 2787 1824 2868; x_wconf 90' lang='lat' dir='ltr'>habere,</span> <span class='ocrx_word' id='word_1_205' title='bbox 1869 2809 2081 2871; x_wconf 92' lang='lat' dir='ltr'>neque</span> <span class='ocrx_word' id='word_1_206' title='bbox 2130 2788 2414 2871; x_wconf 90' lang='lat' dir='ltr'>amplius</span> 
     </span>
     <span class='ocr_line' id='line_1_28' title="bbox 447 2871 2416 2960; baseline -0.001 -20"><span class='ocrx_word' id='word_1_207' title='bbox 447 2873 806 2940; x_wconf 86' lang='lat' dir='ltr'>formidare</span> <span class='ocrx_word' id='word_1_208' title='bbox 869 2871 1002 2939; x_wconf 90' lang='lat' dir='ltr'>Dei</span> <span class='ocrx_word' id='word_1_209' title='bbox 1062 2882 1481 2958; x_wconf 91' lang='lat' dir='ltr'>conspectum</span> <span class='ocrx_word' id='word_1_210' title='bbox 1549 2876 1771 2960; x_wconf 88' lang='lat' dir='ltr'>(Rom.</span> <span class='ocrx_word' id='word_1_211' title='bbox 1813 2881 1869 2952; x_wconf 81' lang='lat'>5,</span> <span class='ocrx_word' id='word_1_212' title='bbox 1917 2875 2000 2955; x_wconf 93' lang='lat'>1).</span> <span class='ocrx_word' id='word_1_213' title='bbox 2090 2874 2416 2958; x_wconf 86' lang='lat' dir='ltr'>Intelligit</span> 
     </span>
     <span class='ocr_line' id='line_1_29' title="bbox 447 2958 2417 3045; baseline 0 -19"><span class='ocrx_word' id='word_1_214' title='bbox 447 2968 691 3041; x_wconf 84' lang='grc'><strong>01110111,</strong></span> <span class='ocrx_word' id='word_1_215' title='bbox 738 2958 911 3042; x_wconf 89' lang='grc'><strong>1111011</strong></span> <span class='ocrx_word' id='word_1_216' title='bbox 955 2980 1072 3042; x_wconf 85' lang='grc'><strong>1110</strong></span> <span class='ocrx_word' id='word_1_217' title='bbox 1116 2983 1187 3027; x_wconf 89' lang='grc'>00</span> <span class='ocrx_word' id='word_1_218' title='bbox 1230 2962 1504 3045; x_wconf 89' lang='lat' dir='ltr'>quisque</span> <span class='ocrx_word' id='word_1_219' title='bbox 1539 2971 1839 3027; x_wconf 88' lang='lat' dir='ltr'>nostrum</span> <span class='ocrx_word' id='word_1_220' title='bbox 1876 2962 2231 3045; x_wconf 86' lang='lat' dir='ltr'>experitur,</span> <span class='ocrx_word' id='word_1_221' title='bbox 2270 2961 2417 3026; x_wconf 88' lang='lat' dir='ltr'>fieri</span> 
     </span>
     <span class='ocr_line' id='line_1_30' title="bbox 450 3047 2417 3133; baseline -0.001 -19"><span class='ocrx_word' id='word_1_222' title='bbox 450 3047 647 3114; x_wconf 88' lang='lat' dir='ltr'>aliter</span> <span class='ocrx_word' id='word_1_223' title='bbox 687 3067 822 3112; x_wconf 90' lang='lat' dir='ltr'>non</span> <span class='ocrx_word' id='word_1_224' title='bbox 863 3067 1073 3130; x_wconf 86' lang='lat' dir='ltr'>posse,</span> <span class='ocrx_word' id='word_1_225' title='bbox 1118 3048 1276 3133; x_wconf 90' lang='lat' dir='ltr'>quin</span> <span class='ocrx_word' id='word_1_226' title='bbox 1320 3055 1639 3132; x_wconf 85' lang='lat' dir='ltr'>perpetua</span> <span class='ocrx_word' id='word_1_227' title='bbox 1678 3047 2134 3132; x_wconf 90' lang='lat' dir='ltr'>inquietudine</span> <span class='ocrx_word' id='word_1_228' title='bbox 2167 3067 2417 3114; x_wconf 83' lang='lat' dir='ltr'>vexen-</span> 
     </span>
     <span class='ocr_line' id='line_1_31' title="bbox 449 3133 2416 3217; baseline 0 -18"><span class='ocrx_word' id='word_1_229' title='bbox 449 3141 593 3213; x_wconf 88' lang='lat' dir='ltr'>tur,</span> <span class='ocrx_word' id='word_1_230' title='bbox 649 3154 725 3199; x_wconf 89' lang='lat' dir='ltr'>ac</span> <span class='ocrx_word' id='word_1_231' title='bbox 768 3140 1072 3200; x_wconf 80' lang='lat' dir='ltr'>aestuent</span> <span class='ocrx_word' id='word_1_232' title='bbox 1125 3135 1595 3215; x_wconf 87' lang='lat' dir='ltr'>conscientiae,</span> <span class='ocrx_word' id='word_1_233' title='bbox 1652 3133 1967 3217; x_wconf 84' lang='lat' dir='ltr'>quamdiu</span> <span class='ocrx_word' id='word_1_234' title='bbox 2012 3133 2095 3198; x_wconf 90' lang='lat' dir='ltr'>ad</span> <span class='ocrx_word' id='word_1_235' title='bbox 2140 3155 2416 3217; x_wconf 89' lang='lat' dir='ltr'>operum</span> 
     </span>
     <span class='ocr_line' id='line_1_32' title="bbox 449 3218 2417 3305; baseline -0.001 -19"><span class='ocrx_word' id='word_1_236' title='bbox 449 3218 857 3305; x_wconf 82' lang='lat' dir='ltr'>praesidium</span> <span class='ocrx_word' id='word_1_237' title='bbox 902 3220 1466 3304; x_wconf 89' lang='lat' dir='ltr'>circumspiciunt:</span> <span class='ocrx_word' id='word_1_238' title='bbox 1525 3242 1601 3287; x_wconf 88' lang='lat' dir='ltr'>ac</span> <span class='ocrx_word' id='word_1_239' title='bbox 1655 3228 1817 3286; x_wconf 89' lang='lat' dir='ltr'>tunc</span> <span class='ocrx_word' id='word_1_240' title='bbox 1872 3218 2139 3286; x_wconf 90' lang='lat' dir='ltr'>demum</span> <span class='ocrx_word' id='word_1_241' title='bbox 2183 3241 2417 3286; x_wconf 89' lang='lat' dir='ltr'>serena</span> 
     </span>
     <span class='ocr_line' id='line_1_33' title="bbox 449 3304 2416 3391; baseline 0.001 -21"><span class='ocrx_word' id='word_1_242' title='bbox 449 3304 839 3391; x_wconf 87' lang='lat' dir='ltr'>placidaque</span> <span class='ocrx_word' id='word_1_243' title='bbox 882 3307 1365 3390; x_wconf 86' lang='lat' dir='ltr'>tranquillitate</span> <span class='ocrx_word' id='word_1_244' title='bbox 1408 3308 1558 3387; x_wconf 88' lang='lat' dir='ltr'>frui,</span> <span class='ocrx_word' id='word_1_245' title='bbox 1603 3328 1808 3390; x_wconf 89' lang='lat' dir='ltr'>quum</span> <span class='ocrx_word' id='word_1_246' title='bbox 1850 3306 1936 3372; x_wconf 90' lang='lat' dir='ltr'>ad</span> <span class='ocrx_word' id='word_1_247' title='bbox 1955 3305 2301 3372; x_wconf 82' lang='lat' dir='ltr'>Christum</span> <span class='ocrx_word' id='word_1_248' title='bbox 2344 3327 2416 3372; x_wconf 91' lang='lat' dir='ltr'>se</span> 
     </span>
     <span class='ocr_line' id='line_1_34' title="bbox 447 3392 2416 3477; baseline 0 -19"><span class='ocrx_word' id='word_1_249' title='bbox 447 3392 892 3471; x_wconf 86' lang='lat' dir='ltr'>contulerunt,</span> <span class='ocrx_word' id='word_1_250' title='bbox 936 3400 1251 3477; x_wconf 90' lang='lat' dir='ltr'>tanquam</span> <span class='ocrx_word' id='word_1_251' title='bbox 1288 3394 1374 3460; x_wconf 90' lang='lat' dir='ltr'>ad</span> <span class='ocrx_word' id='word_1_252' title='bbox 1412 3396 1687 3461; x_wconf 89' lang='lat' dir='ltr'>unicum</span> <span class='ocrx_word' id='word_1_253' title='bbox 1718 3413 1920 3460; x_wconf 79' lang='lat' dir='ltr'>verae</span> <span class='ocrx_word' id='word_1_254' title='bbox 1954 3392 2230 3459; x_wconf 88' lang='lat' dir='ltr'>fiduciae</span> <span class='ocrx_word' id='word_1_255' title='bbox 2263 3414 2416 3476; x_wconf 92' lang='lat' dir='ltr'>por-</span> 
     </span>
     <span class='ocr_line' id='line_1_35' title="bbox 450 3478 2417 3547; baseline 0.001 -3"><span class='ocrx_word' id='word_1_256' title='bbox 450 3487 615 3545; x_wconf 89' lang='lat' dir='ltr'>tum.</span> <span class='ocrx_word' id='word_1_257' title='bbox 704 3479 814 3545; x_wconf 89' lang='lat' dir='ltr'>Ad</span> <span class='ocrx_word' id='word_1_258' title='bbox 858 3479 1031 3545; x_wconf 90' lang='lat' dir='ltr'>hauc</span> <span class='ocrx_word' id='word_1_259' title='bbox 1074 3478 1439 3547; x_wconf 86' lang='lat' dir='ltr'>doctrinam</span> <span class='ocrx_word' id='word_1_260' title='bbox 1480 3502 1601 3547; x_wconf 90' lang='grc'><strong>1100</strong></span> <span class='ocrx_word' id='word_1_261' title='bbox 1655 3479 1825 3546; x_wconf 89' lang='lat' dir='ltr'>nihil</span> <span class='ocrx_word' id='word_1_262' title='bbox 1869 3479 2187 3545; x_wconf 84' lang='lat' dir='ltr'>addimus.</span> <span class='ocrx_word' id='word_1_263' title='bbox 2279 3478 2417 3547; x_wconf 79' lang='lat' dir='ltr'>Sed</span> 
     </span>
     <span class='ocr_line' id='line_1_36' title="bbox 451 3564 2416 3719; baseline 0 -89"><span class='ocrx_word' id='word_1_264' title='bbox 451 3565 626 3719; x_wconf 56' lang='lat' dir='ltr'>guod</span> <span class='ocrx_word' id='word_1_265' title='bbox 669 3564 924 3632; x_wconf 87' lang='lat' dir='ltr'>Paulus</span> <span class='ocrx_word' id='word_1_266' title='bbox 966 3587 1088 3650; x_wconf 91' lang='lat' dir='ltr'>pro</span> <span class='ocrx_word' id='word_1_267' title='bbox 1129 3568 1387 3651; x_wconf 82' lang='lat' dir='ltr'>ingenti</span> <span class='ocrx_word' id='word_1_268' title='bbox 1421 3566 1704 3633; x_wconf 88' lang='lat' dir='ltr'>absurdo</span> <span class='ocrx_word' id='word_1_269' title='bbox 1744 3566 1943 3645; x_wconf 89' lang='lat' dir='ltr'>ducit,</span> <span class='ocrx_word' id='word_1_270' title='bbox 1987 3566 2416 3633; x_wconf 88' lang='lat' dir='ltr'>conscientias</span> 
     </span>
     <span class='ocr_line' id='line_1_37' title="bbox 503 3651 2413 3736; baseline -0.001 -18"><span class='ocrx_word' id='word_1_271' title='bbox 503 3652 860 3718; x_wconf 79' lang='lat' dir='ltr'>abitatione</span> <span class='ocrx_word' id='word_1_272' title='bbox 917 3651 1266 3735; x_wconf 85' lang='lat' dir='ltr'>inquietari</span> <span class='ocrx_word' id='word_1_273' title='bbox 1288 3706 1304 3734; x_wconf 94' lang='lat'>,</span> <span class='ocrx_word' id='word_1_274' title='bbox 1365 3652 1728 3720; x_wconf 87' lang='lat' dir='ltr'>adversarii</span> <span class='ocrx_word' id='word_1_275' title='bbox 1783 3654 1962 3717; x_wconf 87' lang='lat' dir='ltr'>inter</span> <span class='ocrx_word' id='word_1_276' title='bbox 2003 3654 2219 3736; x_wconf 89' lang='lat' dir='ltr'>prima</span> <span class='ocrx_word' id='word_1_277' title='bbox 2261 3652 2413 3719; x_wconf 88' lang='lat' dir='ltr'>fidei</span> 
     </span>
     <span class='ocr_line' id='line_1_38' title="bbox 453 3737 1411 3805; baseline -0.001 -1"><span class='ocrx_word' id='word_1_278' title='bbox 453 3758 616 3804; x_wconf 89' lang='lat' dir='ltr'>suae</span> <span class='ocrx_word' id='word_1_279' title='bbox 661 3737 995 3803; x_wconf 83' lang='lat' dir='ltr'>axiomata</span> <span class='ocrx_word' id='word_1_280' title='bbox 1037 3746 1411 3805; x_wconf 87' lang='lat' dir='ltr'>numerant.</span> 
     </span>
    </p>

    <p class='ocr_par' dir='ltr' id='par_1_3' title="bbox 447 3820 2421 5460">
     <span class='ocr_line' id='line_1_39' title="bbox 629 3820 2416 3910; baseline 0.001 -21"><span class='ocrx_word' id='word_1_281' title='bbox 629 3820 941 3889; x_wconf 79' lang='lat' dir='ltr'>Secunda</span> <span class='ocrx_word' id='word_1_282' title='bbox 984 3826 1314 3909; x_wconf 84' lang='lat' dir='ltr'>exceptio,</span> <span class='ocrx_word' id='word_1_283' title='bbox 1360 3848 1493 3910; x_wconf 90' lang='lat' dir='ltr'>qua</span> <span class='ocrx_word' id='word_1_284' title='bbox 1532 3826 1811 3905; x_wconf 87' lang='lat' dir='ltr'>utimur,</span> <span class='ocrx_word' id='word_1_285' title='bbox 1869 3825 1952 3891; x_wconf 85' lang='lat' dir='ltr'>ad</span> <span class='ocrx_word' id='word_1_286' title='bbox 1994 3833 2416 3909; x_wconf 89' lang='lat' dir='ltr'>peccatorum</span> 
     </span>
     <span class='ocr_line' id='line_1_40' title="bbox 452 3910 2414 3994; baseline 0.001 -18"><span class='ocrx_word' id='word_1_287' title='bbox 452 3910 912 3976; x_wconf 84' lang='lat' dir='ltr'>remissionem</span> <span class='ocrx_word' id='word_1_288' title='bbox 984 3913 1291 3994; x_wconf 87' lang='lat' dir='ltr'>pertinet.</span> <span class='ocrx_word' id='word_1_289' title='bbox 1424 3913 1599 3978; x_wconf 89' lang='lat' dir='ltr'>Nam</span> <span class='ocrx_word' id='word_1_290' title='bbox 1684 3910 2048 3978; x_wconf 80' lang='lat' dir='ltr'>adversarii</span> <span class='ocrx_word' id='word_1_291' title='bbox 2132 3910 2414 3994; x_wconf 90' lang='lat' dir='ltr'>quidem,</span> 
     </span>
     <span class='ocr_line' id='line_1_41' title="bbox 452 3996 2417 4081; baseline 0.002 -21"><span class='ocrx_word' id='word_1_292' title='bbox 452 4017 662 4081; x_wconf 90' lang='lat' dir='ltr'>quum</span> <span class='ocrx_word' id='word_1_293' title='bbox 687 4016 933 4080; x_wconf 88' lang='lat' dir='ltr'>negare</span> <span class='ocrx_word' id='word_1_294' title='bbox 961 4006 1293 4080; x_wconf 89' lang='lat' dir='ltr'>nequeant</span> <span class='ocrx_word' id='word_1_295' title='bbox 1316 3998 1619 4064; x_wconf 90' lang='lat' dir='ltr'>homines</span> <span class='ocrx_word' id='word_1_296' title='bbox 1660 4006 1801 4063; x_wconf 89' lang='lat' dir='ltr'>tota</span> <span class='ocrx_word' id='word_1_297' title='bbox 1842 3999 1987 4064; x_wconf 81' lang='lat' dir='ltr'>vita</span> <span class='ocrx_word' id='word_1_298' title='bbox 2029 3996 2417 4079; x_wconf 88' lang='lat' dir='ltr'>claudicare,</span> 
     </span>
     <span class='ocr_line' id='line_1_42' title="bbox 452 4081 2418 4169; baseline 0.001 -21"><span class='ocrx_word' id='word_1_299' title='bbox 452 4103 653 4165; x_wconf 88' lang='lat' dir='ltr'>saepe</span> <span class='ocrx_word' id='word_1_300' title='bbox 697 4082 899 4146; x_wconf 88' lang='lat' dir='ltr'>etiam</span> <span class='ocrx_word' id='word_1_301' title='bbox 941 4081 1105 4148; x_wconf 86' lang='lat' dir='ltr'>labi:</span> <span class='ocrx_word' id='word_1_302' title='bbox 1150 4084 1364 4164; x_wconf 89' lang='lat' dir='ltr'>fateri,</span> <span class='ocrx_word' id='word_1_303' title='bbox 1410 4084 1621 4152; x_wconf 81' lang='lat' dir='ltr'>velint</span> <span class='ocrx_word' id='word_1_304' title='bbox 1663 4084 1896 4163; x_wconf 91' lang='lat' dir='ltr'>nolint,</span> <span class='ocrx_word' id='word_1_305' title='bbox 1934 4084 2135 4150; x_wconf 86' lang='lat' dir='ltr'>etiam</span> <span class='ocrx_word' id='word_1_306' title='bbox 2169 4104 2418 4169; x_wconf 90' lang='lat' dir='ltr'>cogun-</span> 
     </span>
     <span class='ocr_line' id='line_1_43' title="bbox 451 4169 2418 4256; baseline 0.001 -21"><span class='ocrx_word' id='word_1_307' title='bbox 451 4181 594 4248; x_wconf 86' lang='lat' dir='ltr'>tur,</span> <span class='ocrx_word' id='word_1_308' title='bbox 651 4169 849 4234; x_wconf 87' lang='lat' dir='ltr'>venia</span> <span class='ocrx_word' id='word_1_309' title='bbox 907 4189 1133 4236; x_wconf 89' lang='lat' dir='ltr'>omnes</span> <span class='ocrx_word' id='word_1_310' title='bbox 1189 4170 1488 4256; x_wconf 89' lang='lat' dir='ltr'>indigere</span> <span class='ocrx_word' id='word_1_311' title='bbox 1541 4191 1662 4255; x_wconf 89' lang='lat' dir='ltr'>per</span> <span class='ocrx_word' id='word_1_312' title='bbox 1715 4192 1916 4254; x_wconf 90' lang='lat' dir='ltr'>quam</span> <span class='ocrx_word' id='word_1_313' title='bbox 1967 4170 2261 4237; x_wconf 89' lang='lat' dir='ltr'>iustitiae</span> <span class='ocrx_word' id='word_1_314' title='bbox 2305 4170 2418 4236; x_wconf 90' lang='lat' dir='ltr'>de-</span> 
     </span>
     <span class='ocr_line' id='line_1_44' title="bbox 452 4254 2420 4341; baseline 0 -19"><span class='ocrx_word' id='word_1_315' title='bbox 452 4256 668 4322; x_wconf 83' lang='lat' dir='ltr'>fectus</span> <span class='ocrx_word' id='word_1_316' title='bbox 738 4254 1144 4337; x_wconf 86' lang='lat' dir='ltr'>suppleatur.</span> <span class='ocrx_word' id='word_1_317' title='bbox 1246 4255 1383 4323; x_wconf 78' lang='lat' dir='ltr'>Sed</span> <span class='ocrx_word' id='word_1_318' title='bbox 1453 4258 1933 4323; x_wconf 86' lang='lat' dir='ltr'>satisfactiones</span> <span class='ocrx_word' id='word_1_319' title='bbox 1997 4264 2229 4341; x_wconf 88' lang='lat' dir='ltr'>postea</span> <span class='ocrx_word' id='word_1_320' title='bbox 2293 4258 2420 4322; x_wconf 90' lang='lat' dir='ltr'>fin-</span> 
     </span>
     <span class='ocr_line' id='line_1_45' title="bbox 451 4341 2421 4427; baseline 0.002 -22"><span class='ocrx_word' id='word_1_321' title='bbox 451 4349 659 4426; x_wconf 82' lang='lat' dir='ltr'>gunt,</span> <span class='ocrx_word' id='word_1_322' title='bbox 705 4341 940 4424; x_wconf 89' lang='lat' dir='ltr'>quibus</span> <span class='ocrx_word' id='word_1_323' title='bbox 983 4342 1112 4407; x_wconf 92' lang='lat' dir='ltr'>Dei</span> <span class='ocrx_word' id='word_1_324' title='bbox 1151 4345 1439 4427; x_wconf 85' lang='lat' dir='ltr'>gratiam</span> <span class='ocrx_word' id='word_1_325' title='bbox 1482 4343 1839 4422; x_wconf 90' lang='lat' dir='ltr'>redimant,</span> <span class='ocrx_word' id='word_1_326' title='bbox 1893 4343 2008 4427; x_wconf 92' lang='lat' dir='ltr'>qui</span> <span class='ocrx_word' id='word_1_327' title='bbox 2050 4351 2421 4426; x_wconf 67' lang='lat' dir='ltr'>peccarunt·</span> 
     </span>
     <span class='ocr_line' id='line_1_46' title="bbox 449 4427 2421 4513; baseline 0 -19"><span class='ocrx_word' id='word_1_328' title='bbox 449 4428 541 4494; x_wconf 92' lang='lat' dir='ltr'>In</span> <span class='ocrx_word' id='word_1_329' title='bbox 584 4428 710 4493; x_wconf 92' lang='lat' dir='ltr'>hoc</span> <span class='ocrx_word' id='word_1_330' title='bbox 750 4427 961 4511; x_wconf 88' lang='lat' dir='ltr'>gradu</span> <span class='ocrx_word' id='word_1_331' title='bbox 1004 4430 1418 4495; x_wconf 90' lang='lat' dir='ltr'>constituunt</span> <span class='ocrx_word' id='word_1_332' title='bbox 1460 4430 1750 4513; x_wconf 90' lang='lat' dir='ltr'>primum</span> <span class='ocrx_word' id='word_1_333' title='bbox 1784 4429 2260 4508; x_wconf 90' lang='lat' dir='ltr'>contritionem,</span> <span class='ocrx_word' id='word_1_334' title='bbox 2307 4429 2421 4495; x_wconf 88' lang='lat' dir='ltr'>de-</span> 
     </span>
     <span class='ocr_line' id='line_1_47' title="bbox 447 4513 2421 4600; baseline -0.001 -18"><span class='ocrx_word' id='word_1_335' title='bbox 447 4513 612 4582; x_wconf 92' lang='lat' dir='ltr'>inde</span> <span class='ocrx_word' id='word_1_336' title='bbox 653 4534 884 4597; x_wconf 90' lang='lat' dir='ltr'>opera,</span> <span class='ocrx_word' id='word_1_337' title='bbox 932 4533 1101 4597; x_wconf 89' lang='lat' dir='ltr'>quae</span> <span class='ocrx_word' id='word_1_338' title='bbox 1156 4523 1395 4582; x_wconf 66' lang='lat' dir='ltr'>vocant</span> <span class='ocrx_word' id='word_1_339' title='bbox 1450 4516 2075 4600; x_wconf 86' lang='lat' dir='ltr'>supererogationis,</span> <span class='ocrx_word' id='word_1_340' title='bbox 2132 4522 2200 4581; x_wconf 92' lang='lat' dir='ltr'>et</span> <span class='ocrx_word' id='word_1_341' title='bbox 2254 4536 2421 4598; x_wconf 90' lang='lat' dir='ltr'>quae</span> 
     </span>
     <span class='ocr_line' id='line_1_48' title="bbox 449 4598 2418 4686; baseline 0.002 -22"><span class='ocrx_word' id='word_1_342' title='bbox 449 4598 906 4686; x_wconf 85' lang='lat' dir='ltr'>peccatoribus</span> <span class='ocrx_word' id='word_1_343' title='bbox 948 4600 1329 4684; x_wconf 88' lang='lat' dir='ltr'>irrogantur</span> <span class='ocrx_word' id='word_1_344' title='bbox 1374 4622 1415 4666; x_wconf 90' lang='lat' dir='ltr'>a</span> <span class='ocrx_word' id='word_1_345' title='bbox 1455 4602 1601 4667; x_wconf 92' lang='lat' dir='ltr'>Deo</span> <span class='ocrx_word' id='word_1_346' title='bbox 1643 4624 1912 4686; x_wconf 87' lang='lat' dir='ltr'>poenae.</span> <span class='ocrx_word' id='word_1_347' title='bbox 2001 4602 2211 4667; x_wconf 89' lang='lat' dir='ltr'>Porro</span> <span class='ocrx_word' id='word_1_348' title='bbox 2258 4623 2418 4685; x_wconf 91' lang='lat' dir='ltr'>quo-</span> 
     </span>
     <span class='ocr_line' id='line_1_49' title="bbox 450 4687 2418 4773; baseline -0.001 -20"><span class='ocrx_word' id='word_1_349' title='bbox 450 4687 641 4753; x_wconf 84' lang='lat' dir='ltr'>niam</span> <span class='ocrx_word' id='word_1_350' title='bbox 695 4688 1257 4769; x_wconf 87' lang='lat' dir='ltr'>compensationes</span> <span class='ocrx_word' id='word_1_351' title='bbox 1314 4688 1477 4753; x_wconf 89' lang='lat' dir='ltr'>istas</span> <span class='ocrx_word' id='word_1_352' title='bbox 1533 4710 1572 4753; x_wconf 97' lang='lat' dir='ltr'>a</span> <span class='ocrx_word' id='word_1_353' title='bbox 1627 4688 1808 4755; x_wconf 88' lang='lat' dir='ltr'>iusta</span> <span class='ocrx_word' id='word_1_354' title='bbox 1855 4709 2169 4755; x_wconf 85' lang='lat' dir='ltr'>mensura</span> <span class='ocrx_word' id='word_1_355' title='bbox 2222 4688 2418 4773; x_wconf 91' lang='lat' dir='ltr'>longe</span> 
     </span>
     <span class='ocr_line' id='line_1_50' title="bbox 452 4772 2417 4852; baseline 0 -13"><span class='ocrx_word' id='word_1_356' title='bbox 452 4772 676 4839; x_wconf 87' lang='lat' dir='ltr'>adhuc</span> <span class='ocrx_word' id='word_1_357' title='bbox 736 4772 964 4838; x_wconf 88' lang='lat' dir='ltr'>abesse</span> <span class='ocrx_word' id='word_1_358' title='bbox 1019 4774 1348 4852; x_wconf 89' lang='lat' dir='ltr'>sentiunt,</span> <span class='ocrx_word' id='word_1_359' title='bbox 1426 4773 1695 4839; x_wconf 87' lang='lat' dir='ltr'>aliunde</span> <span class='ocrx_word' id='word_1_360' title='bbox 1761 4782 2107 4841; x_wconf 90' lang='lat' dir='ltr'>accersunt</span> <span class='ocrx_word' id='word_1_361' title='bbox 2171 4794 2417 4840; x_wconf 78' lang='lat' dir='ltr'>novum</span> 
     </span>
     <span class='ocr_line' id='line_1_51' title="bbox 453 4857 2414 4943; baseline 0.001 -17"><span class='ocrx_word' id='word_1_362' title='bbox 453 4857 950 4926; x_wconf 84' lang='lat' dir='ltr'>satisfactionis·</span> <span class='ocrx_word' id='word_1_363' title='bbox 977 4879 1212 4943; x_wconf 89' lang='lat' dir='ltr'>genus:</span> <span class='ocrx_word' id='word_1_364' title='bbox 1281 4879 1367 4924; x_wconf 89' lang='lat' dir='ltr'>ex</span> <span class='ocrx_word' id='word_1_365' title='bbox 1433 4860 1745 4926; x_wconf 90' lang='lat' dir='ltr'>beneficio</span> <span class='ocrx_word' id='word_1_366' title='bbox 1809 4860 2096 4926; x_wconf 86' lang='lat' dir='ltr'>clavium</span> <span class='ocrx_word' id='word_1_367' title='bbox 2147 4861 2414 4927; x_wconf 89' lang='lat' dir='ltr'>scilicet.</span> 
     </span>
     <span class='ocr_line' id='line_1_52' title="bbox 453 4944 2417 5013; baseline 0 -1"><span class='ocrx_word' id='word_1_368' title='bbox 453 4944 775 5012; x_wconf 86' lang='lat' dir='ltr'>Clavibus</span> <span class='ocrx_word' id='word_1_369' title='bbox 840 4951 1062 5010; x_wconf 87' lang='lat' dir='ltr'>autom</span> <span class='ocrx_word' id='word_1_370' title='bbox 1126 4947 1411 5011; x_wconf 87' lang='lat' dir='ltr'>reserari</span> <span class='ocrx_word' id='word_1_371' title='bbox 1462 4945 1693 5011; x_wconf 91' lang='lat' dir='ltr'>dicunt</span> <span class='ocrx_word' id='word_1_372' title='bbox 1763 4946 2155 5012; x_wconf 87' lang='lat' dir='ltr'>thesaurum</span> <span class='ocrx_word' id='word_1_373' title='bbox 2212 4946 2417 5013; x_wconf 90' lang='lat' dir='ltr'>eccle-</span> 
     </span>
     <span class='ocr_line' id='line_1_53' title="bbox 453 5029 2418 5114; baseline -0.001 -15"><span class='ocrx_word' id='word_1_374' title='bbox 453 5033 627 5099; x_wconf 86' lang='lat' dir='ltr'>siae:</span> <span class='ocrx_word' id='word_1_375' title='bbox 672 5037 750 5096; x_wconf 90' lang='lat' dir='ltr'>ut</span> <span class='ocrx_word' id='word_1_376' title='bbox 787 5029 964 5114; x_wconf 89' lang='lat' dir='ltr'>quod</span> <span class='ocrx_word' id='word_1_377' title='bbox 1005 5031 1193 5097; x_wconf 91' lang='lat' dir='ltr'>nobis</span> <span class='ocrx_word' id='word_1_378' title='bbox 1236 5031 1447 5113; x_wconf 89' lang='lat' dir='ltr'>deest,</span> <span class='ocrx_word' id='word_1_379' title='bbox 1503 5054 1588 5097; x_wconf 86' lang='lat' dir='ltr'>ex</span> <span class='ocrx_word' id='word_1_380' title='bbox 1631 5031 1885 5098; x_wconf 82' lang='lat' dir='ltr'>Christi</span> <span class='ocrx_word' id='word_1_381' title='bbox 1927 5040 1993 5098; x_wconf 93' lang='lat' dir='ltr'>et</span> <span class='ocrx_word' id='word_1_382' title='bbox 2035 5040 2418 5099; x_wconf 89' lang='lat' dir='ltr'>sanctorum</span> 
     </span>
     <span class='ocr_line' id='line_1_54' title="bbox 453 5116 2418 5204; baseline 0.001 -21"><span class='ocrx_word' id='word_1_383' title='bbox 453 5118 713 5183; x_wconf 90' lang='lat' dir='ltr'>meritis</span> <span class='ocrx_word' id='word_1_384' title='bbox 769 5116 1173 5201; x_wconf 88' lang='lat' dir='ltr'>suppleatur.</span> <span class='ocrx_word' id='word_1_385' title='bbox 1260 5119 1399 5184; x_wconf 89' lang='lat' dir='ltr'>Nos</span> <span class='ocrx_word' id='word_1_386' title='bbox 1442 5139 1630 5199; x_wconf 84' lang='lat' dir='ltr'>vero,</span> <span class='ocrx_word' id='word_1_387' title='bbox 1677 5120 1963 5204; x_wconf 89' lang='lat' dir='ltr'>gratuito</span> <span class='ocrx_word' id='word_1_388' title='bbox 2007 5119 2255 5185; x_wconf 87' lang='lat' dir='ltr'>remitti</span> <span class='ocrx_word' id='word_1_389' title='bbox 2297 5118 2418 5185; x_wconf 92' lang='lat' dir='ltr'>ho-</span> 
     </span>
     <span class='ocr_line' id='line_1_55' title="bbox 454 5204 2417 5291; baseline 0.001 -22"><span class='ocrx_word' id='word_1_390' title='bbox 454 5204 750 5270; x_wconf 86' lang='lat' dir='ltr'>minibus</span> <span class='ocrx_word' id='word_1_391' title='bbox 783 5210 1053 5285; x_wconf 86' lang='lat' dir='ltr'>peccata</span> <span class='ocrx_word' id='word_1_392' title='bbox 1071 5205 1447 5285; x_wconf 87' lang='lat' dir='ltr'>asserimus,</span> <span class='ocrx_word' id='word_1_393' title='bbox 1487 5210 1637 5287; x_wconf 73' lang='lat' dir='ltr'>[pag.</span> <span class='ocrx_word' id='word_1_394' title='bbox 1664 5211 1771 5286; x_wconf 83' lang='lat'>54]</span> <span class='ocrx_word' id='word_1_395' title='bbox 1817 5228 1934 5273; x_wconf 90' lang='lat' dir='ltr'>nec</span> <span class='ocrx_word' id='word_1_396' title='bbox 1954 5205 2160 5271; x_wconf 88' lang='lat' dir='ltr'>ullam</span> <span class='ocrx_word' id='word_1_397' title='bbox 2178 5226 2417 5291; x_wconf 89' lang='lat' dir='ltr'>agnos-</span> 
     </span>
     <span class='ocr_line' id='line_1_56' title="bbox 455 5288 2421 5376; baseline 0.001 -19"><span class='ocrx_word' id='word_1_398' title='bbox 455 5291 672 5358; x_wconf 89' lang='lat' dir='ltr'>cimus</span> <span class='ocrx_word' id='word_1_399' title='bbox 726 5288 926 5353; x_wconf 89' lang='lat' dir='ltr'>aliam</span> <span class='ocrx_word' id='word_1_400' title='bbox 980 5290 1521 5372; x_wconf 83' lang='lat' dir='ltr'>satisfactionem,</span> <span class='ocrx_word' id='word_1_401' title='bbox 1576 5293 1708 5358; x_wconf 91' lang='lat' dir='ltr'>nisi</span> <span class='ocrx_word' id='word_1_402' title='bbox 1759 5312 1888 5376; x_wconf 88' lang='lat' dir='ltr'>qua</span> <span class='ocrx_word' id='word_1_403' title='bbox 1929 5291 2274 5358; x_wconf 85' lang='lat' dir='ltr'>defunctus</span> <span class='ocrx_word' id='word_1_404' title='bbox 2317 5300 2421 5358; x_wconf 91' lang='lat' dir='ltr'>est</span> 
     </span>
     <span class='ocr_line' id='line_1_57' title="bbox 455 5375 2420 5460; baseline -0.001 -16"><span class='ocrx_word' id='word_1_405' title='bbox 455 5375 792 5453; x_wconf 88' lang='lat' dir='ltr'>Christus,</span> <span class='ocrx_word' id='word_1_406' title='bbox 834 5395 1040 5458; x_wconf 90' lang='lat' dir='ltr'>quum</span> <span class='ocrx_word' id='word_1_407' title='bbox 1080 5377 1408 5446; x_wconf 81' lang='lat' dir='ltr'>sacrificio·</span> <span class='ocrx_word' id='word_1_408' title='bbox 1433 5379 1664 5445; x_wconf 88' lang='lat' dir='ltr'>mortis</span> <span class='ocrx_word' id='word_1_409' title='bbox 1699 5398 1857 5444; x_wconf 87' lang='lat' dir='ltr'>suae</span> <span class='ocrx_word' id='word_1_410' title='bbox 1889 5381 2157 5460; x_wconf 83' lang='lat' dir='ltr'>peccata</span> <span class='ocrx_word' id='word_1_411' title='bbox 2190 5384 2420 5445; x_wconf 89' lang='lat' dir='ltr'>nostra</span> 
     </span>
    </p>
   </div>
   <div class='ocr_carea' id='block_1_3' title="bbox 1808 397 3124 518">
    <p class='ocr_par' dir='ltr' id='par_1_4' title="bbox 1808 397 3124 518">
     <span class='ocr_line' id='line_1_58' title="bbox 1808 397 3124 518; baseline 0.005 -6"><span class='ocrx_word' id='word_1_412' title='bbox 1808 397 2534 514; x_wconf 58' lang='grc'><strong>00000111011110</strong></span> <span class='ocrx_word' id='word_1_413' title='bbox 2577 447 3124 518; x_wconf 68' lang='grc'><strong>0011100110.</strong></span> 
     </span>
    </p>
   </div>
   <div class='ocr_carea' id='block_1_4' title="bbox 4357 463 4489 527">
    <p class='ocr_par' dir='ltr' id='par_1_5' title="bbox 4357 463 4489 527">
     <span class='ocr_line' id='line_1_59' title="bbox 4357 463 4489 527; baseline 0.015 -2"><span class='ocrx_word' id='word_1_414' title='bbox 4357 463 4489 527; x_wconf 80' lang='grc'>486</span> 
     </span>
    </p>
   </div>
   <div class='ocr_carea' id='block_1_5' title="bbox 2514 637 4495 5200">
    <p class='ocr_par' dir='ltr' id='par_1_6' title="bbox 2514 637 4495 4252">
     <span class='ocr_line' id='line_1_60' title="bbox 2520 637 4486 731; baseline 0.007 -29"><span class='ocrx_word' id='word_1_415' title='bbox 2520 638 2838 722; x_wconf 81' lang='lat' dir='ltr'>expiavit.</span> <span class='ocrx_word' id='word_1_416' title='bbox 2929 637 3152 707; x_wconf 81' lang='lat' dir='ltr'>Solius</span> <span class='ocrx_word' id='word_1_417' title='bbox 3204 662 3363 726; x_wconf 85' lang='lat' dir='ltr'>ergo</span> <span class='ocrx_word' id='word_1_418' title='bbox 3406 641 3663 708; x_wconf 84' lang='lat' dir='ltr'>Christi</span> <span class='ocrx_word' id='word_1_419' title='bbox 3716 644 4031 711; x_wconf 89' lang='lat' dir='ltr'>beneficio</span> <span class='ocrx_word' id='word_1_420' title='bbox 4086 647 4236 713; x_wconf 89' lang='lat' dir='ltr'>fieri</span> <span class='ocrx_word' id='word_1_421' title='bbox 4292 669 4486 731; x_wconf 88' lang='lat' dir='ltr'>prae-</span> 
     </span>
     <span class='ocr_line' id='line_1_61' title="bbox 2521 721 4484 809; baseline 0.007 -21"><span class='ocrx_word' id='word_1_422' title='bbox 2521 721 2833 804; x_wconf 84' lang='lat' dir='ltr'>dicamus,</span> <span class='ocrx_word' id='word_1_423' title='bbox 2879 733 2960 790; x_wconf 90' lang='lat' dir='ltr'>ut</span> <span class='ocrx_word' id='word_1_424' title='bbox 3002 728 3502 795; x_wconf 86' lang='lat' dir='ltr'>reconciliemur</span> <span class='ocrx_word' id='word_1_425' title='bbox 3546 730 3720 809; x_wconf 72' lang='lat' dir='ltr'>Deo:</span> <span class='ocrx_word' id='word_1_426' title='bbox 3765 751 3886 796; x_wconf 90' lang='lat' dir='ltr'>nec</span> <span class='ocrx_word' id='word_1_427' title='bbox 3931 732 4101 798; x_wconf 90' lang='lat' dir='ltr'>ullas</span> <span class='ocrx_word' id='word_1_428' title='bbox 4146 732 4256 800; x_wconf 92' lang='lat' dir='ltr'>hic</span> <span class='ocrx_word' id='word_1_429' title='bbox 4306 753 4484 801; x_wconf 87' lang='lat' dir='ltr'>com·</span> 
     </span>
     <span class='ocr_line' id='line_1_62' title="bbox 2519 811 4485 900; baseline 0.007 -26"><span class='ocrx_word' id='word_1_430' title='bbox 2519 811 2936 892; x_wconf 90' lang='lat' dir='ltr'>pensationes</span> <span class='ocrx_word' id='word_1_431' title='bbox 2978 814 3205 878; x_wconf 83' lang='lat' dir='ltr'>venire</span> <span class='ocrx_word' id='word_1_432' title='bbox 3255 814 3326 878; x_wconf 90' lang='lat' dir='ltr'>in</span> <span class='ocrx_word' id='word_1_433' title='bbox 3381 815 3708 880; x_wconf 88' lang='lat' dir='ltr'>rationem</span> <span class='ocrx_word' id='word_1_434' title='bbox 3725 865 3739 892; x_wconf 92' lang='lat'>,</span> <span class='ocrx_word' id='word_1_435' title='bbox 3798 838 3999 900; x_wconf 91' lang='lat' dir='ltr'>quum</span> <span class='ocrx_word' id='word_1_436' title='bbox 4045 819 4185 884; x_wconf 88' lang='lat' dir='ltr'>sola</span> <span class='ocrx_word' id='word_1_437' title='bbox 4229 819 4485 887; x_wconf 84' lang='lat' dir='ltr'>Christi</span> 
     </span>
     <span class='ocr_line' id='line_1_63' title="bbox 2519 896 4483 984; baseline 0.008 -26"><span class='ocrx_word' id='word_1_438' title='bbox 2519 896 2892 978; x_wconf 86' lang='lat' dir='ltr'>expiatione</span> <span class='ocrx_word' id='word_1_439' title='bbox 2934 906 3286 965; x_wconf 89' lang='lat' dir='ltr'>contentus</span> <span class='ocrx_word' id='word_1_440' title='bbox 3322 900 3623 965; x_wconf 89' lang='lat' dir='ltr'>coelestis</span> <span class='ocrx_word' id='word_1_441' title='bbox 3663 909 3870 984; x_wconf 88' lang='lat' dir='ltr'>pater,</span> <span class='ocrx_word' id='word_1_442' title='bbox 3917 904 4174 969; x_wconf 91' lang='lat' dir='ltr'>nullam</span> <span class='ocrx_word' id='word_1_443' title='bbox 4210 927 4251 970; x_wconf 91' lang='lat' dir='ltr'>a</span> <span class='ocrx_word' id='word_1_444' title='bbox 4293 907 4483 973; x_wconf 89' lang='lat' dir='ltr'>nobis</span> 
     </span>
     <span class='ocr_line' id='line_1_64' title="bbox 2519 983 4482 1064; baseline 0.007 -19"><span class='ocrx_word' id='word_1_445' title='bbox 2519 983 2830 1064; x_wconf 88' lang='lat' dir='ltr'>requirat.</span> <span class='ocrx_word' id='word_1_446' title='bbox 2920 983 3141 1050; x_wconf 90' lang='lat' dir='ltr'>Huius</span> <span class='ocrx_word' id='word_1_447' title='bbox 3196 994 3463 1050; x_wconf 90' lang='lat' dir='ltr'>nostrae</span> <span class='ocrx_word' id='word_1_448' title='bbox 3508 987 3848 1053; x_wconf 89' lang='lat' dir='ltr'>doctrinae</span> <span class='ocrx_word' id='word_1_449' title='bbox 3899 988 4309 1056; x_wconf 83' lang='lat' dir='ltr'>luculentam</span> <span class='ocrx_word' id='word_1_450' title='bbox 4360 993 4482 1058; x_wconf 87' lang='lat' dir='ltr'>ha-</span> 
     </span>
     <span class='ocr_line' id='line_1_65' title="bbox 2519 1065 4478 1157; baseline 0.006 -27"><span class='ocrx_word' id='word_1_451' title='bbox 2519 1065 2747 1133; x_wconf 90' lang='lat' dir='ltr'>bemus</span> <span class='ocrx_word' id='word_1_452' title='bbox 2813 1069 3349 1153; x_wconf 87' lang='lat' dir='ltr'>approbationem</span> <span class='ocrx_word' id='word_1_453' title='bbox 3417 1092 3499 1136; x_wconf 86' lang='lat' dir='ltr'>ex</span> <span class='ocrx_word' id='word_1_454' title='bbox 3570 1074 3945 1157; x_wconf 88' lang='lat' dir='ltr'>scripturis:</span> <span class='ocrx_word' id='word_1_455' title='bbox 4016 1078 4279 1141; x_wconf 87' lang='lat' dir='ltr'>tametsi</span> <span class='ocrx_word' id='word_1_456' title='bbox 4345 1075 4478 1143; x_wconf 87' lang='lat' dir='ltr'>non</span> 
     </span>
     <span class='ocr_line' id='line_1_66' title="bbox 2518 1155 4480 1239; baseline 0.005 -21"><span class='ocrx_word' id='word_1_457' title='bbox 2518 1160 2769 1232; x_wconf 84' lang='lat' dir='ltr'>nostra,</span> <span class='ocrx_word' id='word_1_458' title='bbox 2830 1155 2945 1219; x_wconf 87' lang='lat' dir='ltr'>sed</span> <span class='ocrx_word' id='word_1_459' title='bbox 3002 1156 3358 1221; x_wconf 90' lang='lat' dir='ltr'>catholicae</span> <span class='ocrx_word' id='word_1_460' title='bbox 3413 1159 3635 1239; x_wconf 90' lang='lat' dir='ltr'>potius</span> <span class='ocrx_word' id='word_1_461' title='bbox 3689 1159 4000 1226; x_wconf 85' lang='lat' dir='ltr'>ecclesiae</span> <span class='ocrx_word' id='word_1_462' title='bbox 4043 1161 4319 1227; x_wconf 88' lang='lat' dir='ltr'>dicenda</span> <span class='ocrx_word' id='word_1_463' title='bbox 4362 1171 4480 1230; x_wconf 88' lang='lat' dir='ltr'>est.</span> 
     </span>
     <span class='ocr_line' id='line_1_67' title="bbox 2518 1238 4482 1331; baseline 0.005 -28"><span class='ocrx_word' id='word_1_464' title='bbox 2518 1238 2717 1305; x_wconf 89' lang='lat' dir='ltr'>Hunc</span> <span class='ocrx_word' id='word_1_465' title='bbox 2772 1241 2951 1305; x_wconf 88' lang='lat' dir='ltr'>enim</span> <span class='ocrx_word' id='word_1_466' title='bbox 3006 1243 3277 1307; x_wconf 87' lang='lat' dir='ltr'>modum</span> <span class='ocrx_word' id='word_1_467' title='bbox 3329 1243 3649 1308; x_wconf 85' lang='lat' dir='ltr'>redeundi</span> <span class='ocrx_word' id='word_1_468' title='bbox 3702 1267 3853 1310; x_wconf 86' lang='lat' dir='ltr'>cum</span> <span class='ocrx_word' id='word_1_469' title='bbox 3898 1244 4043 1311; x_wconf 93' lang='lat' dir='ltr'>Deo</span> <span class='ocrx_word' id='word_1_470' title='bbox 4083 1247 4156 1312; x_wconf 90' lang='lat' dir='ltr'>in</span> <span class='ocrx_word' id='word_1_471' title='bbox 4199 1249 4482 1331; x_wconf 84' lang='lat' dir='ltr'>gratiam</span> 
     </span>
     <span class='ocr_line' id='line_1_68' title="bbox 2518 1324 4479 1414; baseline 0.005 -24"><span class='ocrx_word' id='word_1_472' title='bbox 2518 1324 2729 1390; x_wconf 91' lang='lat' dir='ltr'>solum</span> <span class='ocrx_word' id='word_1_473' title='bbox 2766 1328 3071 1410; x_wconf 90' lang='lat' dir='ltr'>proponit</span> <span class='ocrx_word' id='word_1_474' title='bbox 3108 1327 3474 1411; x_wconf 88' lang='lat' dir='ltr'>apostolus:</span> <span class='ocrx_word' id='word_1_475' title='bbox 3514 1329 3690 1413; x_wconf 91' lang='lat' dir='ltr'>quod</span> <span class='ocrx_word' id='word_1_476' title='bbox 3724 1332 3781 1396; x_wconf 92' lang='lat' dir='ltr'>is</span> <span class='ocrx_word' id='word_1_477' title='bbox 3817 1332 3928 1414; x_wconf 92' lang='lat' dir='ltr'>qui</span> <span class='ocrx_word' id='word_1_478' title='bbox 3967 1341 4310 1414; x_wconf 87' lang='lat' dir='ltr'>peccatum</span> <span class='ocrx_word' id='word_1_479' title='bbox 4345 1355 4479 1399; x_wconf 89' lang='lat' dir='ltr'>non</span> 
     </span>
     <span class='ocr_line' id='line_1_69' title="bbox 2516 1409 4481 1497; baseline 0.005 -22"><span class='ocrx_word' id='word_1_480' title='bbox 2516 1421 2797 1476; x_wconf 77' lang='lat' dir='ltr'>noverat</span> <span class='ocrx_word' id='word_1_481' title='bbox 2813 1463 2827 1490; x_wconf 93' lang='lat'>,</span> <span class='ocrx_word' id='word_1_482' title='bbox 2875 1433 2994 1495; x_wconf 91' lang='lat' dir='ltr'>pro</span> <span class='ocrx_word' id='word_1_483' title='bbox 3036 1409 3225 1479; x_wconf 91' lang='lat' dir='ltr'>nobis</span> <span class='ocrx_word' id='word_1_484' title='bbox 3267 1416 3479 1480; x_wconf 87' lang='lat' dir='ltr'>factus</span> <span class='ocrx_word' id='word_1_485' title='bbox 3523 1416 3612 1481; x_wconf 91' lang='lat' dir='ltr'>sit</span> <span class='ocrx_word' id='word_1_486' title='bbox 3655 1424 4025 1497; x_wconf 87' lang='lat' dir='ltr'>peccatum,</span> <span class='ocrx_word' id='word_1_487' title='bbox 4070 1426 4147 1482; x_wconf 88' lang='lat' dir='ltr'>ut</span> <span class='ocrx_word' id='word_1_488' title='bbox 4192 1420 4481 1485; x_wconf 89' lang='lat' dir='ltr'>efficere-</span> 
     </span>
     <span class='ocr_line' id='line_1_70' title="bbox 2516 1498 4480 1586; baseline 0.005 -26"><span class='ocrx_word' id='word_1_489' title='bbox 2516 1518 2668 1562; x_wconf 90' lang='lat' dir='ltr'>mur</span> <span class='ocrx_word' id='word_1_490' title='bbox 2720 1498 2975 1563; x_wconf 89' lang='lat' dir='ltr'>iustitia</span> <span class='ocrx_word' id='word_1_491' title='bbox 3028 1499 3158 1564; x_wconf 90' lang='lat' dir='ltr'>Dei</span> <span class='ocrx_word' id='word_1_492' title='bbox 3214 1501 3285 1564; x_wconf 92' lang='lat' dir='ltr'>in</span> <span class='ocrx_word' id='word_1_493' title='bbox 3337 1500 3450 1565; x_wconf 92' lang='lat' dir='ltr'>illo</span> <span class='ocrx_word' id='word_1_494' title='bbox 3511 1503 3577 1584; x_wconf 87' lang='grc'>(2</span> <span class='ocrx_word' id='word_1_495' title='bbox 3622 1500 3773 1568; x_wconf 91' lang='lat' dir='ltr'>Cor.</span> <span class='ocrx_word' id='word_1_496' title='bbox 3816 1505 3874 1579; x_wconf 88' lang='lat'>5,</span> <span class='ocrx_word' id='word_1_497' title='bbox 3914 1502 4048 1586; x_wconf 85' lang='lat'>21).</span> <span class='ocrx_word' id='word_1_498' title='bbox 4148 1503 4244 1569; x_wconf 85' lang='lat' dir='ltr'>Et</span> <span class='ocrx_word' id='word_1_499' title='bbox 4302 1503 4480 1585; x_wconf 90' lang='lat' dir='ltr'>alibi,</span> 
     </span>
     <span class='ocr_line' id='line_1_71' title="bbox 2517 1583 4483 1672; baseline 0.004 -25"><span class='ocrx_word' id='word_1_500' title='bbox 2517 1604 2728 1665; x_wconf 90' lang='lat' dir='ltr'>quum</span> <span class='ocrx_word' id='word_1_501' title='bbox 2772 1583 2853 1649; x_wconf 90' lang='lat' dir='ltr'>de</span> <span class='ocrx_word' id='word_1_502' title='bbox 2899 1586 3281 1651; x_wconf 87' lang='lat' dir='ltr'>remissione</span> <span class='ocrx_word' id='word_1_503' title='bbox 3326 1597 3747 1670; x_wconf 86' lang='lat' dir='ltr'>peccatorum</span> <span class='ocrx_word' id='word_1_504' title='bbox 3791 1587 4113 1671; x_wconf 90' lang='lat' dir='ltr'>loquitur,</span> <span class='ocrx_word' id='word_1_505' title='bbox 4171 1609 4291 1672; x_wconf 92' lang='lat' dir='ltr'>per</span> <span class='ocrx_word' id='word_1_506' title='bbox 4334 1610 4483 1655; x_wconf 88' lang='lat' dir='ltr'>eam</span> 
     </span>
     <span class='ocr_line' id='line_1_72' title="bbox 2517 1670 4490 1755; baseline 0.004 -23"><span class='ocrx_word' id='word_1_507' title='bbox 2517 1670 2706 1734; x_wconf 90' lang='lat' dir='ltr'>nobis</span> <span class='ocrx_word' id='word_1_508' title='bbox 2758 1671 3071 1753; x_wconf 88' lang='lat' dir='ltr'>imputari</span> <span class='ocrx_word' id='word_1_509' title='bbox 3128 1670 3376 1754; x_wconf 88' lang='lat' dir='ltr'>absque</span> <span class='ocrx_word' id='word_1_510' title='bbox 3430 1672 3737 1755; x_wconf 86' lang='lat' dir='ltr'>operibus</span> <span class='ocrx_word' id='word_1_511' title='bbox 3794 1674 4146 1750; x_wconf 88' lang='lat' dir='ltr'>iustitiam,</span> <span class='ocrx_word' id='word_1_512' title='bbox 4200 1682 4490 1741; x_wconf 88' lang='lat' dir='ltr'>testatur</span> 
     </span>
     <span class='ocr_line' id='line_1_73' title="bbox 2514 1755 4485 1844; baseline 0.004 -24"><span class='ocrx_word' id='word_1_513' title='bbox 2514 1755 2739 1839; x_wconf 89' lang='lat' dir='ltr'>(Rom.</span> <span class='ocrx_word' id='word_1_514' title='bbox 2777 1762 2838 1836; x_wconf 90' lang='lat'>4,</span> <span class='ocrx_word' id='word_1_515' title='bbox 2880 1757 2966 1841; x_wconf 83' lang='lat'>5).</span> <span class='ocrx_word' id='word_1_516' title='bbox 3049 1756 3248 1838; x_wconf 80' lang='lat' dir='ltr'>Quod</span> <span class='ocrx_word' id='word_1_517' title='bbox 3302 1778 3460 1842; x_wconf 91' lang='lat' dir='ltr'>ergo</span> <span class='ocrx_word' id='word_1_518' title='bbox 3520 1760 3658 1824; x_wconf 91' lang='lat' dir='ltr'>suis</span> <span class='ocrx_word' id='word_1_519' title='bbox 3716 1761 4275 1826; x_wconf 84' lang='lat' dir='ltr'>satisfactionibus</span> <span class='ocrx_word' id='word_1_520' title='bbox 4334 1782 4485 1844; x_wconf 87' lang='lat' dir='ltr'>pro-</span> 
     </span>
     <span class='ocr_line' id='line_1_74' title="bbox 2515 1842 4485 1926; baseline 0.004 -22"><span class='ocrx_word' id='word_1_521' title='bbox 2515 1842 2757 1906; x_wconf 89' lang='lat' dir='ltr'>mereri</span> <span class='ocrx_word' id='word_1_522' title='bbox 2810 1862 2882 1907; x_wconf 91' lang='lat' dir='ltr'>se</span> <span class='ocrx_word' id='word_1_523' title='bbox 2938 1844 3391 1926; x_wconf 85' lang='lat' dir='ltr'>imaginantur</span> <span class='ocrx_word' id='word_1_524' title='bbox 3448 1843 3811 1911; x_wconf 85' lang='lat' dir='ltr'>adversarii</span> <span class='ocrx_word' id='word_1_525' title='bbox 3882 1846 4485 1912; x_wconf 91' lang='lat' dir='ltr'>reconciliationem</span> 
     </span>
     <span class='ocr_line' id='line_1_75' title="bbox 2514 1928 4481 2014; baseline 0.003 -22"><span class='ocrx_word' id='word_1_526' title='bbox 2514 1947 2664 1992; x_wconf 90' lang='lat' dir='ltr'>cum</span> <span class='ocrx_word' id='word_1_527' title='bbox 2707 1928 2853 1993; x_wconf 92' lang='lat' dir='ltr'>Deo</span> <span class='ocrx_word' id='word_1_528' title='bbox 2898 1948 3269 2012; x_wconf 84' lang='lat' dir='ltr'>poenasque</span> <span class='ocrx_word' id='word_1_529' title='bbox 3314 1930 3634 1996; x_wconf 85' lang='lat' dir='ltr'>redimere</span> <span class='ocrx_word' id='word_1_530' title='bbox 3676 1932 3887 2014; x_wconf 87' lang='lat' dir='ltr'>ipsius</span> <span class='ocrx_word' id='word_1_531' title='bbox 3929 1932 4172 1996; x_wconf 90' lang='lat' dir='ltr'>iudicio</span> <span class='ocrx_word' id='word_1_532' title='bbox 4208 1931 4481 2014; x_wconf 89' lang='lat' dir='ltr'>debitas,</span> 
     </span>
     <span class='ocr_line' id='line_1_76' title="bbox 2516 2013 4482 2099; baseline 0.003 -21"><span class='ocrx_word' id='word_1_533' title='bbox 2516 2013 2988 2079; x_wconf 87' lang='lat' dir='ltr'>exsecrabilem</span> <span class='ocrx_word' id='word_1_534' title='bbox 3042 2035 3186 2079; x_wconf 86' lang='lat' dir='ltr'>esse</span> <span class='ocrx_word' id='word_1_535' title='bbox 3230 2015 3737 2098; x_wconf 89' lang='lat' dir='ltr'>blasphemiam,</span> <span class='ocrx_word' id='word_1_536' title='bbox 3784 2018 4075 2095; x_wconf 86' lang='lat' dir='ltr'>fortiter,</span> <span class='ocrx_word' id='word_1_537' title='bbox 4122 2018 4318 2082; x_wconf 90' lang='lat' dir='ltr'>sicuti</span> <span class='ocrx_word' id='word_1_538' title='bbox 4361 2025 4482 2099; x_wconf 88' lang='lat' dir='ltr'>est,</span> 
     </span>
     <span class='ocr_line' id='line_1_77' title="bbox 2517 2100 4486 2186; baseline 0.003 -22"><span class='ocrx_word' id='word_1_539' title='bbox 2517 2118 3001 2166; x_wconf 83' lang='lat' dir='ltr'>asseveramus:</span> <span class='ocrx_word' id='word_1_540' title='bbox 3061 2121 3267 2184; x_wconf 88' lang='lat' dir='ltr'>quum</span> <span class='ocrx_word' id='word_1_541' title='bbox 3322 2101 3419 2165; x_wconf 88' lang='lat' dir='ltr'>ita</span> <span class='ocrx_word' id='word_1_542' title='bbox 3472 2100 3850 2167; x_wconf 83' lang='lat' dir='ltr'>destruatur</span> <span class='ocrx_word' id='word_1_543' title='bbox 3888 2102 4064 2186; x_wconf 90' lang='lat' dir='ltr'>quod</span> <span class='ocrx_word' id='word_1_544' title='bbox 4107 2103 4359 2170; x_wconf 87' lang='lat' dir='ltr'>Iesaias</span> <span class='ocrx_word' id='word_1_545' title='bbox 4402 2104 4486 2170; x_wconf 91' lang='lat' dir='ltr'>de</span> 
     </span>
     <span class='ocr_line' id='line_1_78' title="bbox 2516 2183 4486 2272; baseline 0.004 -23"><span class='ocrx_word' id='word_1_546' title='bbox 2516 2183 2787 2250; x_wconf 90' lang='lat' dir='ltr'>Christo</span> <span class='ocrx_word' id='word_1_547' title='bbox 2831 2185 3052 2266; x_wconf 89' lang='lat' dir='ltr'>tradit,</span> <span class='ocrx_word' id='word_1_548' title='bbox 3099 2186 3464 2270; x_wconf 85' lang='lat' dir='ltr'>disciplina,</span> <span class='ocrx_word' id='word_1_549' title='bbox 3510 2196 3627 2252; x_wconf 90' lang='lat' dir='ltr'>aut</span> <span class='ocrx_word' id='word_1_550' title='bbox 3670 2190 4069 2253; x_wconf 89' lang='lat' dir='ltr'>correctione</span> <span class='ocrx_word' id='word_1_551' title='bbox 4103 2191 4285 2272; x_wconf 87' lang='lat' dir='ltr'>pacis</span> <span class='ocrx_word' id='word_1_552' title='bbox 4329 2212 4486 2257; x_wconf 90' lang='lat' dir='ltr'>nos-</span> 
     </span>
     <span class='ocr_line' id='line_1_79' title="bbox 2516 2273 4486 2360; baseline 0.004 -26"><span class='ocrx_word' id='word_1_553' title='bbox 2516 2278 2660 2336; x_wconf 88' lang='lat' dir='ltr'>trae</span> <span class='ocrx_word' id='word_1_554' title='bbox 2724 2293 2878 2337; x_wconf 92' lang='lat' dir='ltr'>eum</span> <span class='ocrx_word' id='word_1_555' title='bbox 2946 2293 3093 2338; x_wconf 88' lang='lat' dir='ltr'>esse</span> <span class='ocrx_word' id='word_1_556' title='bbox 3152 2274 3572 2356; x_wconf 85' lang='lat' dir='ltr'>perfunctum</span> <span class='ocrx_word' id='word_1_557' title='bbox 3638 2273 3793 2355; x_wconf 89' lang='lat' dir='ltr'>(Ies.</span> <span class='ocrx_word' id='word_1_558' title='bbox 3841 2278 3939 2352; x_wconf 83' lang='lat'>53,</span> <span class='ocrx_word' id='word_1_559' title='bbox 3983 2275 4070 2358; x_wconf 88' lang='grc'>5).</span> <span class='ocrx_word' id='word_1_560' title='bbox 4170 2276 4486 2360; x_wconf 87' lang='lat' dir='ltr'>Ineptum</span> 
     </span>
     <span class='ocr_line' id='line_1_80' title="bbox 2516 2357 4484 2444; baseline 0.003 -24"><span class='ocrx_word' id='word_1_561' title='bbox 2516 2377 2773 2440; x_wconf 91' lang='lat' dir='ltr'>quoque</span> <span class='ocrx_word' id='word_1_562' title='bbox 2815 2357 2985 2423; x_wconf 91' lang='lat' dir='ltr'>illud</span> <span class='ocrx_word' id='word_1_563' title='bbox 3030 2357 3111 2423; x_wconf 94' lang='lat' dir='ltr'>de</span> <span class='ocrx_word' id='word_1_564' title='bbox 3154 2358 3460 2441; x_wconf 90' lang='lat' dir='ltr'>operibus</span> <span class='ocrx_word' id='word_1_565' title='bbox 3509 2359 4103 2444; x_wconf 86' lang='lat' dir='ltr'>supererogationis</span> <span class='ocrx_word' id='word_1_566' title='bbox 4148 2382 4484 2427; x_wconf 89' lang='lat' dir='ltr'>commen·-</span> 
     </span>
     <span class='ocr_line' id='line_1_81' title="bbox 2518 2444 4485 2527; baseline 0.004 -21"><span class='ocrx_word' id='word_1_567' title='bbox 2518 2451 2662 2507; x_wconf 89' lang='lat' dir='ltr'>tum</span> <span class='ocrx_word' id='word_1_568' title='bbox 2695 2464 2814 2508; x_wconf 91' lang='lat' dir='ltr'>cur</span> <span class='ocrx_word' id='word_1_569' title='bbox 2855 2444 3296 2527; x_wconf 85' lang='lat' dir='ltr'>repudiemus,</span> <span class='ocrx_word' id='word_1_570' title='bbox 3342 2445 3591 2510; x_wconf 87' lang='lat' dir='ltr'>multae</span> <span class='ocrx_word' id='word_1_571' title='bbox 3634 2453 3793 2509; x_wconf 91' lang='lat' dir='ltr'>sunt</span> <span class='ocrx_word' id='word_1_572' title='bbox 3834 2467 4104 2526; x_wconf 82' lang='lat' dir='ltr'>causa03</span> <span class='ocrx_word' id='word_1_573' title='bbox 4151 2445 4268 2512; x_wconf 90' lang='lat' dir='ltr'>sed</span> <span class='ocrx_word' id='word_1_574' title='bbox 4315 2446 4485 2513; x_wconf 89' lang='lat' dir='ltr'>duae</span> 
     </span>
     <span class='ocr_line' id='line_1_82' title="bbox 2517 2528 4484 2614; baseline 0.003 -21"><span class='ocrx_word' id='word_1_575' title='bbox 2517 2528 2667 2611; x_wconf 90' lang='lat' dir='ltr'>plus</span> <span class='ocrx_word' id='word_1_576' title='bbox 2720 2531 2883 2595; x_wconf 90' lang='lat' dir='ltr'>satis</span> <span class='ocrx_word' id='word_1_577' title='bbox 2949 2550 3212 2614; x_wconf 82' lang='lat' dir='ltr'>graves:</span> <span class='ocrx_word' id='word_1_578' title='bbox 3282 2530 3459 2613; x_wconf 89' lang='lat' dir='ltr'>quod</span> <span class='ocrx_word' id='word_1_579' title='bbox 3513 2553 3634 2596; x_wconf 92' lang='lat' dir='ltr'>nec</span> <span class='ocrx_word' id='word_1_580' title='bbox 3690 2530 3827 2595; x_wconf 89' lang='lat' dir='ltr'>ullo</span> <span class='ocrx_word' id='word_1_581' title='bbox 3883 2530 4077 2596; x_wconf 91' lang='lat' dir='ltr'>modo</span> <span class='ocrx_word' id='word_1_582' title='bbox 4136 2533 4484 2599; x_wconf 88' lang='lat' dir='ltr'>tolerabile</span> 
     </span>
     <span class='ocr_line' id='line_1_83' title="bbox 2518 2615 4485 2701; baseline 0.002 -21"><span class='ocrx_word' id='word_1_583' title='bbox 2518 2625 2646 2694; x_wconf 89' lang='lat' dir='ltr'>est,</span> <span class='ocrx_word' id='word_1_584' title='bbox 2705 2615 2857 2699; x_wconf 89' lang='lat' dir='ltr'>plus</span> <span class='ocrx_word' id='word_1_585' title='bbox 2912 2636 3103 2699; x_wconf 90' lang='lat' dir='ltr'>posse</span> <span class='ocrx_word' id='word_1_586' title='bbox 3148 2618 3291 2682; x_wconf 93' lang='lat' dir='ltr'>Deo</span> <span class='ocrx_word' id='word_1_587' title='bbox 3330 2627 3667 2700; x_wconf 86' lang='lat' dir='ltr'>praestare</span> <span class='ocrx_word' id='word_1_588' title='bbox 3713 2616 4080 2696; x_wconf 91' lang='lat' dir='ltr'>hominem,</span> <span class='ocrx_word' id='word_1_589' title='bbox 4126 2640 4325 2701; x_wconf 91' lang='lat' dir='ltr'>quam</span> <span class='ocrx_word' id='word_1_590' title='bbox 4370 2618 4485 2684; x_wconf 89' lang='lat' dir='ltr'>de-</span> 
     </span>
     <span class='ocr_line' id='line_1_84' title="bbox 2519 2699 4489 2784; baseline 0.004 -20"><span class='ocrx_word' id='word_1_591' title='bbox 2519 2699 2695 2766; x_wconf 89' lang='lat' dir='ltr'>beat:</span> <span class='ocrx_word' id='word_1_592' title='bbox 2740 2715 2808 2765; x_wconf 90' lang='lat' dir='ltr'>et</span> <span class='ocrx_word' id='word_1_593' title='bbox 2849 2723 2925 2767; x_wconf 91' lang='lat' dir='ltr'>eo</span> <span class='ocrx_word' id='word_1_594' title='bbox 2970 2704 3237 2768; x_wconf 90' lang='lat' dir='ltr'>nomine</span> <span class='ocrx_word' id='word_1_595' title='bbox 3278 2709 3355 2767; x_wconf 92' lang='lat' dir='ltr'>ut</span> <span class='ocrx_word' id='word_1_596' title='bbox 3405 2703 3773 2784; x_wconf 91' lang='lat' dir='ltr'>plurimum</span> <span class='ocrx_word' id='word_1_597' title='bbox 3817 2702 4029 2768; x_wconf 88' lang='lat' dir='ltr'>cultus</span> <span class='ocrx_word' id='word_1_598' title='bbox 4074 2704 4489 2771; x_wconf 83' lang='lat' dir='ltr'>voluntarios</span> 
     </span>
     <span class='ocr_line' id='line_1_85' title="bbox 2516 2785 4487 2871; baseline 0.003 -21"><span class='ocrx_word' id='word_1_599' title='bbox 2516 2785 2918 2871; x_wconf 85' lang='lat' dir='ltr'>intelligunt,</span> <span class='ocrx_word' id='word_1_600' title='bbox 2963 2809 3124 2871; x_wconf 93' lang='lat' dir='ltr'>quos</span> <span class='ocrx_word' id='word_1_601' title='bbox 3169 2786 3326 2853; x_wconf 90' lang='lat' dir='ltr'>dum</span> <span class='ocrx_word' id='word_1_602' title='bbox 3368 2787 3671 2855; x_wconf 87' lang='lat' dir='ltr'>homines</span> <span class='ocrx_word' id='word_1_603' title='bbox 3706 2809 3791 2854; x_wconf 84' lang='lat' dir='ltr'>ex</span> <span class='ocrx_word' id='word_1_604' title='bbox 3835 2810 3956 2856; x_wconf 90' lang='lat' dir='ltr'>suo</span> <span class='ocrx_word' id='word_1_605' title='bbox 3994 2790 4261 2856; x_wconf 88' lang='lat' dir='ltr'>cerebro</span> <span class='ocrx_word' id='word_1_606' title='bbox 4297 2791 4487 2856; x_wconf 89' lang='lat' dir='ltr'>fictos</span> 
     </span>
     <span class='ocr_line' id='line_1_86' title="bbox 2517 2871 4487 2958; baseline 0.003 -22"><span class='ocrx_word' id='word_1_607' title='bbox 2517 2871 2665 2939; x_wconf 91' lang='lat' dir='ltr'>Deo</span> <span class='ocrx_word' id='word_1_608' title='bbox 2709 2873 3104 2950; x_wconf 89' lang='lat' dir='ltr'>obtrudunt,</span> <span class='ocrx_word' id='word_1_609' title='bbox 3163 2875 3382 2940; x_wconf 91' lang='lat' dir='ltr'>oleum</span> <span class='ocrx_word' id='word_1_610' title='bbox 3426 2874 3712 2957; x_wconf 82' lang='lat' dir='ltr'>perdunt</span> <span class='ocrx_word' id='word_1_611' title='bbox 3757 2881 3827 2939; x_wconf 90' lang='lat' dir='ltr'>et</span> <span class='ocrx_word' id='word_1_612' title='bbox 3870 2895 4169 2958; x_wconf 89' lang='lat' dir='ltr'>operam:</span> <span class='ocrx_word' id='word_1_613' title='bbox 4222 2885 4487 2941; x_wconf 89' lang='lat' dir='ltr'>tantum</span> 
     </span>
     <span class='ocr_line' id='line_1_87' title="bbox 2521 2958 4488 3045; baseline 0.001 -21"><span class='ocrx_word' id='word_1_614' title='bbox 2521 2958 2737 3040; x_wconf 88' lang='lat' dir='ltr'>abest,</span> <span class='ocrx_word' id='word_1_615' title='bbox 2797 2968 2872 3025; x_wconf 91' lang='lat' dir='ltr'>ut</span> <span class='ocrx_word' id='word_1_616' title='bbox 2914 2961 3051 3026; x_wconf 89' lang='lat' dir='ltr'>irae</span> <span class='ocrx_word' id='word_1_617' title='bbox 3094 2960 3228 3026; x_wconf 90' lang='lat' dir='ltr'>Dei</span> <span class='ocrx_word' id='word_1_618' title='bbox 3283 2960 3642 3044; x_wconf 86' lang='lat' dir='ltr'>placandae</span> <span class='ocrx_word' id='word_1_619' title='bbox 3684 2961 3949 3045; x_wconf 90' lang='lat' dir='ltr'>piacula</span> <span class='ocrx_word' id='word_1_620' title='bbox 3990 2967 4139 3039; x_wconf 83' lang='lat' dir='ltr'>[pag.</span> <span class='ocrx_word' id='word_1_621' title='bbox 4181 2965 4287 3041; x_wconf 84' lang='lat'>55]</span> <span class='ocrx_word' id='word_1_622' title='bbox 4335 2981 4488 3026; x_wconf 91' lang='lat' dir='ltr'>cen-</span> 
     </span>
     <span class='ocr_line' id='line_1_88' title="bbox 2519 3045 4487 3114; baseline 0 -2"><span class='ocrx_word' id='word_1_623' title='bbox 2519 3046 2653 3112; x_wconf 90' lang='lat' dir='ltr'>seri</span> <span class='ocrx_word' id='word_1_624' title='bbox 2706 3045 3005 3112; x_wconf 87' lang='lat' dir='ltr'>debcant.</span> <span class='ocrx_word' id='word_1_625' title='bbox 3094 3048 3304 3114; x_wconf 89' lang='lat' dir='ltr'>Porro</span> <span class='ocrx_word' id='word_1_626' title='bbox 3349 3046 3606 3114; x_wconf 81' lang='lat' dir='ltr'>Christi</span> <span class='ocrx_word' id='word_1_627' title='bbox 3663 3069 3783 3113; x_wconf 91' lang='lat' dir='ltr'>san</span> <span class='ocrx_word' id='word_1_628' title='bbox 3883 3047 4059 3112; x_wconf 85' lang='lat' dir='ltr'>‘nem</span> <span class='ocrx_word' id='word_1_629' title='bbox 4114 3068 4264 3114; x_wconf 92' lang='lat' dir='ltr'>cum</span> <span class='ocrx_word' id='word_1_630' title='bbox 4307 3067 4487 3112; x_wconf 86' lang='lat' dir='ltr'>mar-</span> 
     </span>
     <span class='ocr_line' id='line_1_89' title="bbox 2518 3132 4488 3219; baseline 0.001 -22"><span class='ocrx_word' id='word_1_631' title='bbox 2518 3138 2748 3216; x_wconf 81' lang='lat' dir='ltr'>tyrum</span> <span class='ocrx_word' id='word_1_632' title='bbox 2793 3134 3115 3219; x_wconf 88' lang='lat' dir='ltr'>sanguine</span> <span class='ocrx_word' id='word_1_633' title='bbox 3159 3134 3252 3199; x_wconf 89' lang='lat' dir='ltr'>sic</span> <span class='ocrx_word' id='word_1_634' title='bbox 3293 3134 3577 3213; x_wconf 88' lang='lat' dir='ltr'>misceri,</span> <span class='ocrx_word' id='word_1_635' title='bbox 3621 3140 3700 3199; x_wconf 89' lang='lat' dir='ltr'>ut</span> <span class='ocrx_word' id='word_1_636' title='bbox 3743 3154 3782 3197; x_wconf 97' lang='lat' dir='ltr'>a</span> <span class='ocrx_word' id='word_1_637' title='bbox 3862 3132 4278 3199; x_wconf 86' lang='lat' dir='ltr'>redimendas</span> <span class='ocrx_word' id='word_1_638' title='bbox 4318 3153 4488 3216; x_wconf 89' lang='lat' dir='ltr'>quae</span> 
     </span>
     <span class='ocr_line' id='line_1_90' title="bbox 2520 3218 4492 3303; baseline 0.001 -19"><span class='ocrx_word' id='word_1_639' title='bbox 2520 3220 2807 3301; x_wconf 86' lang='lat' dir='ltr'>peccatis</span> <span class='ocrx_word' id='word_1_640' title='bbox 2862 3218 3186 3286; x_wconf 90' lang='lat' dir='ltr'>debentur</span> <span class='ocrx_word' id='word_1_641' title='bbox 3237 3240 3482 3303; x_wconf 89' lang='lat' dir='ltr'>poenas</span> <span class='ocrx_word' id='word_1_642' title='bbox 3547 3220 3857 3285; x_wconf 87' lang='lat' dir='ltr'>confusus</span> <span class='ocrx_word' id='word_1_643' title='bbox 3918 3220 4308 3285; x_wconf 88' lang='lat' dir='ltr'>meritorum</span> <span class='ocrx_word' id='word_1_644' title='bbox 4373 3225 4492 3286; x_wconf 88' lang='lat' dir='ltr'>aut</span> 
     </span>
     <span class='ocr_line' id='line_1_91' title="bbox 2522 3304 4491 3386; baseline 0.001 -17"><span class='ocrx_word' id='word_1_645' title='bbox 2522 3304 3045 3372; x_wconf 88' lang='lat' dir='ltr'>satisfactionum</span> <span class='ocrx_word' id='word_1_646' title='bbox 3089 3326 3370 3372; x_wconf 88' lang='lat' dir='ltr'>acervus</span> <span class='ocrx_word' id='word_1_647' title='bbox 3400 3308 3539 3386; x_wconf 92' lang='lat' dir='ltr'>fiat,</span> <span class='ocrx_word' id='word_1_648' title='bbox 3585 3326 3709 3372; x_wconf 92' lang='lat' dir='ltr'>nec</span> <span class='ocrx_word' id='word_1_649' title='bbox 3749 3304 4095 3371; x_wconf 88' lang='lat' dir='ltr'>debuimus</span> <span class='ocrx_word' id='word_1_650' title='bbox 4129 3306 4319 3383; x_wconf 88' lang='lat' dir='ltr'>ferre,</span> <span class='ocrx_word' id='word_1_651' title='bbox 4364 3324 4491 3371; x_wconf 88' lang='lat' dir='ltr'>nec</span> 
     </span>
     <span class='ocr_line' id='line_1_92' title="bbox 2521 3390 4493 3476; baseline 0 -20"><span class='ocrx_word' id='word_1_652' title='bbox 2521 3391 2814 3457; x_wconf 91' lang='lat' dir='ltr'>tulimus.</span> <span class='ocrx_word' id='word_1_653' title='bbox 2913 3391 3180 3458; x_wconf 87' lang='lat' dir='ltr'>Nullius</span> <span class='ocrx_word' id='word_1_654' title='bbox 3247 3392 3427 3457; x_wconf 91' lang='lat' dir='ltr'>enim</span> <span class='ocrx_word' id='word_1_655' title='bbox 3488 3393 3804 3476; x_wconf 82' lang='lat' dir='ltr'>martyris</span> <span class='ocrx_word' id='word_1_656' title='bbox 3870 3391 4170 3475; x_wconf 89' lang='lat' dir='ltr'>sanguis,</span> <span class='ocrx_word' id='word_1_657' title='bbox 4257 3400 4329 3457; x_wconf 92' lang='lat' dir='ltr'>ut</span> <span class='ocrx_word' id='word_1_658' title='bbox 4393 3390 4493 3456; x_wconf 87' lang='lat' dir='ltr'>ait</span> 
     </span>
     <span class='ocr_line' id='line_1_93' title="bbox 2521 3476 4488 3562; baseline 0 -19"><span class='ocrx_word' id='word_1_659' title='bbox 2521 3476 2959 3562; x_wconf 81' lang='lat' dir='ltr'>Augustinus,</span> <span class='ocrx_word' id='word_1_660' title='bbox 2984 3479 3037 3562; x_wconf 88' lang='lat'>¹)</span> <span class='ocrx_word' id='word_1_661' title='bbox 3082 3480 3155 3543; x_wconf 91' lang='lat' dir='ltr'>in</span> <span class='ocrx_word' id='word_1_662' title='bbox 3197 3478 3657 3544; x_wconf 88' lang='lat' dir='ltr'>remissionem</span> <span class='ocrx_word' id='word_1_663' title='bbox 3694 3484 4112 3561; x_wconf 87' lang='lat' dir='ltr'>peccatorum</span> <span class='ocrx_word' id='word_1_664' title='bbox 4144 3478 4330 3544; x_wconf 89' lang='lat' dir='ltr'>fusus</span> <span class='ocrx_word' id='word_1_665' title='bbox 4367 3482 4488 3544; x_wconf 85' lang='lat' dir='ltr'>est.</span> 
     </span>
     <span class='ocr_line' id='line_1_94' title="bbox 2520 3561 4495 3648; baseline -0.001 -20"><span class='ocrx_word' id='word_1_666' title='bbox 2520 3562 2668 3631; x_wconf 93' lang='lat' dir='ltr'>Hoc</span> <span class='ocrx_word' id='word_1_667' title='bbox 2713 3563 2918 3631; x_wconf 88' lang='lat' dir='ltr'>solius</span> <span class='ocrx_word' id='word_1_668' title='bbox 2963 3563 3222 3631; x_wconf 88' lang='lat' dir='ltr'>Christi</span> <span class='ocrx_word' id='word_1_669' title='bbox 3264 3565 3394 3629; x_wconf 90' lang='lat' dir='ltr'>fuit</span> <span class='ocrx_word' id='word_1_670' title='bbox 3435 3585 3620 3648; x_wconf 89' lang='lat' dir='ltr'>opus,</span> <span class='ocrx_word' id='word_1_671' title='bbox 3663 3566 3738 3629; x_wconf 92' lang='lat' dir='ltr'>in</span> <span class='ocrx_word' id='word_1_672' title='bbox 3781 3585 3910 3648; x_wconf 91' lang='lat' dir='ltr'>quo</span> <span class='ocrx_word' id='word_1_673' title='bbox 3952 3584 4087 3629; x_wconf 91' lang='lat' dir='ltr'>non</span> <span class='ocrx_word' id='word_1_674' title='bbox 4122 3561 4297 3646; x_wconf 92' lang='lat' dir='ltr'>quod</span> <span class='ocrx_word' id='word_1_675' title='bbox 4339 3562 4495 3627; x_wconf 89' lang='lat' dir='ltr'>imi-</span> 
     </span>
     <span class='ocr_line' id='line_1_95' title="bbox 2520 3647 4493 3735; baseline -0.001 -20"><span class='ocrx_word' id='word_1_676' title='bbox 2520 3656 2834 3729; x_wconf 85' lang='lat' dir='ltr'>taremur,</span> <span class='ocrx_word' id='word_1_677' title='bbox 2873 3649 2989 3716; x_wconf 90' lang='lat' dir='ltr'>sed</span> <span class='ocrx_word' id='word_1_678' title='bbox 3029 3651 3205 3733; x_wconf 91' lang='lat' dir='ltr'>quod</span> <span class='ocrx_word' id='word_1_679' title='bbox 3241 3651 3761 3735; x_wconf 86' lang='lat' dir='ltr'>gratularemur‚·</span> <span class='ocrx_word' id='word_1_680' title='bbox 3785 3650 4064 3715; x_wconf 88' lang='lat' dir='ltr'>contulit</span> <span class='ocrx_word' id='word_1_681' title='bbox 4098 3650 4305 3715; x_wconf 91' lang='lat' dir='ltr'>nobis.</span> <span class='ocrx_word' id='word_1_682' title='bbox 4361 3647 4493 3714; x_wconf 88' lang='lat' dir='ltr'>Cui</span> 
     </span>
     <span class='ocr_line' id='line_1_96' title="bbox 2521 3734 4490 3821; baseline -0.001 -21"><span class='ocrx_word' id='word_1_683' title='bbox 2521 3737 2853 3820; x_wconf 89' lang='lat' dir='ltr'>praeclare</span> <span class='ocrx_word' id='word_1_684' title='bbox 2897 3737 3181 3803; x_wconf 85' lang='lat' dir='ltr'>succinit</span> <span class='ocrx_word' id='word_1_685' title='bbox 3232 3738 3393 3817; x_wconf 89' lang='lat' dir='ltr'>Leo,</span> <span class='ocrx_word' id='word_1_686' title='bbox 3411 3739 3470 3821; x_wconf 80' lang='lat'>²)</span> <span class='ocrx_word' id='word_1_687' title='bbox 3516 3759 3722 3820; x_wconf 89' lang='lat' dir='ltr'>quum</span> <span class='ocrx_word' id='word_1_688' title='bbox 3775 3737 3868 3801; x_wconf 89' lang='lat' dir='ltr'>ita</span> <span class='ocrx_word' id='word_1_689' title='bbox 3923 3735 4179 3801; x_wconf 89' lang='lat' dir='ltr'>scribit:</span> <span class='ocrx_word' id='word_1_690' title='bbox 4237 3734 4490 3816; x_wconf 75' lang='lat' dir='ltr'>Quam-</span> 
     </span>
     <span class='ocr_line' id='line_1_97' title="bbox 2521 3821 4494 3907; baseline -0.003 -17"><span class='ocrx_word' id='word_1_691' title='bbox 2521 3822 2623 3890; x_wconf 86' lang='lat' dir='ltr'>vis</span> <span class='ocrx_word' id='word_1_692' title='bbox 2666 3825 2741 3888; x_wconf 92' lang='lat' dir='ltr'>in</span> <span class='ocrx_word' id='word_1_693' title='bbox 2783 3823 2914 3889; x_wconf 91' lang='lat' dir='ltr'>Dei</span> <span class='ocrx_word' id='word_1_694' title='bbox 2959 3831 3313 3907; x_wconf 90' lang='lat' dir='ltr'>conspectu</span> <span class='ocrx_word' id='word_1_695' title='bbox 3357 3823 3723 3889; x_wconf 90' lang='lat' dir='ltr'>multorum</span> <span class='ocrx_word' id='word_1_696' title='bbox 3768 3828 4145 3889; x_wconf 90' lang='lat' dir='ltr'>sanctorum</span> <span class='ocrx_word' id='word_1_697' title='bbox 4202 3821 4494 3905; x_wconf 89' lang='lat' dir='ltr'>pretiosa</span> 
     </span>
     <span class='ocr_line' id='line_1_98' title="bbox 2521 3907 4490 3991; baseline -0.002 -17"><span class='ocrx_word' id='word_1_698' title='bbox 2521 3930 2701 3976; x_wconf 88' lang='lat' dir='ltr'>mors</span> <span class='ocrx_word' id='word_1_699' title='bbox 2754 3910 2988 3991; x_wconf 88' lang='lat' dir='ltr'>fuerit,</span> <span class='ocrx_word' id='word_1_700' title='bbox 3046 3909 3297 3976; x_wconf 91' lang='lat' dir='ltr'>nullius</span> <span class='ocrx_word' id='word_1_701' title='bbox 3352 3918 3577 3975; x_wconf 90' lang='lat' dir='ltr'>tamen</span> <span class='ocrx_word' id='word_1_702' title='bbox 3627 3908 3911 3975; x_wconf 86' lang='lat' dir='ltr'>insontis</span> <span class='ocrx_word' id='word_1_703' title='bbox 3970 3907 4208 3973; x_wconf 88' lang='lat' dir='ltr'>occisio</span> <span class='ocrx_word' id='word_1_704' title='bbox 4260 3907 4490 3990; x_wconf 88' lang='lat' dir='ltr'>propi-</span> 
     </span>
     <span class='ocr_line' id='line_1_99' title="bbox 2523 3992 4492 4079; baseline -0.001 -19"><span class='ocrx_word' id='word_1_705' title='bbox 2523 3996 2711 4062; x_wconf 88' lang='lat' dir='ltr'>tiatio</span> <span class='ocrx_word' id='word_1_706' title='bbox 2752 3996 2882 4061; x_wconf 90' lang='lat' dir='ltr'>fuit</span> <span class='ocrx_word' id='word_1_707' title='bbox 2921 3994 3185 4062; x_wconf 90' lang='lat' dir='ltr'>mundi:</span> <span class='ocrx_word' id='word_1_708' title='bbox 3243 4016 3552 4079; x_wconf 89' lang='lat' dir='ltr'>accepere</span> <span class='ocrx_word' id='word_1_709' title='bbox 3596 3995 3786 4074; x_wconf 86' lang='lat' dir='ltr'>iusti,</span> <span class='ocrx_word' id='word_1_710' title='bbox 3833 4016 3970 4059; x_wconf 91' lang='lat' dir='ltr'>non</span> <span class='ocrx_word' id='word_1_711' title='bbox 4014 3992 4340 4059; x_wconf 90' lang='lat' dir='ltr'>dederunt</span> <span class='ocrx_word' id='word_1_712' title='bbox 4383 4013 4492 4058; x_wconf 93' lang='lat' dir='ltr'>co-</span> 
     </span>
     <span class='ocr_line' id='line_1_100' title="bbox 2523 4078 4493 4162; baseline -0.001 -15"><span class='ocrx_word' id='word_1_713' title='bbox 2523 4103 2748 4148; x_wconf 88' lang='lat' dir='ltr'>ronas:</span> <span class='ocrx_word' id='word_1_714' title='bbox 2796 4088 2864 4147; x_wconf 88' lang='lat' dir='ltr'>et</span> <span class='ocrx_word' id='word_1_715' title='bbox 2907 4082 2988 4147; x_wconf 90' lang='lat' dir='ltr'>de</span> <span class='ocrx_word' id='word_1_716' title='bbox 3030 4082 3414 4149; x_wconf 88' lang='lat' dir='ltr'>fortitudine</span> <span class='ocrx_word' id='word_1_717' title='bbox 3456 4080 3750 4147; x_wconf 91' lang='lat' dir='ltr'>fidelium</span> <span class='ocrx_word' id='word_1_718' title='bbox 3793 4087 3954 4146; x_wconf 90' lang='lat' dir='ltr'>nata</span> <span class='ocrx_word' id='word_1_719' title='bbox 3995 4086 4152 4145; x_wconf 90' lang='lat' dir='ltr'>sunt</span> <span class='ocrx_word' id='word_1_720' title='bbox 4185 4078 4493 4162; x_wconf 87' lang='lat' dir='ltr'>exempla</span> 
     </span>
     <span class='ocr_line' id='line_1_101' title="bbox 2524 4167 3641 4252; baseline -0.001 -20"><span class='ocrx_word' id='word_1_721' title='bbox 2524 4168 2897 4252; x_wconf 87' lang='lat' dir='ltr'>patientiae,</span> <span class='ocrx_word' id='word_1_722' title='bbox 2942 4188 3078 4233; x_wconf 91' lang='lat' dir='ltr'>non</span> <span class='ocrx_word' id='word_1_723' title='bbox 3122 4167 3297 4232; x_wconf 90' lang='lat' dir='ltr'>dona</span> <span class='ocrx_word' id='word_1_724' title='bbox 3337 4167 3641 4233; x_wconf 87' lang='lat' dir='ltr'>iustitiae.</span> 
     </span>
    </p>

    <p class='ocr_par' dir='ltr' id='par_1_7' title="bbox 2521 4250 4494 5200">
     <span class='ocr_line' id='line_1_102' title="bbox 2696 4250 4491 4336; baseline -0.002 -17"><span class='ocrx_word' id='word_1_725' title='bbox 2696 4255 3043 4320; x_wconf 89' lang='lat' dir='ltr'>Postrema</span> <span class='ocrx_word' id='word_1_726' title='bbox 3085 4260 3316 4320; x_wconf 84' lang='lat' dir='ltr'>nostra</span> <span class='ocrx_word' id='word_1_727' title='bbox 3357 4253 3651 4336; x_wconf 86' lang='lat' dir='ltr'>exceptio</span> <span class='ocrx_word' id='word_1_728' title='bbox 3695 4258 3797 4318; x_wconf 90' lang='lat' dir='ltr'>est</span> <span class='ocrx_word' id='word_1_729' title='bbox 3831 4250 3913 4317; x_wconf 87' lang='lat' dir='ltr'>de</span> <span class='ocrx_word' id='word_1_730' title='bbox 3954 4251 4491 4316; x_wconf 90' lang='lat' dir='ltr'>remuneratione</span> 
     </span>
     <span class='ocr_line' id='line_1_103' title="bbox 2524 4336 4491 4424; baseline -0.002 -19"><span class='ocrx_word' id='word_1_731' title='bbox 2524 4361 2830 4424; x_wconf 91' lang='lat' dir='ltr'>operum:</span> <span class='ocrx_word' id='word_1_732' title='bbox 2888 4359 2975 4404; x_wconf 92' lang='lat' dir='ltr'>ne</span> <span class='ocrx_word' id='word_1_733' title='bbox 3029 4338 3318 4423; x_wconf 90' lang='lat' dir='ltr'>pendere</span> <span class='ocrx_word' id='word_1_734' title='bbox 3374 4361 3458 4404; x_wconf 88' lang='lat' dir='ltr'>ex</span> <span class='ocrx_word' id='word_1_735' title='bbox 3508 4360 3738 4404; x_wconf 91' lang='lat' dir='ltr'>eorum</span> <span class='ocrx_word' id='word_1_736' title='bbox 3792 4338 4029 4403; x_wconf 89' lang='lat' dir='ltr'>merito</span> <span class='ocrx_word' id='word_1_737' title='bbox 4047 4389 4062 4415; x_wconf 95' lang='lat'>,</span> <span class='ocrx_word' id='word_1_738' title='bbox 4123 4336 4231 4403; x_wconf 82' lang='lat' dir='ltr'>vel</span> <span class='ocrx_word' id='word_1_739' title='bbox 4276 4336 4491 4420; x_wconf 88' lang='lat' dir='ltr'>pretio</span> 
     </span>
     <span class='ocr_line' id='line_1_104' title="bbox 2525 4422 4488 4508; baseline -0.002 -17"><span class='ocrx_word' id='word_1_740' title='bbox 2525 4428 2970 4505; x_wconf 86' lang='lat' dir='ltr'>existimetur,</span> <span class='ocrx_word' id='word_1_741' title='bbox 3035 4425 3152 4490; x_wconf 89' lang='lat' dir='ltr'>sed</span> <span class='ocrx_word' id='word_1_742' title='bbox 3209 4446 3295 4489; x_wconf 86' lang='lat' dir='ltr'>ex</span> <span class='ocrx_word' id='word_1_743' title='bbox 3348 4446 3533 4490; x_wconf 90' lang='lat' dir='ltr'>mera</span> <span class='ocrx_word' id='word_1_744' title='bbox 3596 4426 3814 4508; x_wconf 88' lang='lat' dir='ltr'>potius</span> <span class='ocrx_word' id='word_1_745' title='bbox 3870 4422 4029 4490; x_wconf 51' lang='lat' dir='ltr'>Dei¹</span> <span class='ocrx_word' id='word_1_746' title='bbox 4060 4423 4488 4507; x_wconf 87' lang='lat' dir='ltr'>benignitate.</span> 
     </span>
     <span class='ocr_line' id='line_1_105' title="bbox 2522 4508 4491 4595; baseline -0.002 -18"><span class='ocrx_word' id='word_1_747' title='bbox 2522 4512 2854 4578; x_wconf 83' lang='lat' dir='ltr'>Fatentur</span> <span class='ocrx_word' id='word_1_748' title='bbox 2903 4511 3173 4595; x_wconf 90' lang='lat' dir='ltr'>quidem</span> <span class='ocrx_word' id='word_1_749' title='bbox 3225 4512 3429 4577; x_wconf 89' lang='lat' dir='ltr'>etiam</span> <span class='ocrx_word' id='word_1_750' title='bbox 3482 4508 3878 4590; x_wconf 83' lang='lat' dir='ltr'>adversarii,</span> <span class='ocrx_word' id='word_1_751' title='bbox 3946 4511 4124 4575; x_wconf 89' lang='lat' dir='ltr'>inter</span> <span class='ocrx_word' id='word_1_752' title='bbox 4175 4510 4491 4574; x_wconf 89' lang='lat' dir='ltr'>meritum</span> 
     </span>
     <span class='ocr_line' id='line_1_106' title="bbox 2523 4594 4490 4683; baseline -0.004 -19"><span class='ocrx_word' id='word_1_753' title='bbox 2523 4600 2740 4683; x_wconf 84' lang='lat' dir='ltr'>operis</span> <span class='ocrx_word' id='word_1_754' title='bbox 2780 4609 2847 4663; x_wconf 90' lang='lat' dir='ltr'>et</span> <span class='ocrx_word' id='word_1_755' title='bbox 2888 4599 3257 4681; x_wconf 89' lang='lat' dir='ltr'>praemium</span> <span class='ocrx_word' id='word_1_756' title='bbox 3299 4619 3433 4663; x_wconf 92' lang='grc'><strong>11011</strong></span> <span class='ocrx_word' id='word_1_757' title='bbox 3476 4618 3622 4664; x_wconf 89' lang='grc'><strong>0000</strong></span> <span class='ocrx_word' id='word_1_758' title='bbox 3658 4597 4141 4680; x_wconf 88' lang='lat' dir='ltr'>aequalitatem.</span> <span class='ocrx_word' id='word_1_759' title='bbox 4209 4594 4490 4672; x_wconf 86' lang='lat' dir='ltr'>Verum,</span> 
     </span>
     <span class='ocr_line' id='line_1_107' title="bbox 2522 4678 4490 4769; baseline -0.002 -20"><span class='ocrx_word' id='word_1_760' title='bbox 2522 4683 2696 4769; x_wconf 90' lang='lat' dir='ltr'>quod</span> <span class='ocrx_word' id='word_1_761' title='bbox 2748 4684 3176 4768; x_wconf 88' lang='lat' dir='ltr'>praecipuum</span> <span class='ocrx_word' id='word_1_762' title='bbox 3234 4691 3334 4751; x_wconf 89' lang='lat' dir='ltr'>est</span> <span class='ocrx_word' id='word_1_763' title='bbox 3390 4684 3464 4749; x_wconf 91' lang='lat' dir='ltr'>in</span> <span class='ocrx_word' id='word_1_764' title='bbox 3518 4683 3643 4752; x_wconf 85' lang='lat' dir='ltr'>hac</span> <span class='ocrx_word' id='word_1_765' title='bbox 3686 4704 3760 4749; x_wconf 92' lang='lat' dir='ltr'>re</span> <span class='ocrx_word' id='word_1_766' title='bbox 3774 4735 3791 4763; x_wconf 87' lang='lat'>,</span> <span class='ocrx_word' id='word_1_767' title='bbox 3857 4703 3994 4747; x_wconf 88' lang='lat' dir='ltr'>non</span> <span class='ocrx_word' id='word_1_768' title='bbox 4037 4678 4490 4747; x_wconf 88' lang='lat' dir='ltr'>considerant:</span> 
     </span>
     <span class='ocr_line' id='line_1_108' title="bbox 2522 4770 4494 4854; baseline -0.003 -18"><span class='ocrx_word' id='word_1_769' title='bbox 2522 4770 2695 4836; x_wconf 90' lang='lat' dir='ltr'>bona</span> <span class='ocrx_word' id='word_1_770' title='bbox 2744 4770 3043 4837; x_wconf 89' lang='lat' dir='ltr'>fidelium</span> <span class='ocrx_word' id='word_1_771' title='bbox 3097 4791 3297 4854; x_wconf 89' lang='lat' dir='ltr'>opera</span> <span class='ocrx_word' id='word_1_772' title='bbox 3350 4791 3697 4853; x_wconf 88' lang='lat' dir='ltr'>nunquam</span> <span class='ocrx_word' id='word_1_773' title='bbox 3752 4776 3890 4834; x_wconf 92' lang='lat' dir='ltr'>tam</span> <span class='ocrx_word' id='word_1_774' title='bbox 3955 4788 4126 4851; x_wconf 90' lang='lat' dir='ltr'>pura</span> <span class='ocrx_word' id='word_1_775' title='bbox 4179 4787 4353 4846; x_wconf 90' lang='lat' dir='ltr'>esse,</span> <span class='ocrx_word' id='word_1_776' title='bbox 4412 4772 4494 4831; x_wconf 90' lang='lat' dir='ltr'>ut</span> 
     </span>
     <span class='ocr_line' id='line_1_109' title="bbox 2522 4850 4491 4941; baseline -0.004 -18"><span class='ocrx_word' id='word_1_777' title='bbox 2522 4856 2784 4941; x_wconf 88' lang='lat' dir='ltr'>placere</span> <span class='ocrx_word' id='word_1_778' title='bbox 2842 4856 2986 4922; x_wconf 90' lang='lat' dir='ltr'>sine</span> <span class='ocrx_word' id='word_1_779' title='bbox 3036 4859 3233 4923; x_wconf 84' lang='lat' dir='ltr'>venia</span> <span class='ocrx_word' id='word_1_780' title='bbox 3288 4866 3553 4940; x_wconf 90' lang='lat' dir='ltr'>queant.</span> <span class='ocrx_word' id='word_1_781' title='bbox 3652 4855 3715 4921; x_wconf 95' lang='lat' dir='ltr'>N</span> <span class='ocrx_word' id='word_1_782' title='bbox 3720 4875 3807 4919; x_wconf 91' lang='lat' dir='ltr'>on</span> <span class='ocrx_word' id='word_1_783' title='bbox 3866 4852 4315 4932; x_wconf 90' lang='lat' dir='ltr'>considerant,</span> <span class='ocrx_word' id='word_1_784' title='bbox 4383 4850 4491 4916; x_wconf 91' lang='lat' dir='ltr'>in-</span> 
     </span>
     <span class='ocr_line' id='line_1_110' title="bbox 2523 4937 4491 5028; baseline -0.003 -20"><span class='ocrx_word' id='word_1_785' title='bbox 2523 4964 2749 5028; x_wconf 87' lang='lat' dir='ltr'>quam,</span> <span class='ocrx_word' id='word_1_786' title='bbox 2801 4940 3123 5026; x_wconf 89' lang='lat' dir='ltr'>aliquibus</span> <span class='ocrx_word' id='word_1_787' title='bbox 3167 4964 3426 5027; x_wconf 89' lang='lat' dir='ltr'>semper</span> <span class='ocrx_word' id='word_1_788' title='bbox 3468 4942 3700 5008; x_wconf 81' lang='lat' dir='ltr'>naevis</span> <span class='ocrx_word' id='word_1_789' title='bbox 3744 4946 3860 5005; x_wconf 91' lang='lat' dir='ltr'>aut</span> <span class='ocrx_word' id='word_1_790' title='bbox 3899 4937 4176 5005; x_wconf 89' lang='lat' dir='ltr'>maculis</span> <span class='ocrx_word' id='word_1_791' title='bbox 4218 4958 4491 5021; x_wconf 90' lang='lat' dir='ltr'>aspersa</span> 
     </span>
     <span class='ocr_line' id='line_1_111' title="bbox 2522 5022 4492 5112; baseline -0.002 -19"><span class='ocrx_word' id='word_1_792' title='bbox 2522 5048 2696 5095; x_wconf 87' lang='lat' dir='ltr'>esse:</span> <span class='ocrx_word' id='word_1_793' title='bbox 2753 5049 2831 5093; x_wconf 91' lang='lat' dir='ltr'>eo</span> <span class='ocrx_word' id='word_1_794' title='bbox 2886 5028 3061 5112; x_wconf 89' lang='lat' dir='ltr'>quod</span> <span class='ocrx_word' id='word_1_795' title='bbox 3113 5051 3455 5112; x_wconf 89' lang='lat' dir='ltr'>nunquam</span> <span class='ocrx_word' id='word_1_796' title='bbox 3514 5049 3597 5095; x_wconf 85' lang='lat' dir='ltr'>ex</span> <span class='ocrx_word' id='word_1_797' title='bbox 3661 5026 3857 5110; x_wconf 90' lang='lat' dir='ltr'>pleno</span> <span class='ocrx_word' id='word_1_798' title='bbox 3910 5027 4331 5109; x_wconf 86' lang='lat' dir='ltr'>perfectoque</span> <span class='ocrx_word' id='word_1_799' title='bbox 4374 5022 4492 5089; x_wconf 80' lang='lat' dir='ltr'>illo</span> 
     </span>
     <span class='ocr_line' id='line_1_112' title="bbox 2521 5110 4491 5200; baseline -0.003 -20"><span class='ocrx_word' id='word_1_800' title='bbox 2521 5115 2649 5181; x_wconf 93' lang='lat' dir='ltr'>Dei</span> <span class='ocrx_word' id='word_1_801' title='bbox 2694 5135 2914 5181; x_wconf 90' lang='lat' dir='ltr'>amore</span> <span class='ocrx_word' id='word_1_802' title='bbox 2929 5166 2946 5195; x_wconf 92' lang='lat'>,</span> <span class='ocrx_word' id='word_1_803' title='bbox 2994 5115 3106 5198; x_wconf 92' lang='lat' dir='ltr'>qui</span> <span class='ocrx_word' id='word_1_804' title='bbox 3147 5116 3222 5181; x_wconf 91' lang='grc'>111</span> <span class='ocrx_word' id='word_1_805' title='bbox 3265 5114 3412 5200; x_wconf 89' lang='lat' dir='ltr'>lege</span> <span class='ocrx_word' id='word_1_806' title='bbox 3455 5114 3771 5199; x_wconf 84' lang='lat' dir='ltr'>exigitur,</span> <span class='ocrx_word' id='word_1_807' title='bbox 3817 5114 4053 5178; x_wconf 89' lang='lat' dir='ltr'>fluant.</span> <span class='ocrx_word' id='word_1_808' title='bbox 4144 5110 4284 5176; x_wconf 90' lang='lat' dir='ltr'>Nos</span> <span class='ocrx_word' id='word_1_809' title='bbox 4328 5128 4491 5194; x_wconf 89' lang='lat' dir='ltr'>ergo</span> 
     </span>
    </p>
   </div>
   <div class='ocr_carea' id='block_1_6' title="bbox 2524 5282 2933 5290">
    <p class='ocr_par' dir='ltr' id='par_1_8' title="bbox 2524 5282 2933 5290">
     <span class='ocr_line' id='line_1_113' title="bbox 2524 5282 2933 5290; baseline 0 889"><span class='ocrx_word' id='word_1_810' title='bbox 2524 5282 2933 5290; x_wconf 95' lang='lat' dir='ltr'> </span> 
     </span>
    </p>
   </div>
   <div class='ocr_carea' id='block_1_7' title="bbox 2664 5377 4319 5467">
    <p class='ocr_par' dir='ltr' id='par_1_9' title="bbox 2664 5377 4319 5467">
     <span class='ocr_line' id='line_1_114' title="bbox 2664 5377 4319 5467; baseline -0.002 -26"><span class='ocrx_word' id='word_1_811' title='bbox 2664 5388 2722 5455; x_wconf 91' lang='lat'>1)</span> <span class='ocrx_word' id='word_1_812' title='bbox 2761 5387 2946 5444; x_wconf 83' lang='lat' dir='ltr'>Tract.</span> <span class='ocrx_word' id='word_1_813' title='bbox 2976 5390 3035 5446; x_wconf 85' lang='lat' dir='ltr'>in</span> <span class='ocrx_word' id='word_1_814' title='bbox 3070 5389 3256 5445; x_wconf 85' lang='lat' dir='ltr'>Ioann.</span> <span class='ocrx_word' id='word_1_815' title='bbox 3293 5385 3380 5443; x_wconf 81' lang='lat'>84.</span> <span class='ocrx_word' id='word_1_816' title='bbox 3587 5387 3650 5455; x_wconf 81' lang='lat'>2)</span> <span class='ocrx_word' id='word_1_817' title='bbox 3688 5386 3863 5467; x_wconf 81' lang='lat' dir='ltr'>Epist.</span> <span class='ocrx_word' id='word_1_818' title='bbox 3898 5383 3989 5440; x_wconf 87' lang='lat'>81.</span> <span class='ocrx_word' id='word_1_819' title='bbox 4059 5384 4199 5438; x_wconf 84' lang='lat' dir='ltr'>Item</span> <span class='ocrx_word' id='word_1_820' title='bbox 4228 5377 4319 5438; x_wconf 73' lang='lat'>9¹1.</span> 
     </span>
    </p>
   </div>
   <div class='ocr_carea' id='block_1_8' title="bbox 3981 5468 4084 5526">
    <p class='ocr_par' dir='ltr' id='par_1_10' title="bbox 3981 5468 4084 5526">
     <span class='ocr_line' id='line_1_115' title="bbox 3981 5468 4084 5526; baseline -0.019 0"><span class='ocrx_word' id='word_1_821' title='bbox 3981 5468 4084 5526; x_wconf 75' lang='lat'>81*</span> 
     </span>
    </p>
   </div>
  </div>
 </body>
</html>
