4999 6179
706 449 792 513 99
2022 440 2147 507 LE
2192 437 2797 508 OATEOHISME
2836 440 2968 506 DE
3014 437 3417 505 GENEVE.

705 634 773 700 le
816 631 1172 700 semblable
1215 653 1287 697 se
1328 632 1471 700 face
1516 652 1602 697 en
1646 638 1850 697 terre:
1895 631 2072 711 c’est,
2117 651 2242 714 que
2284 637 2434 697 tous
2478 630 2667 696 hom-

706 742 851 788 mes
894 742 966 786 66
994 725 1291 804 ‘rengent
1334 739 1419 784 en
1461 717 1836 785 obeissance
1878 717 2265 783 voluntaire.

1477 927 1544 961 m
1577 925 1835 960 numm
1857 907 1903 973 ¹)

878 977 1151 1043 Venons
1195 982 1236 1041 a
1277 975 1345 1042 la
1386 976 1665 1043 seconde
1702 976 1932 1060 partie.
2023 973 2499 1056 Qu’entens-tu
2546 993 2668 1055 par

701 1064 769 1132 16
804 1066 968 1149 -Ρ6111
1011 1063 1361 1147 quotidien,
1409 1084 1535 1147 que
1582 1070 1653 1128 tu
1697 1061 2096 1127 demandes?
2340 1090 2345 1099 ⁴

1548 1164 1816 1219 ὕεια-1111.

882 1241 1000 1317 [fol.
1042 1240 1149 1313 59]
1204 1234 1719 1301 Generalement
1758 1241 1910 1299 tout
1956 1253 2032 1298 ce
2074 1233 2189 1317 qui
2231 1232 2351 1297 fait
2392 1230 2670 1313 besoing

706 1329 752 1389 a
792 1321 1189 1406 l’indigence
1233 1320 1315 1386 de
1355 1329 1577 1386 nostre
1613 1341 1831 1403 corps:
1876 1341 2012 1384 non
2053 1318 2418 1384 seulement
2462 1324 2671 1400 quant

708 1415 751 1474 6
782 1408 851 1473 16
891 1408 1273 1473 nourriture
1317 1413 1383 1472 et
1425 1423 1718 1473 vesture:
1777 1406 1946 1471 mais
2000 1412 2148 1470 tout
2199 1424 2272 1469 ce
2315 1425 2444 1488 que
2487 1401 2669 1467 Dieu

705 1493 1018 1580 congnoit
1071 1514 1240 1558 nous
1297 1502 1469 1559 estre
1521 1491 1903 1576 expedient,
1960 1499 2001 1556 6
2043 1512 2116 1556 66
2151 1512 2276 1574 que
2331 1488 2666 1574 puissions

705 1601 983 1664 manger
1018 1586 1244 1644 nostre
1287 1580 1442 1662 pain
1487 1601 1569 1643 en
1614 1579 1789 1660 paix.
1972 1593 1985 1607 ·

1496 1786 1564 1821 LE
1599 1785 1858 1819 EDUBTRB·

878 1837 1229 1904 Comment
1284 1834 1744 1901 demandes-tu
1800 1841 1841 1898 a
1892 1833 2071 1900 Dieu
2115 1834 2275 1918 qu'il
2335 1841 2402 1898 te
2446 1832 2666 1898 donne
2705 1870 2711 1879 ·

704 1930 775 1989 ta
835 1923 1240 2001 noun-iture,
1317 1943 1447 1988 veu
1509 1921 1667 2005 qu'il
1740 1942 1904 1986 nous
1978 1919 2364 1987 commande
2441 1917 2523 1984 de
2600 1919 2666 1983 la

702 2010 980 2095 gaigner
1015 2029 1098 2072 au
1143 2008 1383 2075 travail
1430 2007 1508 2072 de
1554 2030 1672 2073 noz
1716 2007 1974 2072 mains?

1543 2112 1810 2164 flaura-r.

875 2180 1197 2247 Combien
1240 2179 1396 2262 qu’il
1437 2201 1603 2245 nous
1647 2180 1827 2245 faille
1859 2178 2204 2245 travailler
2245 2198 2412 2260 pour
2448 2178 2660 2243 vivre:

700 2267 1044 2334 toutesfois
1091 2268 1146 2332 si
1202 2278 1409 2332 est-ce
1465 2288 1591 2350 que
1630 2277 1853 2332 nostre
1895 2265 2146 2343 labeur,
2200 2263 2529 2328 industrie
2595 2269 2666 2327 et

700 2353 1022 2438 diligence
1077 2376 1162 2418 116
1221 2374 1388 2418 11666
1444 2353 1856 2418 nourrissent
1907 2372 2056 2434 pas:
2124 2350 2291 2415 mais
2355 2349 2424 2415 la
2477 2349 2662 2415 seule

704 2440 1117 2506 benedict-ion
1164 2438 1244 2504 de
1284 2441 1491 2518 Dieu,‘
1523 2437 1808 2521 laquelle
1853 2445 1955 2501 est
1997 2458 2113 2501 sur
2157 2456 2279 2500 noz
2331 2436 2547 2501 mains
2595 2443 2664 2500 et

699 2532 923 2593 nostre
964 2526 1222 2602 labeur,
1276 2546 1444 2608 pour
1488 2524 1549 2588 le
1591 2524 1755 2588 faire
1798 2543 2158 2606 prosperer.
2269 2522 2365 2586 Et
2408 2521 2661 2587 davan-

698 2622 872 2697 tage,
919 2612 966 2676 il
1012 2634 1179 2676 nous
1222 2610 1390 2674 fault
1432 2609 1752 2674 entcndre
1796 2630 1925 2692 que
1965 2629 2039 2674 ce
2080 2630 2165 2673 ne
2209 2617 2360 2674 sont
2400 2628 2522 2691 pas
2565 2607 2662 2673 les

697 2696 973 2763 viandes
1026 2698 1142 2780 qui
1185 2717 1351 2761 nous
1395 2696 1839 2774 nourrisscnt,
1898 2715 2129 2760 encore
2182 2716 2311 2778 que
2356 2715 2522 2759 nous
2563 2693 2662 2759 les

700 2804 907 2869 ayons
949 2791 993 2848 a
1027 2781 1626 2848 commandement:
1676 2782 1843 2847 mais
1878 2781 1943 2846 la
1977 2788 2171 2847 vertu
2205 2780 2296 2845 du
2332 2777 2664 2865 Seigneur

698 2871 811 2952 qui
866 2889 982 2934 use
1040 2867 1328 2934 d'icelles
1391 2888 1642 2933 comme
1712 2866 2179 2932 d'instrument
2240 2873 2390 2931 tant
2449 2865 2661 2931 seule-

693 2962 877 3021 ment
918 2954 1146 3039 (Deut.
1190 2958 1251 3035 8,
1292 2958 1347 3018 3.
1400 2956 1527 3036 17).

852 3214 1227 3300 ,Ρ661666γ
1291 3162 1743 3295 1’611116161Ει6ἑί-111111Β
1745 3162 1952 3292 ΤΒ11110611,
2014 3214 2165 3298 puis
2230 3234 2359 3296 que
2414 3220 2489 3278 tu
2550 3211 2661 3276 de-

695 3300 971 3366 mandes
1008 3298 1165 3384 qu'il
1208 3306 1275 3364 te
1320 3300 1446 3364 soit
1489 3297 1747 3363 donne?

1551 3401 1816 3455 n’mm.

869 3470 1049 3538 C’est
1081 3491 1202 3554 par
1231 3471 1300 3536 la
1333 3469 1531 3536 bonte
1568 3470 1649 3536 (16
1686 3472 1865 3537 1)166
1898 3470 2060 3554 qu’il
2097 3480 2199 3536 est
2230 3470 2658 3552 faict‘nostre,
2711 3437 2716 3448 ¹

697 3577 966 3623 encores
1004 3557 1160 3642 qu’il
1205 3579 1289 3622 ne
1331 3577 1500 3623 nous
1544 3558 1672 3622 soit
1714 3559 1901 3642 point
1944 3557 2088 3622 deu.
2178 3558 2272 3622 Et
2315 3559 2494 3624 aussi
2539 3580 2663 3643 par

696 3643 839 3710 cela
884 3664 1054 3709 nous
1111 3663 1394 3708 sommes
1447 3642 1757 3722 advertis,
1817 3643 1898 3708 de
1948 3664 2033 3708 ne
2088 3641 2339 3708 desirer
2381 3644 2444 3710 le
2502 3645 2659 3728 pain

696 3728 1036 3815 d’autruy:
1104 3730 1271 3794 mais
1329 3729 1522 3814 celuy
1577 3750 1704 3812 que
1760 3750 1926 3795 nous
1982 3750 2228 3795 aurens
2272 3730 2494 3814 aequis
2538 3752 2661 3814 par

694 3838 935 3901 moyen
980 3816 1292 3901 legitime,
1339 3815 1523 3881 selon
1564 3813 2025 3881 l’ordonnanee
2070 3814 2151 3881 de
2190 3816 2385 3881 Dieu.

1496 3936 1563 3971 L!
1596 3936 1856 3972 unnflrnn.

865 3989 1223 4073 Pom-quoy
1270 3987 1478 4053 dis-tu
1522 3986 1878 4071 quotidien‚
1925 3996 1993 4054 et
2035 3986 2495 4074 auiourdhuy?

1540 4092 1806 4146 n'nxnwr.

867 4159 1032 4226 Cela
1085 4169 1189 4226 est
1240 4182 1407 4245 pour
1445 4182 1616 4227 nous
1677 4161 2051 4246 apprendre
2094 4159 2345 4226 d’avoir
2387 4168 2658 4227 conten-

695 4253 967 4326 tement,
1014 4253 1082 4312 et
1125 4268 1210 4312 ne
1254 4248 1441 4330 point
1485 4255 1757 4331 appeter
1799 4246 1948 4331 plus
1993 4268 2120 4330 que
2165 4253 2390 4314 nostre
2433 4267 2658 4313 neces-

691 4334 819 4401 6116
864 4334 1169 4417 requiert.

1496 4456 1562 4489 LE
1596 4457 1855 4490 HDUSTRE·

866 4507 1017 4571 Veu
1083 4526 1209 4589 que
1275 4513 1452 4571 ceste
1517 4506 1736 4590 priore
1800 4513 1902 4572 est
1966 4526 2311 4572 commune
2377 4513 2420 4570 a
2487 4515 2654 4585 tous,

692 4601 1023 4661 comment
1060 4592 1158 4657 los
1202 4593 1436 4672 riches,
1482 4593 1597 4676 qui
1639 4600 1757 4658 ont
1795 4592 2129 4675 provision
2172 4600 2240 4657 et
2282 4590 2659 4658 abondance

693 4677 776 4744 de
821 4680 1006 4745 biens
1071 4700 1241 4762 pour
1295 4679 1453 4763 long
1494 4686 1740 4761 temps,
1802 4678 2240 4762 penvent-ilz
2298 4677 2657 4744 demandet

694 4785 861 4848 pour
905 4786 996 4828 un
1041 4764 1230 4830 iour?

866 4936 928 5001 Ι]
984 4937 1127 5001 faut
1169 4958 1295 5019 que
1339 4943 1486 5000 tant
1537 4886 1761 5003 111111(ζέ
1762 4888 1933 5021 mque
1988 4957 2227 5021 povres
2294 4934 2658 5002 entendent

4605 444 4719 507 100

2774 627 3047 707 dientes,
3094 636 3162 693 et
3206 626 3290 693 ad
3323 627 3623 694 obeunda
3665 628 3976 712 obsequia
4013 630 4189 694 ultro
4232 630 4478 712 parati:
4524 630 4720 696 talem

2771 712 3115 780 obediendi
3155 714 3657 798 propensionem
3691 713 4069 782 hominibus
4112 730 4282 799 opto,
4321 724 4396 780 ut
4437 738 4508 782 66
4550 718 4718 800 quis-

2769 821 2899 884 que
2932 799 3029 865 illi
3061 800 3133 865 in
3165 799 3609 866 voluntariam
3642 800 4108 867 subiectionem
4141 822 4412 886 prorsus
4449 802 4717 870 addicat.

3616 922 3874 958 unnfltzn.

2941 972 3140 1038 Nunc
3182 969 3267 1037 ad
3309 970 3666 1038 secundam
3710 978 3968 1054 partem
4010 973 4220 1039 venio.
4236 976 4295 1059 ²)
4383 973 4563 1056 Quid
4607 976 4719 1043 tibi

2771 1058 3099 1143 significat
3131 1057 3567 1141 quotidianus,
3605 1080 3799 1142 quem
3825 1060 4028 1143 petis,
4073 1059 4309 1142 panis?

3670 1180 3820 1216 Puta.

2942 1229 3029 1294 In
3086 1231 3477 1296 universum
3531 1230 3847 1314 quidquid
3912 1230 3996 1297 ad
4047 1232 4359 1298 tuendam
4414 1254 4720 1316 praesen-

2773 1322 2906 1381 tem
2953 1316 3163 1382 vitam
3205 1317 3384 1383 facit:
3434 1337 3571 1381 non
3614 1316 3848 1382 alendo
3899 1326 4161 1383 tantum
4205 1328 4319 1384 aut
4363 1319 4717 1400 vestiendo,

2772 1401 2885 1467 sed
2941 1402 3333 1484 praebendis
3408 1423 3663 1486 quoque
3717 1403 3863 1470 aliis
3925 1404 4229 1470 omnibus
4291 1405 4718 1484 adminiculis,

2770 1486 3004 1571 quibus
3047 1488 3460 1554 sustinentur
3503 1504 3814 1554 externae
3867 1491 4045 1557 vitae
4087 1493 4536 1557 necessitates:
4596 1513 4721 1575 quo

2770 1594 3012 1657 panem
3055 1582 3387 1654 nostrum,
3432 1583 3752 1658 quatenus
3797 1576 4103 1659 expedire
4147 1578 4474 1643 Dominus
4514 1579 4717 1658 novit,

2771 1659 3114 1743 tranquilli
3155 1659 3588 1727 comedamus.

3607 1783 3865 1819 ΜΠΠΒΤΕΒ.

2940 1832 3081 1900 Gur
3122 1843 3342 1898 autem
3395 1833 3514 1898 tibi
3560 1857 3599 1898 a
3634 1835 3779 1899 Deo
3826 1832 4054 1900 donari
4112 1848 4328 1920 optas,
4389 1838 4558 1920 quod
4604 1860 4719 1904 nos

2765 1918 2989 1985 labore
3033 1928 3258 1986 nostro
3302 1941 3537 2003 parare
3569 1920 3793 1985 iubet?

3670 2130 3822 2165 runt.

2938 2179 3228 2244 Tametsi
3286 2178 3500 2245 victus
3553 2179 3829 2261 parandi
3891 2200 4090 2245 causa
4124 2179 4588 2261 laborandum,
4649 2202 4721 2247 ac

2766 2264 2965 2331 etiam
3000 2263 3374 2331 sudandum
3407 2266 3595 2331 nobis
3632 2274 3760 2343 est,
3808 2287 3942 2331 non
3971 2267 4191 2333 labore
4213 2275 4437 2332 tamen
4475 2275 4720 2348 nostro,

2766 2372 2901 2416 non
2944 2349 3299 2428 industria,
3355 2372 3489 2414 non
3535 2351 3885 2416 sedulitate
3929 2351 4195 2418 alimur:
4257 2352 4371 2417 sed
4418 2375 4552 2418 una
4592 2354 4720 2419 Dei

2763 2435 3235 2516 benedictione,
3259 2457 3391 2520 qua
3420 2436 3605 2503 labor
3635 2438 3775 2521 ipse
3798 2459 4116 2503 manuum
4137 2446 4514 2504 nostrarum
4536 2461 4721 2523 pros-

2765 2531 3065 2606 peratur,
3114 2524 3380 2589 futurus
3436 2524 3677 2606 alioqui
3731 2526 3967 2590 inanis.
4057 2526 4411 2590 Praeterea
4465 2525 4560 2590 sic
4605 2526 4721 2591 ha-

2766 2609 3058 2675 bendum
3102 2618 3233 2674 est:
3289 2609 3490 2675 etiam
3547 2631 3752 2694 quum
3808 2611 4098 2676 ciborum
4154 2612 4343 2696 copia
4393 2611 4582 2677 nobis
4641 2611 4724 2676 ad

2764 2716 3036 2760 manum
3080 2696 3403 2779 suppetit,
3449 2696 3708 2778 illisque
3743 2699 4088 2776 vescimur,
4135 2718 4266 2761 non
4312 2697 4578 2761 illorum
4626 2706 4723 2762 ta-

2767 2802 2921 2846 men
2964 2781 3361 2861 substantia,
3417 2781 3533 2848 sed
3572 2782 3714 2846 sola
3753 2781 3884 2848 Dei
3939 2784 4184 2850 virtute
4238 2804 4358 2849 nos
4394 2783 4498 2848 ali.
4589 2784 4722 2848 Ne-

2767 2888 2892 2950 que
2937 2867 3115 2932 enim
3157 2867 3294 2932 vim
3329 2866 3647 2941 eiusmodi
3695 2868 3944 2934 habent
3977 2890 4018 2933 a
4052 2878 4291 2934 natura
4326 2870 4721 2953 ingenitam:

2766 2952 2884 3018 sed
2915 2951 3100 3018 Deus
3125 2974 3162 3017 e
3198 2953 3394 3034 coelo,
3421 2963 3731 3036 tanquam
3769 2954 4235 3021 beneficentiae
4268 2977 4426 3021 suae
4457 2958 4724 3040 organis

2768 3038 3201 3106 administrat.

3622 3162 3882 3198 HHUOETBB·

2941 3217 3060 3293 [fol.
3110 3216 3220 3291 62]
3280 3212 3485 3296 Atqui
3538 3220 3730 3276 tuum
3797 3233 3923 3295 quo
3984 3214 4127 3280 iure
4196 3235 4436 3298 panem
4501 3235 4722 3281 vocas:

2765 3319 2969 3382 quum
3016 3297 3134 3362 tibi
3174 3318 3215 3362 a
3257 3296 3404 3363 Deo
3447 3297 3742 3381 postules
3786 3298 3972 3363 dari?
4570 3319 4575 3325 ·

3666 3420 3820 3457 PUER-

2938 3470 3210 3554 Nempe,
3255 3471 3408 3554 quia
3448 3471 3579 3536 Dei
3619 3469 4028 3555 benignitate
4070 3472 4150 3536 fit
4193 3479 4440 3538 noster:
4487 3491 4726 3538 utcun-

2765 3577 2893 3639 que
2961 3556 3149 3623 nobis
3223 3557 3496 3622 minime
3565 3555 3897 3623 debeatur.
3999 3555 4454 3623 Admonemur
4522 3560 4727 3624 etiam

2765 3643 2889 3708 hoc
2933 3643 3165 3722 verbo,
3223 3641 3306 3708 ab
3349 3642 3563 3708 alieno
3617 3665 3790 3728 pane
3834 3643 4199 3727 appetendo
4242 3644 4432 3710 nobis
4477 3653 4729 3728 tempe-

2764 3750 2942 3794 rare:
3011 3737 3479 3814 contentosque
3548 3751 3623 3795 eo
3682 3751 3853 3807 esse,
3919 3730 4030 3813 qui
4097 3730 4391 3815 legitima
4443 3733 4719 3810 ratione,

2765 3823 3080 3898 tanquam
3114 3836 3198 3879 ex
3237 3815 3364 3881 Dei
3410 3837 3613 3881 manu
3659 3816 3743 3881 ad
3788 3837 3908 3881 nos
3951 3818 4343 3899 pervenerit.

3614 3938 3876 3973 unnfflnub

2936 3985 3411 4069 Quotidianum
3456 4005 3584 4053 cur
3607 3988 3812 4067 addis,
3859 3997 3927 4053 et
3960 3987 4195 4054 hodie?

3666 4110 3816 4145 PUER-

2933 4161 3063 4225 His
3119 4159 3374 4225 duabus
3426 4159 3769 4245 particulis
3822 4160 3905 4224 ad
3958 4160 4472 4226 moderationem
4531 4162 4725 4227 insti-

2763 4247 3014 4312 tuimur
3049 4267 3123 4311 ac
3158 4247 3660 4312 continentiam:
3698 4268 3785 4311 ne
3817 4245 4088 4311 modum
4122 4247 4530 4313 necessitatis
4562 4257 4726 4315 vota

2761 4340 2988 4398 nostra
3031 4332 3369 4399 excedant.

3607 4455 3868 4490 uunnmnnk

2936 4503 3160 4585 Quum
3195 4505 3357 4574 haec
3388 4506 3751 4572 communis
3781 4506 4076 4570 omnium
4119 4527 4261 4571 esse
4297 4504 4532 4570 debeat
4569 4524 4725 4588 pre-

2761 4591 2928 4656 catio
2945 4642 2961 4670 ,
3020 4591 3132 4674 qui
3185 4591 3330 4656 fieri
3375 4599 3618 4675 potest,
3677 4603 3752 4657 ut
3807 4591 4075 4670 divites,
4134 4592 4248 4675 qui
4290 4591 4464 4656 domi
4508 4590 4726 4656 abun-

2761 4673 2939 4757 dant,
2976 4678 3458 4761 repositamque
3501 4678 3570 4743 in
3612 4677 3884 4763 longum
3927 4686 4186 4762 tempus
4222 4697 4554 4743 annonam
4601 4678 4726 4742 116-

2758 4763 2936 4840 bent,
2982 4763 3106 4829 sibi
3148 4771 3382 4847 petant
3420 4764 3493 4828 in
3534 4763 3708 4828 diem
3754 4764 3935 4829 dari?

3657 4887 3810 4922 PUBB·

2931 4934 3080 5000 Hoc
3131 4934 3372 5001 divites
3426 4956 3754 5021 peraeque
3802 4957 3878 5003 ac
3918 4956 4239 5020 pauperes
4284 4934 4727 5002 constitutum

693 5042 823 5108 que
867 5029 1015 5088 tout
1056 5044 1132 5088 ce
1168 5022 1360 5106 qu'ilz
1400 5029 1517 5088 ont
1547 5044 1632 5089 ne
1674 5023 1820 5089 leur
1862 5033 2020 5108 peut
2062 5024 2142 5089 de
2185 5024 2331 5090 rien
2364 5023 2653 5107 profiter,
2759 5020 3004 5087 habere
3046 5030 3329 5105 oportet,
3386 5022 3556 5088 nihil
3598 5045 3825 5089 eorum
3869 5033 4034 5106 q'uae
4078 5020 4339 5100 habent,
4395 5020 4520 5087 sibi
4565 5043 4726 5106 pro-

1196 5159 1391 5172 ffl-——A—q—

1006 5246 1067 5310 1)
1104 5246 1183 5301 Le
1216 5245 1306 5300 41.
1342 5246 1643 5303 dimanche.
1678 5277 1744 5286 —
1781 5248 1865 5303 La
1898 5249 2227 5318 quatriesme
2263 5253 2534 5317 requeste.
2573 5273 2636 5284 -
2676 5243 2792 5314 Que
2829 5242 2963 5300 c’est
2995 5260 3101 5314 que
3137 5246 3428 5302 demandet
3474 5253 3658 5302 nostre
3695 5248 3822 5315 pain
3860 5246 4150 5315 quotidien.
4188 5275 4254 5287 -
4290 5243 4432 5300 Dieu
4466 5245 4627 5300 benit
4665 5243 4718 5299 le

692 5315 900 5372 labent.
937 5345 1005 5354 —
1040 5315 1175 5370 Pain
1210 5315 1500 5385 quotidien.

1002 5382 1064 5449 2)
1101 5387 1377 5441 veniamus
1412 5385 1567 5439 Boea
1599 5401 1643 5440 c.
1679 5400 1820 5456 seqq.
