4999 6179
596 459 721 523 503

590 655 701 713 tus
743 644 955 712 modis
999 643 1319 725 omnibus,
1364 642 1680 728 spoliatus
1723 641 1904 709 omni
1945 640 2283 726 dignitate,
2327 640 2400 705 in
2437 661 2552 705 ex-

593 732 817 798 silium
859 731 1108 815 pulsus,
1155 738 1222 795 et
1264 750 1464 814 prope
1509 729 1591 795 ad
1636 730 1978 794 interitum
2014 724 2372 811 perductus
2405 726 2549 792 fuit.

591 819 906 903 Longum
944 825 1134 895 esset,
1182 817 1404 881 omnia
1445 815 1553 882 hic
1596 836 1955 883 recensere.
2044 813 2248 879 Nulla
2290 819 2392 879 est
2432 833 2552 897 pa-

592 906 749 988 gina
799 904 870 969 in
930 902 1301 987 prophetis,
1369 922 1534 985 quae
1592 922 1729 967 non
1785 900 2101 978 clamitet,
2179 898 2350 964 nihil
2407 920 2552 964 esse

591 988 762 1074 quod
799 990 1026 1056 Deum
1061 988 1144 1055 ad
1176 985 1698 1072 indignationem
1732 988 1946 1072 magis
1979 991 2304 1069 provocet.
2372 982 2552 1065 Quid

589 1075 791 1160 ergo?
849 1097 1052 1159 quum
1109 1083 1404 1158 apertam
1470 1072 1906 1139 idololatriam
1960 1072 2206 1156 passim
2260 1071 2550 1156 grassari

589 1162 662 1227 in
703 1161 951 1227 mundo
995 1180 1432 1238 cerneremus,
1477 1160 1690 1225 fuitne
1726 1157 2252 1227 connivendum?
2320 1157 2548 1239 Atqui,

590 1247 864 1331 perinde
931 1248 998 1313 id
1062 1247 1325 1324 fuisset,
1387 1266 1463 1311 ac
1515 1244 1839 1328 mundum
1899 1266 2015 1311 suo
2069 1243 2272 1310 exitio
2326 1241 2550 1308 indor-

589 1334 907 1398 mientem
949 1333 1236 1417 palpare,
1281 1352 1368 1395 ne
1412 1333 2003 1415 expergisceretur.

761 1419 1056 1484 Veniant
1100 1416 1285 1484 vobis
1340 1417 1410 1482 in
1458 1425 1770 1496 mentem,
1821 1416 2259 1482 invictissime
2304 1415 2551 1482 Caesar

589 1511 655 1571 et
697 1504 1125 1571 illustrissimi
1160 1503 1523 1587 Principes,
1565 1511 1664 1568 tot
1695 1503 1810 1568 illa
1844 1502 2356 1587 inquinamenta,
2402 1501 2546 1585 qui-

586 1590 708 1656 bus
749 1592 934 1674 prius
977 1588 1234 1655 ostendi
1292 1589 1619 1673 pollutum
1674 1589 1878 1655 fuisse
1920 1590 2050 1654 Dei
2105 1588 2383 1666 cultum:
2443 1609 2547 1652 re-

587 1678 855 1760 perietis
898 1677 1205 1760 profecte,
1251 1674 1577 1759 quoddam
1622 1676 1830 1742 veluti
1877 1674 2198 1740 diluvium
2244 1674 2548 1757 impieta-

588 1762 671 1827 tis
717 1762 1115 1841 exundassc,
1173 1783 1299 1844 quo
1343 1767 1487 1826 tota
1536 1762 1767 1846 religio
1825 1762 2276 1828 suffocaretur.
2365 1759 2547 1825 Hinc

586 1848 822 1914 statuis
867 1847 1349 1913 exhibebantur
1392 1846 1599 1912 divini
1641 1848 1950 1913 honores:
2007 1846 2091 1911 ad
2135 1867 2247 1913 eas
2298 1847 2546 1929 passim

587 1934 891 2001 homines
933 1933 1398 2018 precabantur:
1437 1932 1569 1999 illis
1614 1954 1864 1999 numen
1906 1940 1973 1998 et
2014 1932 2380 2016 potentiam
2417 1932 2549 1997 Dei

587 2019 855 2086 subesse
909 2019 1266 2105 fingebant.
1355 2019 1536 2085 Hinc
1591 2020 1798 2086 sancti
1852 2018 2094 2084 mortui
2145 2019 2546 2098 colebantur,

588 2126 722 2170 non
768 2126 957 2172 secus
1021 2113 1215 2188 atque
1271 2105 1428 2171 olim
1482 2104 1659 2189 apud
1702 2105 2043 2171 Israelitas
2085 2104 2365 2171 Baalim.
2454 2104 2549 2169 Et

584 2192 855 2275 plurimi
901 2190 1012 2255 alii
1056 2189 1229 2256 modi
1276 2191 1629 2275 excogitati
1664 2200 1874 2269 erant,
1921 2190 2210 2256 Satanae
2247 2189 2545 2270 artifici0,

585 2278 823 2360 quibus
882 2283 1033 2357 [pag.
1075 2282 1185 2357 86]
1242 2277 1372 2343 Dei
1425 2277 1638 2360 gloria
1695 2276 2190 2360 discerperetur.
2282 2275 2547 2342 Clamat

583 2364 944 2442 Dominus,
1006 2384 1076 2429 88
1118 2362 1348 2428 ardere
1391 2363 1746 2447 zelotypia,
1802 2364 1857 2428 si
1903 2361 2075 2446 quod
2118 2361 2370 2427 idolum
2416 2363 2544 2427 eri·

583 2458 808 2533 gatur,
864 2470 985 2516 888
1040 2450 1262 2514 1818118
1306 2470 1529 2515 servos
1584 2450 1725 2514 eius
1781 2470 1901 2534 pro
1945 2446 2297 2514 asserenda
2339 2448 2545 2531 ipsius

580 2535 792 2618 gloria
849 2535 1180 2621 zelotypos
1233 2556 1402 2600 8888·
1431 2533 1695 2615 (1811818,
1760 2554 1879 2600 8110
1924 2534 2227 2618 exemplo
2272 2533 2544 2599 demon-

580 2628 750 2686 strat
801 2621 1053 2686 Paulus
1108 2622 1285 2699 (Act.
1341 2624 1436 2700 17,
1495 2621 1616 2702 16).
1716 2619 1858 2687 Nec
1912 2620 2207 2707 vulgaris
2263 2627 2364 2687 est
2427 2620 2543 2685 ille

578 2706 757 2772 zelus
802 2705 1037 2770 domus
1081 2706 1227 2780 Dei,
1277 2705 1387 2789 qui
1429 2704 1724 2772 fidelium
1767 2707 2065 2772 omnium
2109 2704 2307 2772 corda
2350 2704 2545 2771 debet

580 2791 877 2857 exedere.
969 2790 1195 2872 Quum
1238 2811 1395 2875 crgo
1437 2799 1540 2858 tot
1573 2793 1992 2876 pollueretur,
2042 2792 2144 2858 vel
2180 2794 2398 2876 potius
2440 2792 2543 2858 la-

576 2886 930 2957 ceraretur,
989 2876 1203 2942 modis
1248 2878 1376 2944 Dei
1431 2879 1669 2963 gloria,
1729 2898 1952 2944 nonne
2004 2875 2416 2945 connivendo
2474 2883 2542 2943 et

579 2962 857 3029 tacendo
902 2963 1136 3046 perfidi
1178 2964 1570 3031 fuissemus?
1662 2963 1886 3045 Canis,
1933 2964 1992 3029 si
2034 2985 2234 3047 quam
2271 2984 2389 3028 suo
2425 2962 2540 3029 do-

574 3050 755 3115 mino
812 3049 1193 3117 violentiam
1253 3051 1485 3118 inferri
1545 3050 1815 3132 viderit,
1886 3050 2184 3135 protinus
2241 3049 2538 3116 latrabit:

586 3157 710 3203 808
751 3142 854 3201 101
895 3136 1256 3221 sacrilegiis
1301 3137 1532 3205 violari
1589 3159 1849 3206 sacrum
1894 3136 2024 3202 Dei
2068 3158 2313 3203 nomen
2356 3137 2541 3203 taciti

587 3222 1069 3305 aspiceremus?
1154 3224 1249 3288 Et
1305 3224 1418 3291 ubi
1475 3231 1648 3291 esset
1712 3221 1906 3290 illud:
1987 3222 2361 3307 Opprobria
2422 3243 2540 3288 ex-

584 3309 1039 3392 probrantium
1076 3308 1196 3374 tibi
1236 3310 1609 3377 ceciderunt
1643 3332 1843 3395 super
1876 3331 1983 3376 me
2010 3309 2213 3394 (Psal.
2247 3313 2347 3388 69,
2380 3308 2535 3392 10)?

757 3394 885 3459 Illa
931 3414 1085 3460 vero
1128 3394 1431 3475 ludibria,
1478 3396 1649 3480 quod
1693 3418 1824 3462 non
1868 3397 1997 3462 nisi
2035 3403 2311 3460 externo
2345 3403 2540 3479 gestu

585 3487 653 3544 et
694 3480 916 3545 stultis
957 3479 1297 3546 hominum
1342 3483 1676 3567 figmentis
1711 3483 2048 3549 colebatur
2082 3483 2289 3560 DeuS,
2334 3480 2538 3547 silen-

582 3566 673 3631 tio
716 3566 1076 3651 praeterire
1119 3568 1230 3650 qui
1274 3568 1370 3633 fas
1414 3568 1583 3632 fuit?
1663 3567 1925 3635 Scimus
1969 3574 2369 3651 quantopere
2409 3566 2539 3651 hy-

580 3653 904 3736 procrisin
960 3651 1190 3716 oderit.
1289 3654 1645 3738 Regnabat
1666 3656 1717 3738 ¹)
1785 3655 1859 3719 in
1915 3653 2032 3718 illo
2092 3654 2538 3717 commentitio

578 3739 709 3804 Dei
754 3738 970 3818 cultu,
1014 3738 1127 3822 qui
1167 3740 1413 3822 passim
1458 3748 1600 3805 erat
1642 3741 1941 3806 usitatus.
2039 3737 2370 3804 Audimus
2410 3760 2539 3821 qua

580 3823 935 3890 verborum
972 3824 1327 3891 acerbitate
1363 3827 1768 3891 invehantur
1806 3824 2160 3909 prophetae
2201 3845 2428 3889 omnes
2465 3826 2535 3890 in

580 3911 798 3976 cultus
844 3910 1182 3976 hominum
1228 3912 1596 3977 temeritate
1639 3912 2004 3978 fabricatos.
2083 3910 2274 3975 Bona
2315 3910 2533 3976 inten-

579 3997 687 4074 tio,
732 3998 856 4064 hoc
899 4004 1015 4077 881,
1059 3997 1296 4063 insana
1338 3997 1659 4081 quidlibet
1693 3996 1979 4063 audendi
2021 3995 2240 4076 libido,
2281 3997 2533 4080 optima

577 4082 832 4147 colendi
898 4082 1030 4148 Dei
1086 4084 1314 4168 regula
1362 4085 1730 4168 putabatur.
1823 4083 2022 4150 Certe
2071 4102 2157 4147 ex
2208 4088 2345 4147 toto
2398 4084 2531 4149 Dei

579 4168 787 4248 cultu,
835 4168 1118 4253 qualiter
1162 4176 1306 4235 erat
1346 4171 1718 4250 institutus,
1778 4168 1947 4234 nihil
1989 4170 2126 4234 fere
2170 4175 2313 4234 crat
2353 4169 2528 4253 quod

577 4255 1022 4319 testimonium
1085 4256 1358 4322 haberet
1410 4278 1450 4321 a
1502 4257 1701 4323 verbo
1754 4255 1901 4320 Dei.
1989 4255 2140 4321 Non
2196 4263 2299 4321 est
2351 4256 2527 4339 quod

577 4340 716 4418 hic,
773 4340 879 4405 vel
933 4348 1186 4419 nostro,
1248 4342 1354 4408 vel
1401 4343 1683 4409 aliorum
1735 4340 1975 4408 iudicio
2029 4349 2294 4407 stemus.
2388 4340 2524 4409 Sed

572 4425 902 4492 audienda
944 4447 1073 4493 vox
1115 4428 1273 4506 Dci,
1319 4450 1448 4513 qua
1489 4436 1772 4496 testatur
1812 4428 2043 4512 quanti
2088 4427 2264 4492 hanc
2306 4427 2522 4494 cultus

573 4513 677 4577 sui
711 4513 1233 4595 profanationem
1270 4517 1585 4595 aestimet,
1630 4515 1744 4581 ubi
1779 4516 2080 4581 homines
2112 4520 2303 4579 extra
2336 4514 2521 4582 verbi

571 4601 712 4664 eius
765 4600 934 4663 fines
989 4599 1058 4664 in
1116 4600 1399 4684 propriis
1444 4603 1831 4668 commentis
1885 4601 2257 4667 lasciviunt.
2333 4601 2521 4667 Duas

571 4685 765 4749 affert
827 4705 1084 4751 causas:
1166 4707 1285 4751 cur
1361 4687 1671 4770 populum
1747 4687 2199 4766 israeliticum,
2276 4687 2386 4771 pio
2454 4696 2522 4753 et

569 4777 795 4835 sancto
857 4770 1171 4837 ecclesiae
1237 4772 1560 4858 regimine
1626 4773 1990 4858 privatum,
2063 4774 2520 4840 excaecatione

569 4856 832 4939 puniat:
893 4855 1304 4941 hypocrisin,
1354 4863 1501 4938 [pag.
1541 4864 1650 4940 87]
1695 4868 1762 4925 81
1806 4863 2343 4943 ἐθελοθρησκείανῐ
2393 4861 2519 4926 hoo

570 4950 699 5020 est,
755 4942 1032 5007 formam
1102 4944 1355 5010 colendi
1420 4946 1628 5028 ipsius
1693 4946 2081 5012 humanitus
2145 4949 2513 5013 confictam.

567 5026 744 5109 Quia
801 5028 1278 5113 appropinquat
1330 5032 1614 5115 populus
1668 5031 1776 5098 hic
1833 5030 2023 5097 labiis
2067 5032 2234 5112 suis,
2300 5032 2518 5116 inquit

565 5115 719 5197 (188.
762 5117 862 5193 29,
908 5117 1049 5199 13),
1115 5139 1226 5182 801
1281 5126 1498 5184 autem
1555 5120 1751 5203 longe
1806 5125 1907 5183 est
1961 5139 2001 5183 a
2043 5139 2179 5198 me,
2239 5126 2306 5183 et
2362 5119 2516 5202 quia

561 5222 668 5266 me
712 5199 866 5266 colit
909 5202 1238 5269 mandatis
1281 5204 1652 5285 hominum,
1710 5224 1856 5271 8888
1901 5203 2094 5269 edam
2137 5212 2516 5287 portentum

697 5391 756 5457 1)
793 5391 944 5447 Haec
982 5399 1162 5447 autem
1199 5394 1462 5461 regnabat
1497 5391 1633 5473 15:76
1667 5408 1811 5464 seqq.

2183 451 2313 518 DE
2357 447 3001 517 NECESSITATE

4487 443 4611 512 504

2654 637 2990 719 horribile,
3038 637 3224 706 ouius
3269 637 3498 704 auditu
3542 659 3769 704 omnes
3812 637 4290 722 obstupescent.
4356 635 4615 702 Peribit

2659 726 2836 789 enim
2882 724 3209 809 sapientia
3267 746 3308 790 a
3350 724 3786 808 sapientibus,
3846 730 3915 790 ct
3966 722 4317 807 prudentia
4359 743 4399 787 a
4439 724 4613 788 seni-

2654 810 2781 877 bus
2824 816 3188 877 evanescet.
3270 808 3523 877 Similis
3564 819 3680 876 aut
3721 810 3929 876 maior
3962 808 4161 875 etiam
4194 810 4611 892 perversitas,

2657 918 2860 981 quum
2903 897 3089 962 Deus
3131 917 3253 962 nos
3297 898 3641 976 excitavit,
3687 896 3908 981 palam
3951 895 4024 960 in
4068 895 4360 962 ecclesiis
4404 894 4611 960 domi-

2656 980 2957 1048 nabatur.
3029 981 3255 1064 Quum
3299 1004 3335 1048 e
3379 983 3559 1049 coelo
3600 981 3791 1049 Deus
3824 982 4224 1061 fulminaret,
4269 1002 4354 1046 an
4398 982 4610 1064 quioe-

2653 1068 2937 1135 cendum
2980 1068 3170 1135 nobis
3212 1068 3379 1135 fuit?
3758 1134 3771 1139 -

2828 1154 3024 1236 Quod
3081 1155 3311 1239 lingua
3365 1155 3735 1240 incognita,
3807 1154 4127 1220 adversus
4182 1152 4429 1222 claram
4481 1151 4612 1220 Dei

2651 1240 3188 1325 prohibitionem,
3245 1241 3546 1307 solennes
3598 1242 4006 1325 precationes
4047 1241 4118 1305 in
4162 1238 4426 1323 templis
4467 1241 4607 1306 fieri

2653 1328 2856 1393 moris
2901 1335 3071 1408 erat,
3127 1327 3273 1394 leve
3316 1327 3485 1393 forte
3528 1337 3819 1394 erratum
3863 1327 4064 1392 fuisse
4119 1324 4605 1392 existimabunt.

2654 1411 2790 1479 Sed
2836 1434 2913 1479 eo
2956 1413 3151 1479 modo
3197 1413 3489 1480 derisum
3532 1414 3735 1480 fuisse
3779 1414 4002 1480 Deum
4037 1433 4241 1495 quum
4276 1419 4601 1496 appareat,

2652 1499 2842 1564 nobis
2887 1520 3023 1565 non
3065 1498 3405 1585 negabunt
3456 1500 3657 1567 fuisse
3713 1500 3867 1583 plus
3911 1499 4072 1565 satis
4115 1500 4357 1563 iustam
4401 1498 4606 1564 recla-

2651 1586 2879 1651 mandi
2923 1607 3206 1652 causam.
3273 1585 3470 1667 Quid,
3507 1586 3679 1671 quod
3724 1588 3794 1651 in
3832 1584 4111 1670 publicis
4154 1584 4424 1669 hymnis
4459 1605 4607 1668 per-

2654 1671 2974 1737 sonabant
3015 1671 3479 1756 blasphemiae,
3527 1694 3689 1757 8888
3733 1693 3926 1737 881110
3969 1672 4119 1754 pius
4164 1673 4306 1737 8188
4346 1691 4605 1736 summo

2652 1759 2922 1824 horrore
2981 1758 3213 1824 audire
3270 1759 3634 1825 sustineat?
3722 1758 3899 1824 Nota
3958 1764 4120 1823 sunt
4184 1756 4302 1822 illa
4352 1756 4606 1824 Mariae

2651 1844 2974 1928 epitheta,
3020 1864 3226 1928 quum
3267 1852 3457 1929 porta
3499 1844 3694 1924 coeli,
3742 1865 3922 1928 spes,
3978 1843 4120 1909 vita
4162 1851 4229 1908 et
4271 1844 4447 1909 salus
4492 1865 4605 1908 no-

2652 1932 3036 1996 minaretur.
3137 1931 3447 2013 Eousque
3516 1931 3755 1997 furoris
3809 1938 3878 1997 et
3931 1930 4260 1996 amentiae
4313 1930 4603 2013 provecti

2653 2023 2835 2097 sunt,
2881 2023 2958 2082 ut
2998 2016 3366 2099 imperandi
3426 2019 3528 2083 ius
3577 2018 3674 2083 illi
3716 2017 3786 2082 in
3833 2015 4175 2083 Christum
4220 2015 4600 2082 tribuerent.

2651 2101 2894 2168 Adhuc
2938 2102 3117 2167 enim
3172 2103 3243 2168 in
3300 2104 3526 2169 multis
3580 2111 3713 2198 Ψ
3763 2103 3846 2170 118
3890 2100 4291 2169 exsecrabile
4332 2100 4494 2167 illud
4539 2109 4603 2167 et

2650 2188 3010 2254 nefandum
3055 2208 3322 2254 carmen
3368 2188 3659 2255 auditur:
3833 2210 3919 2273 ga
3959 2195 4215 2273 patrem
4231 2241 4248 2270 ,
4292 2188 4443 2254 iube
4487 2208 4601 2252 88-

2649 2280 2808 2340 tum.
2900 2274 3125 2339 Nihilo
3170 2274 3674 2341 modestioribus
3719 2275 3949 2360 elogiis
3983 2272 4303 2358 quosdam
4338 2281 4596 2340 sanctos

2649 2359 3013 2427 celebrant:
3074 2368 3142 2426 et
3193 2360 3454 2444 quidem
3502 2383 3688 2440 suos,
3734 2362 3859 2427 hoc
3905 2367 4034 2439 est,
4091 2381 4254 2444 quos
4297 2360 4425 2444 ipsi
4468 2362 4598 2443 opi-

2647 2446 2846 2512 nione
2890 2468 3013 2513 sua
3046 2447 3117 2512 in
3154 2455 3529 2514 sanctorum
3569 2448 3941 2532 catalogum
3977 2447 4363 2512 retulerunt.
4432 2447 4601 2512 Nam

2645 2532 2824 2598 inter
2878 2532 3196 2617 plurimas
3246 2532 3505 2612 laudes,
3569 2556 3733 2618 quas
3787 2540 4035 2600 canunt
4079 2531 4392 2610 Claudio,
4453 2553 4601 2598 eum

2646 2618 2873 2684 lumen
2918 2640 3276 2699 caecorum,
3323 2622 3505 2684 viam
3550 2620 3911 2686 errantium
3928 2672 3943 2699 ,
3995 2620 4201 2687 vitam
4262 2621 4329 2683 et
4385 2639 4601 2684 resur-

2646 2706 3002 2770 rectionem
3047 2714 3456 2771 mortuorum
3499 2713 3758 2773 vocant.
3862 2704 4136 2772 Talibus
4180 2703 4599 2788 blasphemiis

2645 2791 2927 2856 refertae
2983 2797 3142 2856 sunt
3193 2792 3510 2877 precandi
3566 2792 3917 2872 formulae,
3978 2797 4126 2871 [pag.
4170 2796 4278 2871 88]
4325 2812 4487 2875 quas
4526 2790 4598 2856 in

2645 2874 3025 2960 quotidiano
3076 2899 3202 2943 usu
3257 2877 3523 2968 habent.
3630 2877 4097 2945 severissimas
4160 2897 4407 2960 poenas
4461 2877 4598 2942 Do-

2644 2963 2869 3028 minus
2923 2962 3241 3031 adversus
3298 2986 3408 3029 eos
3460 2965 3883 3047 pronunciat,
3944 2964 4054 3048 qui
4109 2983 4346 3029 nomen
4406 2984 4600 3029 suum

2643 3049 3032 3116 miscuerint
3095 3071 3245 3118 cum
3300 3051 3676 3118 nominibus
3739 3051 4028 3130 Baalim,
4107 3050 4247 3117 sive
4301 3050 4369 3116 in
4424 3050 4600 3117 iure-

2642 3135 2938 3215 iurand0,
2978 3138 3117 3206 sive
3150 3137 3225 3202 in
3262 3138 3581 3221 precibus.
3650 3138 3841 3219 Quae
3879 3138 4086 3222 igitur
4120 3136 4414 3204 vindicta
4448 3158 4600 3203 nos—

2643 3223 2768 3288 tris
2811 3222 3135 3306 capitibus
3177 3223 3509 3303 imminet,
3559 3226 3668 3308 qui
3714 3245 3849 3290 non
3891 3221 4083 3289 modo
4127 3228 4406 3303 sanctos,
4452 3230 4601 3288 tan-

2644 3329 2841 3391 quam
2895 3310 3183 3376 minores
3244 3310 3429 3392 deos,
3487 3331 3635 3376 oum
3679 3311 3795 3376 illo
3838 3311 4222 3388 miscemus,
4283 3307 4400 3375 sed
4445 3330 4602 3376 cum

2642 3395 2891 3479 insigni
2946 3397 3086 3462 eius
3140 3397 3566 3475 contumelia,
3638 3396 3981 3462 Christum
4037 3395 4390 3479 spoliamus
4446 3417 4601 3480 pro—

2644 3480 2806 3564 priis
2849 3486 2917 3545 et
2949 3481 3395 3566 singularibus
3437 3483 3675 3563 titulis,
3716 3483 3951 3567 quibus
3992 3503 4143 3548 eum
4185 3482 4477 3563 ornavit,
4521 3489 4604 3550 ut

2642 3566 2792 3631 illos
2847 3567 3165 3634 creaturis
3224 3568 3636 3635 deferamus?
3725 3570 3946 3636 Hicne
3990 3570 4191 3634 etiam
4245 3567 4604 3634 tacendum

2641 3653 2829 3719 nobis
2871 3659 3031 3732 erat,
3077 3661 3155 3719 ut
3195 3654 3547 3738 perfidioso
3590 3656 3851 3722 silentio
3887 3656 3959 3720 in
4002 3676 4122 3721 nos
4160 3674 4418 3738 quoque
4461 3662 4601 3719 tam

2640 3760 2844 3824 grave
2886 3739 3198 3807 iudicium
3243 3741 3767 3808 accerseremus?

2813 3825 3022 3892 Taceo
3042 3878 3058 3907 ,
3113 3825 3286 3910 quod
3341 3835 3521 3894 certa
3573 3828 3736 3910 fide,
3781 3828 3905 3894 hoc
3949 3834 4081 3907 est,
4132 3828 4327 3907 serio,
4374 3827 4601 3893 Deum

2637 3911 2860 3977 nullus
2905 3913 3295 3996 precabatur
3308 3940 3335 3992 ,·
3371 3935 3445 3981 ae
3492 3936 3576 3980 ne
3615 3922 3874 3999 poterat
3915 3913 4195 3998 quidem.
4276 3914 4448 3979 Nam
4492 3934 4601 3979 se-

2636 3998 2822 4081 pulto
2865 3998 2934 4062 18
2981 4021 3131 4064 eum
3175 3999 3465 4081 modum,
3511 4008 3588 4066 ut
3620 4007 3777 4081 erat,
3815 3999 4098 4079 Christo,
4144 4020 4412 4067 11888888
4448 4006 4598 4065 erat

2635 4082 2717 4150 de
2768 4092 3047 4167 paterna
3100 4107 3259 4171 erga
3314 4106 3384 4152 se
3441 4087 3571 4153 Dei
3635 4086 4121 4167 benevolentia,
4189 4094 4255 4150 et
4321 4107 4408 4152 an
4464 4086 4595 4152 sibi

2632 4192 2825 4254 opem
2867 4171 3039 4238 ferre
3081 4172 3310 4252 vellet,
3364 4194 3453 4238 an
3495 4173 3778 4239 salutem
3817 4194 4008 4239 suam
4051 4194 4246 4239 curae
4289 4171 4588 4254 haberet,

2630 4256 2932 4323 homines
2973 4263 3289 4341 perpetuo
3331 4257 3651 4325 dubitare.
3722 4258 3945 4340 Quid?
3991 4279 4074 4324 an
4119 4258 4229 4323 hic
4269 4257 4435 4324 levis
4471 4254 4593 4324 a'ut

2628 4341 2988 4408 tolerabilis
3032 4364 3215 4409 error
3258 4344 3414 4423 fuit,
3469 4345 3639 4427 quod
3686 4355 4029 4411 aeternum
4075 4344 4327 4412 Christi
4369 4364 4588 4410 sacer-

2629 4428 2908 4509 dotium,
2975 4430 3164 4513 quasi
3226 4428 3508 4513 praedae
3582 4432 3985 4514 expositum,
4054 4430 4138 4497 ad
4204 4436 4588 4496 sanctorum

2628 4514 2985 4600 quemlibet
3048 4514 3507 4581 deferebatur?
3608 4518 4144 4596 Meminerimus,
4223 4517 4403 4582 hunc
4458 4517 4586 4583 sibi

2627 4601 2942 4667 honorem
2987 4601 3327 4669 Christum
3368 4608 3581 4668 morte
3624 4624 3744 4669 sua
3786 4623 4214 4687 comparasse,
4261 4610 4336 4668 ut
4369 4610 4583 4669 aeter-

2625 4710 2751 4754 nus
2810 4687 2900 4752 sit
2948 4687 3302 4754 advocatus
3358 4694 3427 4753 et
3469 4690 3864 4772 pacificator,
3924 4691 4032 4773 qui
4076 4709 4201 4756 nos
4243 4696 4307 4754 et
4348 4709 4581 4772 preces

2623 4781 2884 4840 nostras
2932 4774 3112 4856 patri
3154 4775 3413 4854 offerat,
3473 4776 3585 4858 qui
3639 4777 3920 4859 gratiam
3974 4774 4161 4841 nobis
4205 4774 4377 4858 apud
4421 4796 4578 4841 eum

2621 4861 2959 4943 impetret,
3006 4860 3117 4944 qui
3161 4859 3351 4925 nobis
3396 4882 3578 4944 spem
3623 4861 3990 4941 obtinendi,
4046 4858 4222 4945 quod
4263 4862 4573 4946 petimus,

2620 4946 2832 5013 faciat.
2935 4943 3121 5011 Sicut
3187 4946 3362 5012 solus
3428 4953 3494 5012 81
3557 4968 3679 5031 pro
3746 4947 3933 5013 nobis
3987 4955 4287 5014 mortuus
4340 4955 4443 5013 est
4505 4954 4576 5013 et

2620 5039 2832 5097 morte
2871 5052 2992 5097 sua
3032 5052 3153 5097 nos
3196 5030 3503 5114 redemit,
3557 5033 3653 5098 ita
3695 5033 3764 5098 in
3811 5034 4009 5100 huius
4053 5033 4325 5099 honoris
4367 5034 4571 5099 socie·

2620 5124 2823 5183 tatem
2869 5116 3123 5182 nullum
3168 5118 3472 5184 admittit.
3563 5117 3754 5199 Quod
3795 5141 3951 5204 crgo
3996 5119 4409 5204 sacrilegium
4451 5119 4569 5185 illo
4668 5200 4684 5209 ,

2620 5201 2897 5285 foedius,
2957 5204 3130 5287 quod
3172 5204 3449 5271 subinde
3506 5204 3861 5272 adversarii
3907 5208 4118 5272 nostri
4173 5207 4246 5270 in
4291 5225 4404 5271 ore
4448 5205 4568 5271 ha-

2620 5287 2823 5354 bent?
2914 5289 3253 5358 Christum
3299 5312 3442 5357 8888
3482 5291 3745 5374 quidem
3792 5293 4053 5358 unicum
4097 5291 4567 5375 redemptionis

2617 5374 3072 5457 mediatorem,
3120 5385 3190 5442 at
3232 5386 3491 5444 sanctos
3535 5398 3792 5459 omnes,
3838 5378 4339 5446 intercessionis.
4412 5382 4562 5457 [pag.
