4999 6179
555 437 680 501 399

1863 426 2236 495 RESPON
2240 427 2394 496 810
2439 426 2821 495 CONTRA
2862 428 3281 496 PIGHIUM

4448 433 4576 494 400

553 646 593 693 a
636 623 850 707 gratia
886 619 1010 689 Dei
1057 617 1300 683 habere
1348 615 1654 682 dicimus:
1716 618 1786 682 in
1830 639 1959 701 qua
2006 617 2302 683 doctrina
2344 617 2513 683 nihil
2617 619 2859 685 bantur
2903 617 3106 683 asseri
3164 616 3476 701 gratiam,
3531 639 3616 682 ne
3674 636 4115 699 supervacuae
4170 626 4391 684 essent
4432 637 4576 683 cor-

552 731 697 777 esse
741 705 1026 781 absurdi,
1071 703 1495 786 perspicuum
1537 714 1653 768 est.

2620 703 2966 786 reptiones.
3034 700 3208 784 Quid
3223 703 3253 765 ‘2
3326 705 3433 767 An
3486 704 3613 769 ista
3667 724 3959 785 unquam
4015 704 4399 788 imaginatio
4452 723 4574 768 no-

724 792 1047 876 Superest
1089 790 1532 872 Augustinus:
1589 810 1786 871 quem
1840 798 1914 854 ut
1958 810 2042 853 66
2086 790 2191 855 6111
2237 790 2512 856 dubium
2616 788 2747 866 bis,
2802 789 2913 854 vel
2979 809 3098 872 per
3151 790 3506 866 somnium,
3567 788 3902 873 obrepsit?
3981 791 4074 854 At
4131 811 4217 854 63
4273 787 4574 856 doctrina

548 883 735 960 foret,
779 876 1143 943 sententiae
1186 882 1452 939 nostrae
1494 896 1612 957 per
1647 874 1870 940 omnia
1903 876 2324 958 patrocinari:
2365 877 2508 941 eius
2614 882 2839 940 nostra
2879 876 3192 958 sequitur.
3261 874 3403 940 Cur
3436 895 3519 939 ex
3555 885 3784 940 nostra
3821 875 4051 960 magis,
4095 896 4293 958 quam
4338 877 4573 960 Augu-

550 962 953 1039 testimonia,
998 982 1202 1045 quum
1246 981 1329 1025 63
1372 960 1517 1025 61116
1561 961 1750 1039 10616,
1807 968 1950 1025 11116
1993 963 2379 1044 praesertim
2424 984 2510 1027 ex
2614 959 2814 1026 stini?
2875 960 3078 1042 91116,
3120 962 3356 1044 inquit,
3404 962 3457 1027 si
3503 961 3758 1027 malum
3800 982 4034 1027 cavere
4078 971 4147 1024 et
4180 961 4428 1027 bonum
4472 962 4571 1026 fa·

552 1050 839 1120 secundo
885 1047 967 1114 ad
1010 1046 1441 1112 Valentinum
1496 1045 1663 1111 libro
1718 1047 2091 1113 citaveram.
2181 1046 2289 1113 Ad
2343 1047 2509 1114 haec

2612 1067 2759 1113 cere
2802 1068 2996 1112 nemo
3038 1049 3246 1132 possit
3289 1045 3530 1130 absque
3573 1047 3826 1132 gratiae
3870 1047 4144 1125 auxili03
4201 1046 4257 1113 si
4301 1046 4574 1130 insuper

550 1148 907 1221 antequam
951 1129 1345 1216 respondeat
1387 1131 1697 1215 Pighius,
1742 1154 1861 1216 per
1901 1133 2133 1217 longos
2176 1142 2243 1199 et
2283 1132 2509 1199 devios
2611 1152 2689 1197 66
2733 1132 2890 1212 6016,
2937 1133 3081 1199 6166
3122 1134 3337 1211 601116,
3388 1132 3513 1200 1166
3566 1134 3642 1198 16
3683 1134 3872 1199 nobis
3915 1139 4222 1215 operetur
4265 1142 4332 1198 et
4382 1154 4571 1216 prae-

549 1224 905 1291 verborum
941 1218 1249 1287 circuitus
1283 1226 1571 1319 vagatur
1602 1219 1763 1301 ipse,
1808 1230 1875 1284 et
1908 1217 2346 1319 circumducit
2374 1218 2505 1286 lec-
2557 1224 2563 1319 j
2612 1227 2770 1297 stet,
2828 1241 2949 1318 nec
2992 1221 3065 1285 in
3110 1226 3335 1285 nostra
3378 1219 3469 1284 sit
3509 1227 3862 1305 potestate,
3921 1239 4052 1284 non
4097 1218 4309 1285 solum
4352 1220 4569 1286 facere

547 1324 781 1388 torem,
825 1318 902 1371 ut
941 1325 1207 1371 cernere
1250 1302 1553 1369 omnibus
1596 1316 1974 1388 promptum
2019 1314 2123 1381 sit,
2173 1305 2506 1370 hominem
2612 1312 2689 1369 ut
2723 1305 2923 1383 adsit,
2981 1305 3097 1371 sed
3139 1326 3262 1371 nec
3305 1312 3532 1389 optare
3576 1304 3872 1389 quidem,
3932 1306 4317 1388 priusquam
4364 1303 4566 1371 adsit:

548 1416 782 1464 causae
826 1413 983 1458 suae
1027 1390 1197 1455 male
1241 1391 1596 1469 conscium,
1641 1389 1913 1473 ideoque
1958 1389 2324 1456 diffidentia
2355 1412 2505 1474 per-

592 1482 842 1558 lexnm,
894 1477 1020 1543 hoc
1071 1476 1346 1541 artificio
1390 1475 1562 1541 velle
1608 1498 1648 1541 a
1690 1497 1764 1541 re
1807 1478 2138 1559 praesenti
2183 1476 2504 1543 abducere

569 1575 852 1635 ectores:
896 1574 973 1629 ut
1016 1560 1174 1627 dum
1215 1583 1333 1645 per
1378 1562 1688 1646 ambages
1724 1563 2293 1641 circumferuntur,
2332 1564 2504 1629 veri·-

540 1666 675 1733 tas,
730 1650 922 1717 obvia
971 1649 1101 1713 illis
1157 1648 1320 1712 alias
1377 1657 1444 1712 et
1497 1648 1827 1731 exposita,
1888 1671 1970 1714 ex
2029 1670 2253 1714 eorum
2299 1650 2504 1715 oculis

542 1745 910 1806 evanescat.
1029 1733 1519 1799 Commemorat
1605 1734 1808 1818 igitur
1894 1734 2094 1819 longo
2182 1756 2501 1813 sermone,

541 1831 689 1906 [pag.
732 1827 881 1902 232]
936 1819 1092 1904 quid
1148 1819 1356 1885 altero
1422 1818 1509 1884 ad
1561 1819 1992 1886 Valentinum
2047 1820 2213 1887 libro
2266 1829 2505 1887 tractet

540 1909 986 1996 Augustinus:
1042 1918 1112 1971 et
1158 1907 1312 1988 quia
1354 1925 1505 1970 cum
1564 1906 1778 1990 gratia
1820 1906 2104 1973 liberum
2148 1906 2284 1974 illic
2329 1906 2502 1972 arbi-

540 1999 749 2063 trium
804 1992 1175 2076 coniungit,
1236 1992 1394 2057 satis
1450 1990 1574 2055 hoc
1642 1990 1726 2056 ad
1779 1993 2125 2058 victoriam
2180 1993 2305 2059 sibi
2360 2014 2503 2059 6666

539 2079 830 2149 confidit.
911 2081 1005 2145 At
1057 2100 1177 2142 nos
1234 2076 1390 2142 alibi
1448 2076 2076 2157 demonstravimus,
2135 2077 2294 2161 quid
2341 2078 2504 2144 haec

540 2166 914 2234 coniunctio
945 2164 1201 2241 valeat,
1262 2172 1329 2227 et
1371 2183 1502 2246 quo
1560 2185 1757 2229 sensu
1802 2161 2036 2230 debeat
2079 2186 2120 2229 a
2162 2163 2350 2230 nobis
2392 2184 2502 2231 ac-

541 2254 688 2338 cipi.
755 2251 930 2319 Nam
1015 2271 1179 2316 uum
1235 2249 1424 2316 liberi
1470 2248 1723 2315 arbitrii
1783 2251 2050 2316 nomine
2090 2249 2501 2316 voluntatem

538 2338 923 2424 simpliciter
1010 2336 1282 2420 esignet,
1329 2356 1525 2418 quam
1565 2337 1819 2401 interea
1863 2357 2129 2402 servam
2164 2358 2307 2403 esse
2349 2358 2499 2420 pec-

538 2427 669 2493 cati
723 2426 998 2501 fatetur,
1057 2420 1216 2505 quid
1274 2420 1452 2486 aliud
1496 2420 1618 2487 sibi
1675 2421 1848 2500 vult,
1915 2442 2110 2504 quam
2164 2422 2335 2507 quod
2380 2444 2499 2488 nos

585 2508 1037 2578 mdicamus?
1105 2505 1290 2588 9616
1333 2507 1553 2585 etiam,
1601 2509 1657 2572 si
1694 2509 1910 2590 ipsum
1955 2509 2304 2591 recipimus
2345 2530 2497 2573 ver-

625 2617 777 2662 rum
820 2615 1095 2662 suorum
1148 2595 1606 2674 interpretem,
1654 2592 1836 2671 alibi,
1894 2614 2090 2676 quam
2135 2595 2300 2659 nihil
2348 2617 2498 2661 sen-

539 2685 664 2749 tiat
708 2703 748 2747 a
809 2681 996 2746 nobis
1040 2678 1377 2743 diversum
1397 2729 1413 2755 ,
1459 2679 1755 2762 exponit:
1811 2701 2018 2763 quum
2061 2681 2288 2746 scribit
2304 2732 2318 2757 ,
2367 2703 2496 2746 non

539 2768 686 2834 tolli
730 2767 944 2851 gratia
986 2764 1412 2843 voluntatem,
1456 2764 1570 2829 sed
1615 2785 1699 2829 63
1745 2765 1922 2830 61616
1964 2767 2034 2830 16
2068 2766 2307 2831 bonam
2352 2788 2498 2831 mu-

544 2855 705 2932 tari,
763 2861 831 2916 et
884 2872 1088 2934 quum
1146 2849 1318 2915 bona
1369 2851 1601 2930 fuerit,
1647 2850 1966 2916 adiuvari.
1998 2852 2047 2935 ¹)
2135 2852 2344 2917 Venit
2383 2874 2497 2936 po-

544 2951 687 3006 stea
731 2936 1012 3023 Pighius
1069 2933 1152 3001 ad
1204 2934 1444 3000 librum
1463 2987 1477 3013 ‚
1537 2958 1619 3003 ex
1664 2958 1790 3020 quo
1833 2937 2212 3003 testimonia
2253 2939 2498 3005 citave-

541 3047 685 3092 ram
699 3077 713 3105 ‚
770 3035 837 3089 et
889 3024 964 3089 in
1015 3021 1206 3087 liberi
1269 3021 1526 3088 arbitrii
1579 3021 1897 3089 vocabulo
1939 3022 2202 3089 rixandi
2267 3045 2499 3091 ansam

541 3114 784 3179 iterum
846 3110 1222 3195 prehensat
1334 3106 1540 3190 Quasi
1618 3130 1750 3175 non
1828 3111 1911 3177 ab
1987 3111 2175 3177 initio
2240 3133 2499 3195 semper

543 3200 778 3265 fuerim
827 3205 1107 3263 testatus
1124 3246 1140 3272 ,
1197 3193 1364 3260 nihil
1433 3215 1555 3261 nos
1609 3197 1852 3262 morari
1898 3216 2140 3262 nomen
2200 3198 2258 3264 si
2301 3196 2381 3263 de
2424 3220 2497 3264 re

541 3284 737 3350 modo
792 3281 1158 3349 conveniat.
1258 3279 1437 3361 Quid
1483 3281 1942 3367 Augustinus?
2028 3283 2499 3366 Propheticam

541 3380 612 3435 et
653 3367 1076 3454 apostolicam
1119 3364 1316 3431 fidem
1355 3367 1608 3446 asserit,
1656 3366 1935 3433 liberum
1975 3370 2046 3434 in
2089 3367 2358 3434 homine
2392 3391 2497 3434 ar-

542 3454 832 3533 bitrium,
870 3465 1008 3519 tam
1043 3451 1126 3517 ad
1162 3453 1335 3519 bona
1371 3474 1573 3537 quam
1609 3453 1802 3532 mala,
1842 3475 2226 3553 agnoscere:
2272 3454 2387 3521 sed
2414 3454 2498 3520 ad

540 3539 713 3607 bona
755 3540 992 3606 inutile
1035 3559 1180 3605 6666
1222 3559 1516 3622 prorsus,
1560 3540 1701 3605 sine
1746 3549 1997 3624 gratiae
2042 3541 2318 3606 auxilio:
2363 3541 2497 3605 imo

541 3627 827 3695 liberum
861 3645 1005 3691 6666
1049 3625 1353 3702 iustitiae,
1400 3646 1665 3690 servum
1712 3627 1959 3708 peccati
1978 3676 1993 3704 ,
2050 3627 2121 3690 in
2165 3626 2335 3692 bono
2380 3648 2496 3706 aur

541 3724 676 3780 tem
717 3732 1060 3796 nunquam
1101 3710 1406 3790 liberum,
1464 3711 1668 3777 donec
1710 3710 1962 3778 Christi
2006 3714 2221 3796 gratia
2263 3712 2498 3777 libere-

539 3809 677 3866 tur:
730 3819 934 3882 usque
989 3796 1150 3862 adeo
1195 3806 1271 3861 ut
1325 3797 1506 3863 nullo
1548 3797 1743 3861 modo
1788 3798 2077 3880 aspirare
2122 3797 2204 3862 ad
2249 3798 2497 3864 bonum

540 3896 766 3970 queat,
823 3883 954 3949 nisi
996 3882 1125 3948 Dei
1184 3883 1420 3966 spiritu
1465 3883 1808 3967 dirigatur.
1898 3882 2094 3949 Unde
2138 3883 2490 3962 concludit,

541 3973 800 4037 initium
852 3969 1102 4055 gratiae
1147 3969 1282 4033 iam
1317 3990 1490 4048 6666,
1553 3967 1922 4034 desiderare
1968 3971 2270 4052 gratiam.
2318 3969 2496 4036 Hinc

539 4059 789 4142 colligit
841 4056 1153 4141 Pighius,
1222 4053 1591 4120 doctrinam
1647 4063 1940 4120 nostram
2003 4055 2358 4139 impietatis
2420 4078 2495 4123 ac

539 4142 851 4228 perfidiae
896 4142 1161 4227 plenam
1204 4161 1367 4220 esse,
1412 4149 1639 4223 utpote
1668 4161 1835 4225 quae
1871 4162 1954 4206 ex
1991 4140 2310 4206 diametro
2346 4162 2497 4207 oum

542 4231 668 4296 hac
724 4226 851 4294 fide
906 4238 1173 4312 pugnet.
1241 4228 1335 4292 At
1378 4227 1605 4306 huius,
1652 4247 1851 4311 quam
1894 4228 2210 4304 somniat,
2255 4249 2495 4312 repug-

535 4317 825 4392 nantiae,
876 4336 958 4379 116
997 4313 1301 4378 umbram
1347 4312 1612 4396 quidem
1655 4333 1970 4397 apparere
2013 4334 2214 4379 sanae
2256 4313 2497 4379 mentis

539 4402 919 4468 hominibus
977 4397 1136 4465 dico.
1217 4399 1471 4463 Verum
1528 4401 1666 4482 ipse
1720 4399 1919 4465 nimis
1960 4398 2317 4465 obliviosus
2373 4410 2491 4479 est,

541 4492 653 4573 qui
695 4490 872 4553 inter
925 4482 1293 4550 orthodoxa
1344 4484 1498 4550 fidei
1554 4486 1768 4568 capita
1822 4506 2001 4550 nunc
2056 4485 2493 4569 amplectitur,

541 4575 715 4660 quod
756 4593 969 4657 nuper
1009 4590 1132 4654 pro
1177 4569 1560 4637 exsecrabili
1604 4571 1908 4656 dogmate
1951 4579 1981 4635 t
2106 4572 2220 4638 ’616
2254 4572 2495 4637 clamo·

542 4663 724 4728 ribus
773 4669 1158 4725 vexaverat:
1214 4678 1484 4740 nempe,
1546 4658 1831 4740 gratiam
1896 4655 2035 4724 desi
2082 4678 2298 4736 erare,
2353 4679 2495 4724 esse

543 4749 795 4833 gratiae
857 4744 1137 4809 initium.
1237 4740 1502 4808 Viderit
1552 4741 1707 4825 quid
1766 4743 1975 4808 faciat.
2064 4744 2239 4810 Nam
2303 4745 2494 4810 unico

543 4834 668 4899 hoc
724 4831 958 4909 verbo,
1025 4841 1237 4896 totum
1292 4827 1743 4913 philosophiae
1797 4830 1936 4896 eius
1988 4829 2493 4896 fundamentum

542 4918 881 4984 evertitur.
946 4915 1205 4982 Verum
1246 4914 1403 4998 quid
1446 4913 1638 4993 dicat,
1684 4914 1854 4979 nihil
1894 4917 2082 5000 pensi
2119 4917 2335 4992 habet,
2379 4917 2494 5000 qui

539 5000 881 5090 pugnandi
901 4998 1210 5069 fiduciam
1245 5000 1446 5068 semel
1482 5002 1554 5064 in
1589 5000 1972 5085 garrulitate
2007 5002 2240 5085 posuit.
2287 5003 2493 5068 Prae-

543 5107 726 5157 terea
781 5088 904 5154 hoc
966 5086 1267 5152 similiter
1331 5094 1561 5155 contra
1620 5107 1741 5152 nos
1796 5095 2085 5171 torquet,
2153 5093 2303 5167 [pag.
2343 5094 2496 5167 233]

542 5176 714 5262 quod
750 5196 860 5240 606
898 5172 1339 5256 reprehendat
1380 5172 1830 5260 Augustinus,
1885 5174 2001 5257 qui
2040 5173 2135 5240 sic
2174 5171 2496 5257 imagina-

543 5298 950 5311 -—--—..--——-—-—

680 5366 741 5432 1)
775 5364 953 5434 Epist.
990 5360 1107 5417 105.

2609 1390 2822 1474 magis
2868 1389 3220 1459 ridiculum
3252 1390 3424 1457 foret
3462 1392 3716 1458 hortari
3751 1412 4145 1475 quemquam
4181 1390 4266 1455 ad
4299 1392 4566 1468 bonum,

2608 1497 2805 1559 quam
2850 1498 3118 1544 caecum
3156 1478 3408 1543 hortari
3450 1488 3530 1543 ut
3574 1477 3809 1543 videat.
3890 1477 3983 1542 Et
4022 1476 4181 1561 quid
4234 1498 4371 1543 non
4411 1477 4569 1544 isto-

2607 1583 2758 1627 rum
2803 1565 3095 1629 omnium
3142 1584 3345 1648 prope
3388 1563 3475 1628 ad
3507 1563 3787 1630 verbum
3821 1563 4239 1648 Augustinus
4275 1583 4567 1646 pronun-

2608 1648 2781 1714 ciat?
2850 1646 3029 1728 Sola‚
3075 1649 3306 1734 inquit,
3339 1651 3388 1733 ¹)
3447 1650 3702 1717 Christi
3758 1650 3973 1734 gratia
4026 1648 4393 1715 liberantur
4449 1648 4568 1715 ho-

2606 1736 2819 1800 mines
2863 1757 2903 1800 a
2945 1735 3149 1814 malo:
3202 1737 3344 1801 sine
3388 1757 3518 1820 qua
3560 1735 3817 1802 nullum
3863 1756 4151 1818 prorsus,
4200 1735 4340 1800 sive
4385 1736 4564 1820 cogi-

2607 1820 2836 1892 tando.
2892 1823 3032 1887 sive
3089 1820 3370 1888 volendo
3428 1832 3496 1888 et
3552 1820 3864 1899 amando,
3921 1822 4062 1886 sive
4130 1820 4413 1905 agendo,
4469 1822 4568 1886 fa·

2608 1907 2790 1972 ciunt
2832 1908 3098 1974 bonum.
3144 1908 3344 1973 Item:
3374 1910 3434 1984 2)
3492 1907 3823 1974 Voluntas
3864 1907 4159 1972 humana
4193 1927 4330 1971 non
4369 1906 4571 1973 liber-

2606 2000 2743 2059 tate
2812 1996 3233 2076 consequitur
3295 1995 3610 2078 gratiam,
3682 1993 3798 2058 sed
3864 1994 4079 2077 gratia
4143 1993 4569 2076 consequitur

2614 2077 3016 2157 libertatem;
3073 2087 3141 2145 et
3181 2089 3258 2146 ut
3382 2087 3694 2156 rseveret,
3744 2078 4193 2144 delectabilem
4238 2078 4570 2163 perpetui-

2607 2171 2831 2244 tatem,
2878 2174 2947 2230 et
2987 2167 3297 2249 insupera
3340 2165 3494 2231 ilem
3538 2164 4008 2231 fortitudinem.
4045 2164 4246 2230 Item:
4273 2164 4331 2243 ⁸)
4376 2164 4569 2230 Intus

2606 2258 2708 2315 est
2743 2251 2960 2330 Deus,
3005 2252 3117 2336 qui
3161 2251 3358 2318 corda
3411 2260 3606 2329 tenet,
3652 2251 3769 2334 qui
3812 2250 4010 2316 corda
4047 2259 4300 2329 movet,
4356 2250 4568 2316 homi-

2603 2357 2854 2419 nesque
2898 2337 3349 2404 voluntatibus
3371 2359 3619 2417 eorum,
3664 2356 3826 2419 quas
3868 2337 4010 2419 ipse
4046 2337 4114 2401 in
4160 2337 4292 2403 illis
4335 2356 4569 2420 opera-

2604 2431 2712 2488 tus
2755 2433 2873 2503 est,
2917 2424 3143 2489 trahit.
3211 2424 3308 2489 At
3348 2420 3695 2490 ostendere
3737 2423 4189 2507 Augustinum
4233 2422 4451 2501 iactat,
4494 2423 4568 2488 in

2605 2508 2934 2576 audientis
3009 2517 3333 2594 potestate
3409 2530 3581 2589 esse,
3666 2510 3956 2591 recipere
4031 2506 4566 2574 admonitionem.

2600 2595 2796 2661 Itane
2831 2618 3007 2676 vero,
3051 2605 3129 2661 ut
3164 2595 3249 2662 ad
3282 2596 3711 2662 effraenatam
3754 2614 3962 2678 usque
4004 2594 4366 2673 licentiam,
4420 2603 4568 2659 tan-

2603 2702 2803 2765 quam
2857 2703 2942 2748 ex
2996 2683 3291 2769 professo
3304 2733 3320 2761 ,
3377 2682 3738 2747 mentiatur
3753 2732 3767 2756 ,
3826 2688 3896 2746 et
3936 2688 4162 2747 tamen
4219 2700 4477 2769 verum·
4496 2700 4569 2746 se

2604 2766 2820 2834 dicere
2841 2766 3276 2852 persuadeat?
3322 2767 3489 2834 Plus
3513 2765 3728 2833 decies
3747 2765 3884 2832 illic
3904 2775 4106 2850 negat
4129 2766 4566 2864 Augustinus,

2602 2854 2775 2937 quod
2797 2875 2950 2920 eum
2979 2874 3271 2920 asserere
3287 2853 3398 2921 hic
3419 2861 3708 2937 nugator
3752 2852 3966 2937 fingit.
4014 2852 4221 2931 Tunc,
4255 2852 4489 2935 inquit,
4508 2854 4565 2931 ⁴)

2604 2941 3016 3024 correptione
3079 2939 3336 3023 proficit
3394 2939 3589 3005 homo
3603 2990 3620 3019 ,
3687 2959 3892 3021 quum
3956 2937 4306 3004 miseretur
4370 2946 4568 3020 atque

2605 3023 2880 3092 adiuvat
2896 3077 2912 3106 ,
2977 3026 3091 3111 qui
3149 3024 3336 3106 facit,
3396 3045 3562 3110 quos
3613 3024 3927 3103 voluerit,
3983 3024 4181 3089 etiam
4236 3023 4378 3091 sine
4421 3042 4569 3089 cor·

2601 3114 2900 3197 reptione
2940 3113 3276 3213 proficere.
3364 3112 3568 3177 Item:
3588 3113 3645 3193 ⁵)
3691 3110 4109 3193 Corripiatur
4148 3131 4307 3194 ergo
4350 3129 4573 3177 massa

2606 3198 3001 3265 damnabilis
3014 3250 3029 3278 ,
3087 3208 3163 3265 ut
3219 3220 3303 3264 63
3361 3197 3584 3264 dolore
3627 3197 4058 3280 correptionis
4112 3195 4418 3261 voluntas
4461 3216 4567 3261 re-
4680 3256 4691 3268 ,

2603 3285 3046 3370 generationis
3075 3286 3354 3364 oriatur:
3398 3285 3453 3350 si
3479 3291 3706 3350 tamen
3730 3284 3808 3363 is,
3845 3284 3955 3367 qui
3982 3282 4350 3365 corripitur,
4388 3280 4569 3348 filius

2603 3382 2705 3437 est
2756 3371 3239 3454 promissionis:
3307 3383 3383 3435 ut
3447 3370 3728 3453 strepitu
3792 3369 4150 3434 forinsecus
4219 3368 4567 3434 insonante

2602 3466 2799 3540 atque
3013 3455 3234 3535 llante,
3275 3454 3463 3522 Deus
3482 3455 3555 3520 in
3599 3476 3675 3520 eo
3702 3456 3886 3521 intus
3921 3462 4230 3540 operetur
4271 3461 4341 3519 et
4371 3452 4564 3518 velle.

2600 3542 2803 3608 Item:
2826 3543 2882 3623 θ)
2992 3541 3488 3625 ualitercunque
3528 3544 3647 3606 fiat
3677 3561 3798 3625 per
3841 3540 4177 3606 hominem
4218 3539 4564 3622 correptio,

2602 3637 2680 3693 ut
2714 3638 2939 3693 tamen
2972 3628 3197 3711 prosit,
3245 3649 3377 3692 666
3399 3627 3530 3693 6161
3565 3649 3684 3710 per
3705 3627 3929 3693 Deum
3952 3628 4046 3691 fit.
4093 3624 4297 3691 Item:
4334 3622 4568 3705 Quum

2600 3713 2902 3779 1101111666
2965 3734 3085 3796 per
3139 3714 3618 3796 correptionem
3682 3714 3755 3777 in
3811 3714 3991 3778 viam
4045 3712 4368 3790 iustitiae,
4443 3730 4564 3775 seu

2600 3800 2910 3874 veniunt,
2967 3821 3082 3866 seu
3138 3807 3596 3876 revertuntur,
3655 3803 3803 3879 [pag.
3843 3805 3991 3877 234]
4049 3798 4197 3881 quis
4251 3803 4568 3879 operatur

2600 3886 2670 3951 in
2722 3884 3025 3951 cordibus
3080 3906 3310 3951 eorum
3364 3886 3672 3961 salutem,
3738 3885 3869 3949 nisi
3913 3884 4054 3961 ille,
4113 3882 4229 3965 qui
4271 3880 4568 3964 quolibet

2600 3971 2949 4056 plantante
3013 3979 3210 4054 atque
3275 3972 3562 4056 rigante,
3625 3970 3742 4036 dat
3791 3971 4270 4036 incrementum
4326 3966 4562 4032 Deus?

2601 4059 2707 4124 cui
2763 4054 3014 4123 volenti
3067 4057 3326 4123 salvum
3368 4058 3583 4124 facere
3636 4056 3896 4122 nullum
3942 4055 4306 4120 humanum
4358 4053 4561 4119 resis-

2597 4146 2684 4209 tit
2736 4144 3102 4211 arbitrium.
3178 4143 3379 4209 Item:
3412 4145 3467 4226 ⁷)
3529 4141 3848 4220 Proinde,
3917 4149 4241 4224 quantum
4299 4138 4383 4204 ad
4439 4160 4560 4204 1166

2601 4231 2853 4308 attinet,
2899 4229 3013 4314 qui
3057 4228 3577 4314 praedestinatos
3623 4250 3663 4293 a
3705 4249 3841 4293 non
3884 4225 4385 4310 praedestinatis
4426 4223 4561 4290 dis-

2601 4336 2870 4382 cernere
2914 4337 3048 4380 non
3091 4314 3409 4395 valemus,
3462 4313 3765 4392 omnibus
3781 4365 3798 4392 ,
3844 4334 3929 4378 ne
3972 4321 4246 4395 pereant
4261 4362 4277 4390 ,
4323 4309 4430 4377 vel
4473 4331 4565 4377 ne

2601 4402 2763 4468 alios
2807 4399 3091 4485 perdant
3105 4452 3120 4477 ,
3173 4399 3484 4466 adhibere
3528 4399 3842 4465 debemus
3886 4398 4310 4480 correptionis
4351 4395 4563 4461 medi-

2600 4488 2848 4553 cinam:
2896 4487 3025 4554 Dei
3067 4494 3291 4552 autem
3328 4496 3446 4562 est,
3491 4485 3625 4551 illis
3659 4506 3807 4550 eam
3842 4485 4056 4549 facere
4090 4482 4344 4558 utilem,
4388 4503 4556 4565 quos

2600 4572 3151 4657 praedestinavit,
3219 4572 3583 4638 conformes
3649 4571 3793 4637 fieri
3868 4570 4178 4654 imaginis
4254 4567 4373 4633 filii
4436 4570 4560 4634 sui.

2603 4657 2784 4741 Quid
2827 4667 3051 4725 autem
3093 4657 3266 4742 quod
3309 4657 3594 4742 Pighius
3650 4657 3822 4740 ipse,
3878 4656 4207 4740 vertigine
4263 4675 4384 4720 sua
4426 4654 4561 4720 alio

2609 4752 2944 4830 raptatus,
3011 4766 3165 4810 mox
3226 4745 3500 4822 fatetur,
3567 4741 3648 4806 ab
3708 4741 4087 4825 Augustino
4150 4738 4354 4820 tradi,
4421 4761 4563 4805 non

2601 4829 2797 4896 modo
2853 4832 2946 4895 im
2993 4830 3042 4894 ii
3096 4829 3622 4907 conversionem,
3677 4828 4045 4911 profectum
4109 4826 4179 4891 16
4235 4826 4433 4904 bono,
4492 4836 4564 4892 et

2600 4938 2812 5000 usque
2875 4852 2992 4981 adp
3030 4916 3230 4979 finem
3391 4913 3864 4980 rseverantiam
3932 4935 4017 4978 ex
4070 4913 4196 4977 Dei
4254 4910 4424 4977 dono
4491 4922 4564 4977 et

2603 5003 2817 5088 gratia
2859 4999 3163 5085 pendere,
3206 5021 3276 5065 se
3364 5000 3539 5065 hanc
3580 4999 3861 5084 gratiam
3904 5019 4039 5064 non
4073 5019 4217 5064 esse
4252 4996 4563 5064 omnibus

2744 5221 2802 5287 1)
2839 5220 2967 5292 Gap.
3003 5220 3055 5275 2.
3101 5222 3215 5277 eius
3261 5221 3399 5276 libri.
3608 5220 3670 5288 2)
3709 5222 3841 5343 Cag.
3875 5219 3926 5276 8.
4201 5219 4263 5286 3)
4299 5222 4435 5292 Cap.
4472 5219 4563 5276 14.

2738 5289 2803 5426 ἐξ
2838 5291 2975 5429 ‹0333-
3008 5289 3097 5414 ᾗ.
3264 5289 3325 5357 5)
3363 5291 3494 5360 Cap.
3528 5289 3581 5344 6.
3827 5293 3849 5355 )
3889 5289 4018 5359 Cap.
4056 5289 4142 5343 14.
