4999 6179
569 395 696 460 515

568 583 747 651 enim
794 587 897 646 est
940 578 1024 646 ab
1066 578 1478 644 institutione
1515 576 1768 644 Christi
1810 576 1975 642 haec
2019 575 2204 641 ratio.
2296 574 2531 640 Caete-

565 690 739 750 rum,
782 688 988 751 quum
1032 673 1128 731 tot
1167 665 1429 749 publica
1472 662 1792 730 dedecora
1842 668 1995 727 ante
2038 662 2336 726 omnium
2379 680 2532 727 ocu-

569 756 669 821 los
721 761 1102 831 versentur,
1155 751 1288 817 illic
1333 758 1545 817 cessat
1584 749 2190 815 excommunicatio,
2280 748 2373 812 Et
2415 746 2531 812 ad-

570 842 703 907 huc
756 839 947 905 nobis
1003 837 1254 916 α’ταξίαν
1319 836 1716 919 exprobrare
1775 834 2058 916 audent,
2127 833 2305 916 apud
2366 852 2530 915 quos

571 926 793 993 omnia
848 925 941 991 sic
996 933 1155 990 sunt
1210 921 1566 1006 dissipata?
1649 919 2044 1004 Quanquam
2091 919 2261 983 nihil
2303 939 2532 985 eorum

570 1012 984 1079 accusatione
1027 1011 1335 1074 iuvamur
1379 1009 1435 1074 si
1476 1008 1545 1073 in
1587 1007 1815 1073 eodem
1850 1027 2076 1072 sumus
2120 1010 2323 1070 reatu.
2393 1002 2530 1070 Sed

572 1099 751 1164 enim
805 1119 943 1162 non
1000 1095 1128 1161 huc
1170 1094 1618 1178 pertinebant,
1665 1113 1833 1176 quae
1875 1092 2195 1171 hactenus
2240 1091 2407 1170 dixi,
2453 1097 2531 1155 ut

572 1185 852 1263 crimen,
905 1203 1032 1265 quo
1087 1203 1208 1246 nos
1263 1181 1621 1260 infamant,
1673 1180 1745 1244 in
1801 1199 1909 1244 eos
1955 1177 2432 1260 retorquendo,
2491 1197 2532 1240 a

570 1270 760 1336 nobis
804 1269 1025 1334 abster
1071 1287 1276 1332 erem:
1317 1267 1367 1416 Ἴ
1408 1265 1523 1332 sed
1569 1272 1645 1330 ut
1687 1263 2098 1330 ostenderem
2134 1263 2346 1346 qualis
2388 1263 2531 1328 fue-

439 1395 450 1406 ·
571 1358 661 1422 rit
700 1354 944 1420 eximia
980 1354 1029 1418 il
1058 1375 1099 1418 a
1135 1352 1341 1436 discip
1371 1353 1497 1430 ina,
1536 1372 1735 1435 quam
1771 1372 1812 1417 a
1848 1350 2038 1417 nobis
2071 1349 2530 1416 labefactatam

570 1442 774 1507 fuisse
828 1445 1338 1523 conqueruntur.
1430 1436 1506 1504 Si
1561 1438 1779 1504 facere
1838 1436 2396 1520 comparationem
2447 1435 2529 1499 li-

569 1529 751 1607 beat,
798 1546 932 1591 non
975 1546 1309 1599 veremur,
1369 1524 1525 1607 quin
1572 1522 1921 1607 aliquando
1979 1523 2213 1589 saltem
2266 1520 2528 1586 ordina·

568 1615 700 1679 tior
751 1613 832 1678 ab
876 1608 1178 1678 omnibus
1234 1610 1358 1694 piis
1412 1610 1741 1675 iudicetur
1791 1615 2021 1681 nostra
2063 1608 2531 1692 qualiscunque

573 1698 942 1782 dissipatio,
1001 1718 1196 1780 quam
1251 1703 1428 1762 totus
1474 1717 1699 1761 eorum
1746 1695 1904 1761 ordo
1947 1715 2075 1777 quo
2182 1695 2525 1759 loriantur.

569 1785 726 1851 Non
773 1783 1071 1850 blandior
1112 1783 1306 1848 malis
1349 1782 1619 1861 nostris,
1717 1803 1880 1847 uum
1921 1780 2085 1847 haec
2173 1781 2292 1847 ico,
2377 1778 2529 1846 Scio

571 1892 770 1955 quam
813 1870 1026 1935 multa
1068 1867 1426 1934 desiderari
1479 1869 1550 1934 in
1594 1888 1683 1933 no
1730 1869 1786 1933 is
1833 1868 2107 1951 possint.
2198 1867 2291 1932 Et
2333 1872 2529 1945 certe,

572 1958 630 2022 si
679 1956 890 2022 'hodie
954 1976 1075 2021 nos
1117 1955 1305 2019 Deus
1356 1960 1623 2020 vocaret
1687 1952 1770 2019 ad
1828 1954 2183 2034 calculum,
2244 1951 2529 2019 difficilis

573 2049 749 2108 esset
791 2041 1149 2107 excusatio:
1209 2040 1322 2107 sed
1368 2062 1573 2124 quum
1628 2039 1927 2106 hostibus
1969 2040 2214 2106 nostris
2256 2059 2529 2121 respon-

573 2126 864 2194 dendum
920 2133 1049 2206 cst,
1107 2125 1442 2191 meliorem
1490 2131 1637 2205 [pag.
1681 2131 1829 2205 108]
1875 2126 2195 2192 habemus
2238 2144 2525 2203 causam,

569 2221 638 2278 et
679 2213 1036 2279 faciliorem
1078 2212 1421 2277 victoriam
1463 2232 1660 2295 quam
1702 2211 2043 2278 vellemus.

746 2298 1002 2366 Similis
1059 2298 1471 2382 impudentia
1527 2305 1661 2378 est,
1722 2296 1894 2381 quod
1950 2296 2148 2381 diripi
2193 2294 2366 2379 apud
2405 2316 2527 2361 nos

575 2384 887 2451 ecclesiae
938 2404 1093 2469 opes
1150 2391 1217 2448 et
1272 2386 1342 2449 in
1396 2384 1703 2467 profanos
1746 2404 1907 2448 usus
1952 2383 2253 2450 converti
2298 2382 2525 2447 clami-

568 2477 731 2536 tant.
835 2469 911 2537 Si
967 2470 1138 2535 nihil
1180 2470 1289 2536 hic
1332 2469 1507 2552 apud
1560 2491 1678 2535 nos
1721 2470 1978 2553 peccari
2021 2469 2276 2549 dixero,
2336 2488 2525 2533 men-

567 2559 715 2623 tiar.
773 2557 868 2622 Et
902 2577 1081 2634 sane,
1128 2576 1279 2621 raro
1322 2561 1550 2620 tantae
1583 2576 1810 2620 rerum
1844 2556 2301 2622 conversiones
2336 2556 2525 2632 fiunt,

568 2644 729 2727 quin
795 2664 1018 2709 secum
1087 2640 1358 2706 trahant
1423 2640 1670 2725 aliquid
1725 2641 2134 2707 incommodi.
2239 2639 2315 2707 Si
2369 2639 2524 2723 quid

569 2730 777 2813 igitur
820 2728 930 2792 hic
993 2734 1332 2810 peccatum
1399 2734 1528 2807 est,
1596 2748 1732 2792 non
1795 2748 2050 2793 excuso,
2150 2726 2523 2805 Caeterum,

570 2835 700 2899 qua
742 2814 958 2878 fronte
1002 2812 1193 2879 nobis
1247 2812 1493 2878 crimen
1548 2813 1673 2878 hoc
1717 2812 2077 2879 adversarii
2122 2810 2521 2878 intendunt?

566 2899 904 2966 Ecclesiae
959 2898 1301 2965 facultates
1342 2899 1409 2963 in
1458 2898 1704 2964 alienos
1746 2920 1906 2963 usus
1951 2905 2361 2978 convertere,
2420 2918 2524 2964 sa·

568 2986 908 3071 crilegium
965 3006 1107 3051 esse
1167 2983 1413 3050 dicunt.
1502 2984 1867 3051 Assentior.
1951 2982 2325 3064 Adiiciunt,
2382 2983 2525 3049 fieri

566 3073 693 3139 hoc
757 3093 798 3137 a
860 3070 1065 3138 nobis.
1155 3071 1465 3156 Excipio,
1523 3093 1645 3139 nos
1707 3071 1983 3137 minimo
2033 3070 2522 3155 subterfugere,

567 3161 726 3244 quin
770 3179 890 3242 pro
926 3159 1112 3225 nobis
1146 3158 1688 3244 respondeamus:
1735 3157 1928 3223 modo
1971 3159 2097 3244 ipsi
2141 3178 2396 3241 quoque
2440 3156 2525 3221 ad

564 3265 830 3312 cansam
874 3243 1217 3310 dicendam
1250 3245 1538 3312 vicissim
1584 3245 1796 3329 parati
1830 3245 2123 3311 veniant.
2191 3244 2354 3309 Mox
2397 3243 2523 3328 igi·—

566 3340 677 3396 tur
730 3330 813 3395 de
866 3330 1078 3395 nobis:
1135 3332 1389 3396 interea
1455 3329 1797 3397 videamus
1862 3331 2021 3414 quid
2082 3330 2211 3415 ipsi
2262 3329 2521 3395 faciant.

562 3416 670 3482 De
728 3416 1047 3499 episcopis
1112 3416 1284 3482 nihil
1340 3416 1512 3494 dico,
1578 3417 1706 3483 nisi
1762 3417 1936 3501 quod
1991 3436 2222 3482 omnes
2275 3413 2520 3495 vident,

563 3524 674 3568 eos
717 3522 854 3566 non
897 3501 1241 3585 splendore
1295 3503 1488 3568 modo
1533 3503 1847 3583 vestium,
1903 3522 2282 3567 mensarum
2323 3500 2524 3567 lauti-

560 3589 693 3670 tiis,
722 3588 979 3672 copioso
1002 3587 1340 3668 famulitio,
1369 3588 1769 3671 palatiorum
1802 3587 2315 3672 magnificentia,
2340 3586 2523 3652 omni

562 3674 840 3758 donique
882 3674 1080 3739 luxus
1117 3695 1357 3758 genere
1399 3681 1653 3739 certare
1709 3694 1862 3739 cum
1903 3674 2345 3759 principibus:
2406 3672 2521 3738 sed

561 3761 763 3827 etiam
814 3760 886 3825 in
945 3766 1247 3845 sumptus
1302 3760 1510 3825 multo
1580 3758 1898 3826 foediores
1952 3758 2312 3844 dilapidare
2365 3780 2521 3843 opes

550 3847 1043 3926 ecclesiasticae,
1092 3866 1168 3913 ac
1210 3846 1622 3929 profundere.
1714 3846 1924 3912 Taceo
1967 3845 2373 3927 venationes,
2418 3852 2518 3911 ta-

551 3953 663 3998 ceo
705 3933 885 3999 aleae
920 3931 1168 4011 ludum,
1214 3945 1397 4000 taceo
1435 3932 1719 4016 reliquas
1757 3931 2144 4016 voluptates,
2183 3953 2348 4015 quae
2383 3953 2520 3996 non

552 4019 862 4103 exiguam
907 4019 1159 4085 reditus
1203 4026 1457 4102 partem
1502 4019 1867 4085 absorbent.
1932 4018 2068 4086 Sed
2115 4017 2197 4084 ab
2243 4018 2518 4085 ecclesia

554 4125 815 4171 sumere
871 4125 983 4170 eos
1039 4106 1212 4190 quod
1271 4106 1337 4170 in
1395 4112 1610 4172 scorta
1673 4112 1741 4171 et
1796 4105 2070 4170 lenones
2115 4104 2516 4189 expendant,

552 4191 621 4256 id
667 4212 823 4258 vero
879 4192 1078 4258 nimis
1126 4188 1264 4256 indi
1359 4213 1491 4257 um.
1583 4192 1727 4257 Iam
1783 4192 1907 4257 hoc
1962 4191 2226 4276 quidem
2285 4191 2515 4256 absur-

553 4277 710 4343 dum
730 4329 744 4354 ,
785 4298 919 4342 non
966 4276 1109 4344 dico
1153 4297 1260 4343 mo
1307 4299 1344 4343 o
1387 4298 1632 4361 pompa
1677 4284 1745 4343 et
1789 4284 2110 4361 apparatu
2155 4277 2512 4361 superbire,

553 4363 666 4429 sed
713 4362 846 4428 illis
890 4362 1290 4442 redundare,
1348 4363 1525 4428 unde
1576 4365 1848 4448 possint.
1936 4364 2102 4429 Fuit
2144 4363 2301 4429 olim
2345 4370 2514 4428 tem-

549 4472 674 4533 pus
709 4447 895 4527 illud,
943 4470 1145 4532 quum
1182 4450 1253 4513 in
1298 4449 1746 4517 sacerdotibus
1782 4451 2068 4537 gloriosa
2105 4447 2513 4534 praedicare-

551 4548 666 4601 tur
720 4544 1091 4619 paupertas.
1199 4534 1311 4603 Sic
1356 4537 1532 4601 enim
1578 4537 1863 4604 habetur
1915 4537 1987 4602 in
2031 4536 2196 4603 actis
2243 4536 2510 4620 Aquile-

552 4622 753 4688 iensis
789 4620 1042 4706 synodi.
1105 4621 1283 4688 Olim
1322 4643 1575 4705 quoque
1614 4628 1766 4703 [pag.
1811 4628 1960 4703 109]
1994 4622 2323 4689 sancitum
2368 4622 2509 4702 fuit,

554 4716 630 4773 ut
692 4708 1031 4791 episcopus
1096 4729 1233 4774 non
1298 4709 1524 4791 procul
1581 4711 1662 4775 ab
1730 4708 2005 4775 ecclesia
2068 4708 2510 4794 hospitiolum,

553 4792 752 4859 vilem
799 4814 1096 4859 mensam
1142 4803 1208 4860 ct
1252 4793 1728 4878 supellectilem
1770 4795 2143 4880 haberet.²)
2230 4796 2509 4876 Verum,

553 4886 631 4945 ut
681 4879 962 4946 facessat
1021 4882 1330 4965 antiquus
1385 4880 1498 4946 ille
1544 4882 1748 4966 rigor:
1797 4888 2141 4966 postquam
2196 4881 2328 4947 iam
2376 4901 2513 4946 una

2180 385 2309 451 DE
2355 340 2998 456 NEoEssffffl'rn

4466 380 4587 443 516

2634 578 2713 638 ut
2751 577 3200 657 proventuum
3232 569 3817 637 ecclesiasticorum
3855 575 4138 653 quatuor
4169 569 4408 634 fierent
4440 588 4591 651 por-

2634 659 2877 728 tiones:
2924 679 3059 724 una
3101 658 3401 742 episcopo
3441 655 3718 735 cederet,
3762 663 4035 741 propter
4076 654 4592 738 hospitalitatem

2637 751 2705 811 et
2748 743 3233 828 susceptionem
3275 763 3658 826 pauperum,
3703 742 3910 807 altera
3951 742 4143 820 clere,
4188 741 4389 805 tertia
4429 760 4591 825 pau-

2636 831 2920 915 peribus,
2968 836 3202 914 quarta
3242 827 3627 913 reparandis
3661 828 3966 895 ecclesiis.
4032 828 4230 894 Hanc
4264 827 4593 892 rationem

2637 938 2755 982 sua
2787 936 3047 1002 quoquc
3082 921 3294 981 aetate
3327 914 3618 1000 viguisse
3652 921 3932 980 testatur
3957 913 4338 998 Gregorius.
4384 913 4591 979 Prae-

2635 1010 2851 1082 terea,
2907 1010 2984 1068 ut
3036 1001 3259 1067 nullae
3315 1003 3450 1067 sint
3489 1001 3704 1086 leges,
3760 1000 3933 1067 sicut
3974 998 4327 1083 aliquando
4371 998 4591 1064 nullae

2633 1090 2907 1156 fuerunt
2959 1089 3155 1175 (haec
3207 1089 3412 1167 enim,
3460 1108 3659 1172 quam
3704 1085 3872 1167 dixi,
3928 1084 4475 1171 quemadmodum
4523 1094 4591 1150 et

2637 1176 2838 1256 aliae,
2894 1198 2979 1242 ex
3029 1175 3223 1240 malis
3277 1175 3571 1239 moribus
3625 1179 3785 1238 nata
3828 1171 3958 1257 est)
4014 1172 4436 1240 verissimum
4488 1177 4589 1237 ta-

2635 1283 2789 1328 men
2824 1283 2966 1329 esse
3000 1260 3164 1327 illud
3198 1260 3615 1345 Hieronymi,
3652 1279 3847 1324 nemo
3883 1281 4020 1324 non
4056 1258 4401 1324 fatebitur:
4448 1256 4589 1342 glo-

2636 1349 2803 1412 riam
2838 1370 2981 1415 esse
3010 1347 3310 1431 episcopi,
3349 1366 3716 1430 pauperum
3738 1344 3966 1429 opibus
3986 1343 4361 1428 providere:
4398 1344 4424 1409 i
4516 1363 4589 1408 o-

2635 1435 2910 1500 miuiam
2954 1434 3249 1500 omnium
3294 1431 3732 1510 sacerdotum,
3778 1432 4062 1517 propriis
4106 1430 4374 1498 studere
4467 1430 4589 1494 ‘vi-

2634 1520 2763 1586 tiis.
2792 1519 2842 1605 ¹)
2939 1521 3290 1586 Austerius
3342 1519 3511 1583 forte
3553 1518 3887 1587 videbitur
3930 1516 4104 1601 quod
4157 1516 4294 1583 11110
4335 1535 4589 1599 (1110(1116

2633 1607 2831 1687 iubet,
2877 1606 3248 1672 mensulam
3293 1604 3647 1671 sacerdotis
3691 1604 4054 1689 peregrinis
4091 1610 4158 1670 et
4190 1601 4587 1686 pauperibus

2634 1699 2890 1777 patere:
2950 1691 3065 1758 sed
3126 1711 3328 1776 aeque
3381 1699 3606 1756 tamen
3665 1698 3767 1756 est
3807 1711 4057 1757 verum.
4126 1688 4418 1755 Abbates
4461 1709 4588 1771 quo

2631 1780 2920 1864 propius,
2965 1777 3297 1844 redituum
3346 1775 3806 1861 amplitudine,
3853 1776 4171 1856 accedunt
4214 1776 4299 1842 ad
4341 1776 4588 1858 episco-

2634 1887 2770 1949 pos,
2817 1885 2895 1931 eo
2941 1871 3096 1931 sunt
3138 1863 3270 1930 illis
3316 1863 3680 1930 similiores.
3764 1862 4112 1930 Canonicis
4156 1870 4223 1928 et
4264 1862 4584 1946 parochis,

2633 1952 2789 2035 quia
2840 1949 2924 2017 ad
2976 1950 3374 2035 ingluviem,
3432 1949 3696 2016 delicias
3748 1955 3817 2015 et
3870 1969 4179 2034 pompam
4243 1970 4374 2013 non
4432 1969 4586 2031 sup-

2630 2036 2897 2120 petebat
2939 2058 3151 2102 unum
3193 2035 3655 2116 sacerdotium,
3700 2036 3888 2102 facile
3931 2034 4412 2119 compendium,
4459 2055 4586 2117 quo

2635 2124 2788 2189 huic
2851 2123 3263 2189 incommodo
3338 2122 3793 2203 mederentur,
3869 2123 4286 2187 invenerunt.
4397 2118 4586 2186 Nihil

2634 2210 2811 2275 enim
2856 2209 3101 2288 obstat,
3157 2209 3511 2293 quominus
3554 2215 3837 2293 quatuor
3881 2216 3998 2274 aut
4040 2208 4331 2291 quinque
4372 2226 4585 2273 sacer-

2632 2295 2959 2380 dotiorum
3012 2302 3407 2379 proventum
3447 2296 3724 2380 recipiat
3766 2316 3968 2376 unus,
4027 2295 4140 2377 qui
4184 2292 4394 2359 multo
4436 2292 4585 2376 plus

2631 2381 2954 2467 deglutire
2994 2388 3215 2465 posset
3255 2400 3387 2447 uno
3427 2403 3679 2463 mense,
3739 2400 3934 2465 quam
3976 2379 4216 2445 habeat
4255 2381 4326 2444 in
4369 2386 4585 2445 totum

2631 2490 2898 2534 annum.
3009 2469 3114 2534 De
3179 2487 3406 2549 onere,
3484 2489 3616 2533 non
3683 2469 3917 2552 agitur.
4030 2465 4208 2533 Sunt
4273 2466 4449 2532 enim
4515 2466 4588 2530 in

2628 2561 2942 2638 promptu
3008 2553 3264 2634 vicarii,
3343 2556 3458 2637 qui
3511 2552 3795 2620 libenter
3838 2560 4217 2636 supponant
4257 2553 4585 2632 humeros,

2635 2646 2784 2720 [pag.
2840 2646 2988 2721 110]
3069 2640 3260 2706 modo
3323 2641 3806 2725 portiunculam
3875 2640 4156 2722 aliquam
4244 2638 4584 2724 ligur-iant.

2633 2725 2813 2807 Quin
2858 2727 3057 2791 etiam
3106 2728 3305 2811 pauci
3347 2726 3798 2810 reperiuntur,
3858 2727 3969 2809 qui
4011 2744 4144 2790 uno
4185 2725 4583 2809 episcopatu,

2632 2818 2748 2877 aut
2791 2811 3054 2878 abbatia
3096 2834 3235 2878 una
3277 2812 3412 2877 sint
3451 2814 3758 2878 contenti.
3827 2811 4134 2892 Clericos,
4177 2812 4291 2894 qui
4324 2810 4586 2896 publico

2631 2897 2901 2963 aluntur
2945 2897 3253 2964 ecclesiae
3296 2906 3583 2983 sumptu,
3620 2920 3827 2983 quum
3870 2920 3954 2964 ex
3995 2897 4391 2981 patrimonio

2632 2984 2768 3050 sint
2813 2984 3060 3066 vivere,
3099 2984 3330 3051 sacrile
3379 3007 3450 3051 os
3483 2985 3936 3071 Hierony-mus
3974 2983 4275 3067 appellat.
4300 2983 4358 3069 ²)
4404 2981 4585 3065 Quid

2631 3091 2788 3155 orgo
2834 3069 2914 3137 de
2957 3071 3038 3137 iis
3081 3072 3337 3139 sentien
3386 3095 3493 3137 um
3512 3125 3528 3152 ,
3576 3074 3686 3157 qui
3730 3080 3866 3139 tres
3909 3070 4110 3137 simul
4151 3070 4584 3155 episcopatus,

2631 3158 2757 3224 hoc
2801 3164 2918 3237 est,
2965 3167 3079 3225 aut
3118 3158 3622 3243 quinquaginta,
3671 3166 3787 3224 aut
3832 3164 4099 3225 centum
4142 3157 4423 3222 honesta
4466 3168 4586 3240 pa-

2629 3244 2940 3310 trimonia
2993 3244 3459 3329 ingurgitant?
3548 3246 3640 3310 Et
3695 3267 3780 3311 ne
3822 3263 4185 3330 paucorum
4229 3243 4422 3327 culpa
4458 3244 4585 3307 im-

2628 3331 2865 3395 merito
2923 3351 2994 3397 se
3049 3329 3301 3398 traduci
3363 3337 3873 3417 conquerantur,
3934 3331 4091 3416 quid
4137 3329 4219 3396 de
4275 3329 4380 3395 his
4435 3350 4586 3395 sen-

2627 3414 2928 3482 tiendum
2973 3418 3086 3501 qui
3129 3417 3404 3501 publicis
3449 3417 3758 3483 ecclesiae
3814 3416 4155 3501 stipendiis
4209 3438 4342 3482 non
4387 3416 4583 3481 luxu-

2628 3502 2889 3567 riantur
2930 3502 3143 3584 modo,
3189 3503 3304 3569 sed
3348 3502 3430 3568 ad
3471 3504 3818 3571 solvendas
3862 3504 4208 3569 lenonibus
4242 3521 4319 3569 ac
4354 3502 4584 3569 scortis

2625 3587 2994 3669 mercedes,
3054 3590 3463 3656 abutuntur?
3551 3592 3759 3675 Atqui
3802 3592 3934 3656 iam
3977 3589 4147 3656 nihil
4192 3589 4363 3670 dico,
4409 3586 4585 3673 quod

2626 3697 2760 3740 non
2805 3677 2894 3741 sit
2946 3676 3237 3761 vulgare.
3306 3675 3498 3742 Adde
3555 3676 3759 3761 quod,
3807 3677 3862 3741 si
3906 3682 4255 3761 rogentur,
4299 3694 4585 3758 quonam

2624 3762 2767 3827 iure
2807 3762 2912 3829 vel
2955 3762 3213 3847 frugale
3268 3762 3727 3847 modicumque
3782 3762 4183 3847 stipendium
4237 3761 4581 3844 accipiant,

2624 3869 2759 3913 non
2821 3848 2962 3913 dico
3019 3868 3278 3930 omnes,
3339 3849 3457 3916 sed
3499 3851 3688 3941 pauci
3732 3849 3861 3930 illi,
3919 3849 4032 3933 qui
4073 3850 4145 3914 in
4201 3846 4583 3913 sacerdotiis

2623 3935 2762 4000 suis
2803 3934 3112 4014 resident,
3159 3957 3245 4000 ne
3289 3935 3372 4000 ad
3416 3934 3589 4002 hanc
3632 3936 3892 4019 quidem
3926 3935 4373 4019 quaestionem
4406 3931 4584 4017 quod

2621 4021 3065 4104 respondeant
3107 4022 3251 4089 erit.
3320 4021 3576 4104 Quibus
3612 4024 3790 4088 enim
3824 4022 4052 4087 officiis
4087 4020 4156 4086 id
4190 4017 4578 4087 merentur?

2624 4106 3200 4189 Quemadmodum
3244 4107 3402 4172 olim
3447 4107 3571 4175 sub
3603 4109 3768 4193 lege,
3814 4109 3925 4192 qui
3968 4109 4159 4173 altari
4185 4105 4580 4186 serviebant,

2622 4194 2939 4260 vivebant
2983 4215 3066 4261 ex
3110 4194 3322 4273 altari,
3371 4196 3468 4261 ita
3503 4215 3683 4261 nunc
3716 4196 3828 4279 qui
3863 4193 4279 4279 evangelium
4316 4213 4581 4257 annunn

2620 4280 2829 4360 ciant,
2886 4302 2969 4346 ex
3024 4280 3370 4365 evangelio
3446 4282 3670 4348 vivere
3726 4302 4004 4365 aequum
4062 4288 4191 4346 est:
4248 4286 4441 4363 atque
4481 4279 4584 4343 ita

2619 4365 2806 4433 Deus
2840 4367 3187 4451 praecepit.
3245 4356 3432 4432 Haec
3467 4375 3625 4433 sunt·
3656 4367 3848 4433 Pauli
3885 4366 4088 4433 verba
4123 4367 4188 4451 (1
4220 4365 4368 4432 Cor.
4395 4368 4453 4445 9,
4483 4364 4579 4449 9).

2619 4452 3005 4519 Exhibeant
3046 4473 3205 4537 ergo
3249 4453 3434 4519 nobis
3472 4453 3797 4537 evangelii
3832 4453 4188 4534 ministros,
4225 4459 4293 4517 et
4331 4451 4581 4535 stipen-

2613 4537 2798 4604 dium
2845 4539 2977 4605 illis
3030 4561 3163 4605 non
3223 4560 3419 4623 aegre
3462 4539 3836 4606 concedam.
3925 4539 4155 4622 Neque
4199 4539 4376 4603 enim
4421 4536 4579 4603 bovi

2618 4626 2953 4691 trituranti
2996 4646 3070 4689 os
3105 4623 3546 4711 obligandum.
3616 4625 3835 4693 Boves
3873 4631 4090 4692 autem
4130 4632 4392 4690 arantes
4426 4644 4582 4688 esu-

2618 4712 2769 4792 rire,
2817 4718 2885 4777 et
2925 4712 3174 4778 inertes
3219 4712 3437 4777 asinos
3478 4712 3676 4796 pasci,
3725 4732 3922 4796 quam
3972 4711 4055 4777 ab
4095 4710 4278 4775 omni
4321 4710 4581 4776 ratione

2620 4796 3156 4865 dissentaneum?
3221 4798 3444 4881 Atqui,
3488 4800 3736 4866 servire
3779 4820 3851 4865 se
3896 4797 4090 4864 altari
4134 4795 4368 4863 dicent.
4436 4795 4580 4860 Re-

2616 4884 2933 4968 spondoo,
2990 4883 3220 4950 altaris
3276 4883 3639 4951 ministerio
3683 4886 3934 4952 victum
3989 4884 4307 4949 meruisse
4360 4900 4581 4947 sacer-

552 4987 704 5033 cum
740 4966 1073 5048 opulentia
1111 4966 1356 5032 multae
1391 4967 1800 5051 corruptelae
1829 4973 2311 5048 succreverant,
2349 4974 2512 5034 tunc
2620 4968 2801 5037 dotes
2836 4971 2956 5037 sub
2990 4970 3169 5054 lege:
3214 4970 3409 5037 aliam
3447 4990 3588 5036 esse
3624 4972 3943 5037 rationem
3985 4969 4137 5037 novi
4175 4966 4577 5047 testamenti,

553 5072 812 5136 quoque
863 5059 1084 5117 tamen
1138 5055 1524 5120 confirmata
1579 5054 1821 5121 iterum
1874 5054 1986 5120 lex
2041 5054 2315 5138 antiqua
2363 5054 2509 5134 fuit,

688 5259 751 5327 1)
788 5258 1163 5330 abstergerent
1215 5256 1351 5312 1576
1385 5274 1526 5330 seqq.

691 5328 754 5396 2)
792 5329 994 5385 Concil.
1032 5302 1282 5398 carthag.
1318 5328 1414 5385 IV.
1452 5347 1569 5399 cap.
1609 5329 1693 5385 14.

2756 5262 2814 5329 1)
2851 5262 2937 5317 Ad
2972 5262 3349 5333 Nepotianum.

2753 5330 2815 5401 2)
2860 5332 2917 5388 C.
2954 5332 3193 5388 Clericos
3226 5330 3268 5386 I.
3307 5330 3552 5400 quaestio
3587 5327 3638 5381 2.
3712 5386 3715 5389 ,
