4999 6179
450 427 573 490 497

447 614 755 698 possibile
799 638 960 696 esse,
1006 617 1261 701 experti
1299 623 1453 683 sunt
1487 616 1858 701 quicunque
1894 619 2082 697 serie,
2130 619 2253 685 hoc
2287 626 2406 699 est,

449 722 601 767 cum
659 723 816 767 vero
859 702 988 767 Dei
1033 703 1295 782 timore,
1350 705 1646 770 fecerunt
1699 703 2085 786 periculum.
2175 703 2407 789 Neque

450 789 625 852 enim
683 787 1011 872 explicare
1067 809 1137 854 se
1195 788 1331 854 ullo
1385 790 1675 855 remedio
1728 796 2065 873 poterant,
2124 790 2283 874 quin
2323 790 2408 856 ad

451 871 964 957 desperationem
1021 873 1461 959 adigerentur.
1553 875 1685 958 Qui
1743 897 1899 942 vero
1954 875 2190 942 leviter
2244 876 2407 943 alias

452 961 822 1026 satisfacere
878 961 1022 1025 Deo
1085 961 1468 1045 cupiebant,
1528 963 1608 1028 iis
1664 962 2080 1045 aptissimum
2140 971 2280 1027 erat
2324 962 2407 1028 ad

453 1045 832 1132 hypocrisin
912 1046 1382 1113 velamentum.
1486 1049 1662 1114 Nam
1724 1048 1877 1131 quia
1938 1047 2277 1114 defunctos
2339 1069 2409 1115 se

450 1131 624 1215 apud
669 1131 798 1198 Dei
842 1132 1126 1199 tribunal
1180 1133 1550 1213 credebant,
1593 1134 1789 1199 simul
1823 1141 2019 1217 atque
2061 1135 2132 1199 in
2181 1156 2410 1201 aurem

454 1217 812 1284 sacerdotis
857 1229 1290 1285 evomuerant
1333 1241 1455 1286 sua
1543 1226 1783 1297 cecata,
1828 1220 2098 1286 liberius
2138 1241 2410 1303 peccare

454 1302 812 1385 audebant,
870 1327 1076 1388 quum
1127 1315 1261 1370 tam
1315 1327 1480 1389 expe
1525 1307 1621 1372 ita
1678 1313 1851 1372 esset
1892 1327 1963 1371 80
2006 1306 2412 1373 exonerandi

453 1392 637 1456 ratio.
728 1390 1020 1471 Deinde,
1073 1413 1275 1476 quum
1319 1392 1633 1458 insideret
1682 1413 1909 1457 eorum
1966 1392 2206 1458 animis
2249 1392 2411 1459 haec

452 1478 821 1561 persuasio,
867 1498 939 1544 se
982 1479 1228 1557 facere,
1273 1478 1446 1561 quod
1485 1479 1598 1544 lex
1639 1476 1934 1557 iubebat,
1981 1477 2410 1563 comprehen-

455 1563 610 1628 dere
654 1584 754 1644 se,
799 1563 1235 1648 qualicunque
1280 1586 1403 1630 sua
1446 1565 1970 1644 enumeratione,
2025 1565 2247 1630 omnia
2291 1587 2411 1630 sua

453 1656 719 1734 peccata
748 1649 1233 1730 existimabant,
1278 1671 1555 1733 quorum
1591 1672 1676 1716 ne
1697 1650 2114 1716 millesimam
2145 1650 2410 1735 quidem

452 1743 706 1819 partem
769 1736 1298 1819 assequebantur.
1389 1737 1499 1801 En
1553 1759 1671 1803 cur
1706 1736 2086 1820 dissipatam
2135 1757 2175 1801 a
2221 1737 2408 1803 nobis

453 1822 653 1887 fuisse
708 1821 1018 1889 ecclesiae
1073 1821 1484 1905 disciplinam
1540 1823 1986 1889 vociferantur
2049 1820 2408 1888 adversarii

451 1907 690 1974 nostri:
735 1908 890 1992 quia
931 1909 1285 1976 subvenire
1320 1908 1578 1975 miseris
1621 1908 2035 1975 conscientiis
2077 1907 2408 1974 studueri-

451 2015 629 2072 mus,
686 2016 770 2060 ne
822 1995 946 2060 sub
996 1994 1448 2060 crudelissima
1503 1994 1858 2080 tyrannide
1902 2014 2251 2078 oppressae
2292 2016 2405 2078 pe-

445 2079 684 2145 rirent:
744 2088 812 2145 et
865 2081 1246 2165 hypocritas
1303 2102 1386 2145 ex
1441 2082 1579 2147 suis
1636 2080 1925 2147 latibulis
1979 2082 2052 2145 in
2107 2088 2406 2163 apertam

445 2165 660 2231 lucem
717 2169 1157 2246 extraximus,
1218 2175 1295 2232 ut
1339 2175 1408 2232 et
1460 2188 1529 2233 se
1583 2167 1758 2251 ipsos
1818 2167 2086 2250 propius
2140 2175 2406 2233 excute-

445 2260 613 2331 rent,
659 2262 725 2318 et
767 2253 898 2319 Dei
941 2251 1283 2332 iudicium,
1342 2252 1515 2335 quod
1570 2261 1765 2319 antea
1820 2252 2403 2336 subterfugiebant,

444 2338 681 2405 melius
726 2339 972 2405 sentire
1013 2339 1395 2423 inciperent.

619 2424 875 2490 Verum
930 2431 1266 2509 utcunque
1321 2425 1515 2491 multi
1573 2434 1820 2504 essent,
1883 2431 1950 2489 et
2003 2425 2406 2490 correctione

447 2509 635 2596 digni
685 2511 955 2589 abusus,
1013 2510 1187 2578 dicet
1237 2511 1592 2597 quispiam,
1647 2510 1825 2595 leges
1875 2518 2099 2577 tamen
2144 2517 2405 2578 sanctas

447 2597 719 2682 alioqui,
775 2604 842 2663 et
895 2598 1119 2677 utiles,
1179 2604 1247 2663 et
1299 2597 1498 2682 longa
1555 2604 1881 2663 vetustate
1927 2596 2404 2680 quodammodo

443 2683 582 2748 iam
624 2690 1064 2763 consecratas,
1118 2684 1212 2748 ita
1256 2684 1553 2768 protinus
1608 2684 1677 2749 in
1721 2691 1932 2749 totum
1980 2682 2228 2748 aboleri
2270 2705 2407 2749 non

447 2770 754 2869 oportuit.
846 2770 951 2835 De
1007 2771 1304 2835 carnium
1361 2791 1509 2850 esu,
1567 2769 1735 2835 nihil
1790 2766 1967 2834 aliud
2022 2768 2406 2853 respondeo,

447 2857 576 2922 msi
629 2855 803 2939 quod
856 2855 1226 2922 doctrinam
1280 2855 1601 2922 habemus
1660 2878 1808 2923 cum
1867 2856 2078 2922 veteri
2133 2855 2406 2922 ccclesia

451 2948 600 3024 [pag.
629 2946 736 3022 75]
774 2942 1320 3008 consentientem:
1358 2943 1429 3007 in
1466 2965 1597 3027 qua
1626 2942 1907 3008 liberum
1943 2941 2146 3008 fuisse
2181 2942 2404 3022 scitur,

394 3108 398 3111 ,
447 3027 755 3095 carnibus
799 3050 1058 3113 semper
1093 3028 1288 3108 vesci,
1334 3036 1451 3094 aut
1484 3029 1827 3096 abstinere.
1899 3026 2210 3112 Coniugii
2257 3050 2405 3111 pro-

446 3115 677 3181 hibitio
722 3115 994 3199 antiqua
1032 3121 1150 3192 est,
1196 3115 1421 3195 fateor,
1465 3117 1533 3181 in
1578 3114 2053 3180 sacerdotibus:
2101 3114 2407 3180 similiter

446 3202 520 3267 in
582 3202 923 3267 monachis
977 3208 1044 3267 et
1098 3201 1492 3268 monialibus
1547 3208 1902 3286 perpetuae
1965 3200 2407 3266 continentiae

450 3294 692 3354 votum.
783 3286 918 3354 Sed
973 3289 1027 3353 si
1083 3288 1428 3354 hominum
1484 3286 1947 3355 consuetudini
1997 3285 2406 3369 praeponde-

449 3395 596 3439 rare
647 3373 1012 3440 concedunt
1062 3382 1305 3441 certam
1361 3372 1494 3439 Dei
1558 3374 1994 3448 voluntatem,
2061 3380 2405 3456 postquam

450 3461 622 3526 hanc
658 3480 698 3525 a
741 3460 928 3527 nobis
964 3469 1166 3539 stare,
1209 3460 1526 3544 nobisque
1577 3468 1800 3544 aperte
1837 3460 1978 3526 suff
2168 3460 2215 3537 “,
2258 3458 2406 3523 11108

391 3608 408 3615 -
448 3547 721 3613 minime
753 3546 932 3626 latet,
980 3545 1137 3631 quid
1169 3544 1251 3611 de
1281 3547 1676 3630 antiquitate
1707 3546 1858 3612 lites
1887 3545 2074 3611 nobis
2109 3543 2402 3610 faciunt?

448 3632 648 3698 Clara
726 3646 827 3698 est.
895 3633 1252 3698 sententia:
1318 3632 1697 3699 honorabile
1759 3654 1900 3698 esse
1965 3632 2036 3696 in
2103 3631 2406 3697 omnibus

449 3719 829 3803 coniugium
883 3718 1116 3801 (Hebr.
1165 3722 1261 3797 13,
1300 3723 1390 3801 4).
1478 3719 1572 3783 Et
1629 3718 1947 3802 episcopis
2011 3717 2404 3783 nominatim

415 3800 690 3871 ‘uxores
732 3805 1036 3871 attribuit
1076 3804 1330 3870 Paulus
1373 3805 1434 3889 (l
1482 3806 1651 3870 Tim.
1690 3808 1748 3884 3,
1792 3808 1860 3884 23
1897 3804 2024 3870 Tit.
2069 3807 2122 3883 1,
2161 3804 2249 3889 6).
2321 3802 2406 3867 In

449 3893 834 3957 universum
906 3898 1128 3956 autem
1185 3889 1270 3956 ad
1325 3891 1704 3975 coniugium
1759 3898 1977 3967 vocat,
2035 3889 2406 3972 quicunque

450 3985 738 4042 uruntur
794 3977 857 4061 (l
904 3977 1051 4042 Cor.
1094 3982 1159 4056 7,
1211 3978 1310 4059 9):
1369 3984 1434 4042 01
1493 3975 1859 4044 doctrinam
1915 3976 2404 4041 daemoniorum

449 4084 593 4129 esse
649 4063 1069 4147 pronunciat,
1125 4064 1181 4128 si
1240 4063 1617 4147 coniugium
1668 4062 2086 4128 interdicitur
2130 4062 2195 4145 (l
2238 4062 2404 4127 Tim.

451 4155 514 4227 4,
555 4152 642 4233 3).
734 4148 1066 4230 Quorsum
1111 4147 1430 4215 adversus
1473 4156 1608 4213 tam
1648 4148 1859 4215 claras
1894 4149 2164 4232 spiritus
2199 4149 2411 4215 sancti

449 4256 647 4302 voces
738 4235 1078 4301 hominum
1171 4233 1708 4302 consuetudinem
1794 4254 2123 4318 opponere
2193 4235 2408 4302 iuvat:

451 4321 584 4388 nisi
650 4328 725 4386 ut
787 4322 1086 4386 homines
1144 4319 1288 4386 Deo
1399 4320 1855 4386 raeferantur?
1946 4318 2207 4386 Deinde
2257 4341 2410 4405 ope-

451 4429 567 4473 rae
614 4408 898 4492 pret-ium
956 4414 1058 4472 est
1111 4407 1332 4471 anima
1382 4414 1665 4484 vertere,
1736 4426 1934 4489 quam
2003 4407 2209 4490 iniqui
2279 4407 2413 4471 sint

453 4495 936 4573 aestimatores,
1003 4493 1117 4576 qui
1171 4492 1363 4558 nobis
1416 4514 1612 4559 usum
1674 4493 1909 4558 veteris
1966 4492 2277 4558 ecclesiae
2341 4494 2412 4557 in

453 4579 581 4645 hac
633 4602 705 4645 re
761 4579 1095 4644 obiiciunt.
1186 4576 1373 4659 Quae
1440 4580 1618 4643 enim
1673 4577 1780 4645 vel
1832 4577 2013 4662 prior
2064 4578 2174 4643 vel
2226 4585 2408 4643 auto-

452 4667 652 4731 ritate
695 4664 956 4751 dignior
998 4664 1307 4731 ecclesiae
1350 4665 1740 4748 antiquitas,
1787 4685 1982 4748 quam
2044 4664 2165 4730 sub
2222 4684 2413 4748 apos—

452 4751 655 4818 tolis?
752 4752 960 4835 Atqui
1032 4773 1164 4816 non
1243 4750 1581 4834 negabunt
1657 4749 2047 4828 adversarii,
2138 4750 2413 4834 permis-

454 4858 606 4906 sum
665 4845 822 4903 tunc
898 4858 974 4903 ac
1041 4837 1355 4903 usitatum
1433 4836 1738 4901 omnibus
1814 4836 2122 4902 ecclesiae
2183 4835 2415 4900 minis-

454 4925 582 4991 tris
623 4924 1001 5009 coniugium
1043 4923 1259 4989 fuisse.
1349 4920 1425 4988 Si
1470 4921 1780 5005 expedire
1828 4923 2185 4988 censebant
2226 4943 2416 5005 apos·

455 5010 602 5091 toli,
660 5018 737 5076 ut
780 5032 820 5075 a
861 5010 1163 5094 coniugio
1205 5014 1586 5075 arcerentur
1625 5006 2036 5087 sacerdotes,
2068 5029 2189 5074 cur
2231 5010 2417 5073 tanto

455 5098 631 5163 bono
663 5095 1057 5162 fraudabant
1101 5093 1486 5162 ecclesiam?
1558 5093 1936 5159 Fluxerunt
1970 5092 2209 5158 exinde
2256 5095 2416 5159 anni

459 5183 732 5251 ducenti
786 5182 1048 5250 circiter
1102 5189 1169 5248 et
1232 5180 1733 5264 quinquaginta,
1801 5200 2006 5262 usque
2062 5180 2146 5244 ad
2202 5180 2416 5246 conci-

457 5271 626 5335 lium
669 5270 1027 5335 Nicenum:
1085 5269 1154 5333 in
1207 5289 1335 5351 quo
1380 5267 1461 5332 de
1513 5264 1861 5331 indicendo
1905 5266 2226 5331 ministris
2270 5286 2415 5332 cae·

457 5357 674 5423 libatu
738 5356 1057 5440 agitatum
1123 5353 1387 5437 quidem
1451 5353 1647 5418 fuisse
1713 5351 1916 5416 refert
1974 5349 2415 5432 Sozomenus;

681 5456 903 5513 Calvam·
923 5471 1106 5526 opera.
1191 5455 1304 5511 Vol.
1346 5455 1443 5512 VI.

1800 427 2531 498 REFORMANDAE
2574 429 3119 499 EOGLESIAE.

4347 444 4474 506 498

2513 618 2629 686 sed
2682 619 3134 687 intercedente
3177 623 3557 706 Paphnutio
3575 675 3591 704 ,
3651 631 3863 692 totum
3916 626 4083 692 illud
4136 631 4475 715 negotium

2513 707 2713 771 fuisse
2766 706 3176 772 dissolutum.
3268 708 3442 774 Nam
3499 731 3705 793 quum
3762 712 4017 779 caelebs
4070 715 4212 800 ipse
4258 716 4473 802 legem

2516 797 2665 871 [pag.
2706 797 2813 872 76]
2862 792 2941 857 (10
2977 793 3298 860 caelibatu
3344 806 3651 880 negasset
3684 798 4023 864 ferendam
4056 821 4218 882 esse,
4265 808 4474 868 totam

2515 877 2844 962 synodum
2898 878 3180 945 libenter
3233 880 3331 945 illi
3387 904 3725 948 assensam
3779 904 3922 950 esse
3966 886 4184 952 tradit.
4277 888 4473 955 Ores-

2515 972 2702 1030 cente
2745 985 2905 1030 vero
2951 964 3272 1048 paulatim
3315 969 3805 1051 superstitione,
3864 971 4004 1050 lex,
4065 994 4233 1056 quae
4277 996 4472 1059 repu-

2517 1048 2695 1116 diata
2738 1057 2896 1116 tunc
2936 1051 3178 1130 fuerat,
3239 1052 3503 1118 demum
3547 1063 3810 1138 recepta
3851 1057 3994 1121 fuit.
4081 1059 4324 1125 Exstat
4364 1081 4473 1127 ca-

2515 1155 2652 1201 non
2684 1158 2858 1202 unus
2902 1137 3079 1202 inter
3111 1158 3239 1218 008,
3279 1140 3392 1223 0111
3427 1161 3563 1204 11011
3588 1147 3726 1206 10111
3757 1150 4023 1225 propter
4054 1151 4472 1226 vetustatem,

2516 1242 2714 1304 quam
2791 1231 3059 1306 propter
3134 1238 3441 1290 autorum
3514 1225 4083 1307 incertitudinem,
4164 1231 4472 1313 apostolis

2515 1307 2998 1374 inscribuntur:
3079 1311 3194 1393 qui
3259 1310 3540 1390 clericis,
3619 1319 3965 1397 postquam
4037 1316 4105 1379 in
4173 1316 4472 1382 ordinem

2516 1395 2796 1477 cooptati
2842 1395 3118 1475 fuerint,
3176 1417 3418 1462 uxores
3464 1395 3700 1463 ducere
3745 1420 3877 1464 non
3924 1401 4276 1483 permittit,
4338 1403 4469 1468 nisi

2515 1480 2671 1545 80118
2728 1481 3102 1547 cantoribus
3155 1489 3222 1547 et
3284 1482 3654 1549 lectoribus.
3745 1482 3881 1550 Sed
3947 1486 4154 1551 altero
4220 1508 4469 1554 canone

2514 1568 2847 1648 superiore
2904 1566 3333 1650 prohibentur
3378 1568 3745 1636 sacerdotes
3799 1591 3877 1636 ac
3922 1571 4179 1638 diaconi
4232 1595 4470 1639 uxores

2515 1652 2850 1736 religionis
2895 1660 3244 1736 praetextu
3288 1655 3582 1721 abiicere.
3653 1656 3745 1721 Et
3768 1655 4179 1742 Gangrensis
4213 1659 4473 1725 concilii

2515 1739 2727 1821 capite
2772 1746 3022 1821 quarto,
3069 1740 3424 1805 anathema
3466 1742 3943 1824 pronunciatur
3976 1743 4295 1811 adversus
4338 1766 4467 1824 008,

2513 1823 2628 1907 0111
2682 1824 3144 1908 presbyterum
3198 1827 3616 1911 coniugatum
3676 1827 4107 1894 discreverint
4153 1831 4235 1897 ab
4290 1830 4466 1896 aliis:

2513 1919 2590 1974 ut
2646 1910 2772 1974 hac
2829 1911 3167 1977 occasione
3223 1933 3294 1976 se
3351 1912 3432 1978 ab
3489 1914 3631 1979 eius
3686 1913 4018 1980 oblatione
4075 1917 4465 1982 abstineant.

2512 1995 2710 2061 Unde
2765 2005 3066 2081 apparet,
3123 1996 3255 2062 illis
3301 1998 3706 2081 temporibus
3758 2000 4094 2084 aliquanto
4148 2001 4295 2085 plus
4350 2002 4465 2068 ad-

2509 2080 2637 2147 huc
2680 2082 2881 2148 fuisse
2916 2082 3280 2167 aequitatis,
3326 2105 3525 2167 quam
3569 2091 3750 2151 aetas
3785 2087 4105 2170 posterior
4140 2087 4468 2154 habuerit.

2510 2167 2742 2251 Neque
2786 2177 3008 2233 tamen
3049 2169 3217 2235 mihi
3260 2169 3371 2236 hic
3414 2172 3821 2254 propositum
3865 2179 3992 2252 est,
4047 2180 4256 2237 totam
4300 2173 4471 2241 hanc

2510 2274 2652 2317 rem
2710 2253 3158 2336 disputatione
3214 2255 3577 2339 complecti.
3667 2258 3961 2321 Tantum
4027 2257 4237 2323 obiter
4302 2258 4476 2324 indi·

2510 2360 2662 2405 care
2698 2339 2911 2419 libuit,
2957 2341 3237 2425 primam
3284 2349 3350 2406 et
3395 2344 3723 2425 puriorem
3769 2343 4111 2409 ecclesiam
4145 2365 4280 2409 non
4315 2344 4476 2411 adeo

2510 2425 2697 2492 nobis
2757 2425 3104 2493 adversam
3167 2426 3274 2493 1110
3324 2448 3496 2505 0880,
3553 2435 3629 2491 111
3670 2427 3890 2493 1108108
3935 2429 4143 2494 1108111
4187 2430 4471 2514 fingunt.

2512 2510 2648 2577 Sed
2689 2519 2763 2576 ut
2804 2512 2939 2578 illis
2981 2512 3049 2577 id
3096 2533 3352 2596 quoque
3397 2511 3647 2593 demus,
3693 2536 3812 2579 cur
3857 2523 4078 2579 tamen
4114 2522 4252 2580 tam
4297 2523 4473 2581 atro-

2511 2599 2675 2663 citer
2730 2618 2853 2663 nos
2910 2605 3252 2678 accusant,
3307 2600 3491 2682 quasi
3541 2619 3730 2666 sacra
3782 2600 4074 2683 profanis
4131 2601 4473 2668 miscueri-

2507 2683 2699 2750 mus?
2790 2682 3000 2766 Quasi
3038 2706 3211 2770 ,vero
3266 2694 3643 2768 retorquere
3689 2683 4005 2751 adversus
4051 2707 4160 2751 eos
4202 2708 4471 2771 promp-

2510 2775 2655 2834 tum
2700 2791 2834 2835 non
2873 2769 2979 2850 sit,
3024 2768 3212 2836 nobis
3256 2791 3407 2836 eum
3442 2772 3652 2837 veteri
3690 2770 3963 2837 ecclesia
3996 2772 4195 2855 longe
4235 2772 4474 2839 melius

2509 2877 2707 2939 quam
2744 2856 2904 2940 ipsis
2942 2857 3310 2923 convenire.
3371 2855 3839 2923 Sacerdotibus
3863 2857 4261 2942 coniugium,
4299 2858 4472 2941 quod

2508 2942 2640 3007 illis
2696 2951 3029 3025 negarunt
3080 2948 3371 3021 veteres,
3430 2942 3707 3008 liberum
3761 2943 4058 3009 facimus.
4150 2942 4333 3024 Quid
4389 2945 4472 3011 de

2510 3030 2905 3094 scortatione
2938 3029 3100 3094 mihi
3133 3028 3641 3115 respondebunt,
3723 3050 3846 3095 uae
3879 3031 4053 3094 inter
4085 3049 4194 3095 008
4226 3030 4472 3113 passim

2510 3114 2836 3180 obtinuit?
2939 3114 3292 3200 Negabuut
3363 3135 3433 3180 80
3510 3136 3712 3199 appro
3757 3136 3886 3180 are.
3988 3116 4080 3179 At
4158 3115 4472 3201 castigari

2510 3201 2806 3283 asperius
2863 3199 3196 3280 decuerat,
3260 3202 3318 3267 si
3372 3200 3649 3267 vetustis
3719 3200 4080 3266 canonibus
4135 3201 4471 3284 obtempe-

2511 3306 2659 3352 rare
2696 3286 2957 3351 vellent.
3032 3284 3107 3353 Si
3144 3287 3488 3372 presbyter
3522 3307 3797 3351 uxorem
3843 3290 3992 3367 [pag.
4031 3300 4064 3350 7
4075 3291 4139 3367 7]
4186 3284 4469 3367 duxerit,

2513 3372 3082 3438 Neocaesariensis
3127 3371 3421 3458 synodus
3464 3393 3743 3455 poenam
3800 3373 4062 3451 statuit,
4124 3380 4204 3437 ut
4242 3372 4323 3438 ab
4365 3394 4472 3439 01·-

2513 3457 2666 3523 dine
2722 3457 3077 3524 abdicetur.
3168 3456 3246 3525 Si
3302 3479 3460 3525 vero
3515 3457 3912 3523 adulterium
3972 3467 4087 3523 aut
4130 3460 4471 3524 scortatio-

2512 3565 2668 3609 nem
2711 3545 3214 3627 perpetraverit,
3259 3545 3467 3610 multo
3511 3545 3806 3611 severius
3849 3544 4172 3611 vindicat:
4218 3551 4297 3609 ut
4342 3546 4469 3611 sci—

2508 3631 2665 3696 licet
2720 3630 2800 3696 ab
2867 3629 3093 3696 ordine
3169 3629 3503 3715 depositus
3569 3631 3766 3696 etiam
3842 3630 4465 3696 excommunicetur.

2510 3717 2705 3783 Nunc
2740 3718 2796 3782 si
2832 3717 2980 3800 quis
3024 3738 3300 3782 uxorem
3345 3717 3627 3795 duxerit,
3674 3715 3953 3782 habetur
3997 3717 4245 3781 crimen
4290 3716 4469 3799 capi-

2513 3804 2676 3884 tale;
2714 3803 2771 3868 si
2795 3804 3042 3869 centies
3077 3810 3402 3870 scortatus
3437 3805 3540 3883 sit,
3588 3803 3829 3887 exigua
3862 3801 4174 3886 pecuniae
4210 3823 4469 3867 summa

2510 3889 2885 3956 mulctatur.
2961 3887 3170 3970 Adde,
3214 3889 3387 3973 quod
3432 3891 3492 3955 si
3535 3888 3727 3954 hodie
3764 3889 4083 3964 viverent,
4131 3886 4243 3970 qui
4285 3887 4469 3952 illam

2511 3974 2592 4041 de
2636 3975 2960 4041 caelibatu
3002 3976 3218 4059 legem
3261 3975 3557 4042 tulerunt
3599 3975 3813 4058 primi,
3859 3973 4311 4058 praesentibus
4355 3994 4470 4039 ex-

2511 4061 2895 4145 perimentis
2940 4061 3183 4141 edocti,
3241 4082 3387 4127 eam
3429 4061 3659 4145 procul
3713 4059 3908 4126 dubio
3951 4059 4150 4143 primi
4194 4058 4470 4144 abroga-

2512 4155 2681 4214 rent.
2756 4146 3151 4230 Quanquam
3195 4147 3413 4226 nimis,
3460 4154 3536 4211 ut
3572 4144 3729 4224 dixi,
3774 4145 4074 4229 iniquum
4117 4146 4304 4225 foret,
4349 4168 4470 4211 nos

2514 4234 2859 4300 hominum
2908 4233 3260 4298 autoritate
3315 4231 3639 4312 damnari,
3697 4231 3811 4297 ubi
3856 4231 4076 4316 palam
4125 4231 4255 4297 Dei
4307 4253 4471 4297 voce

2514 4319 2934 4386 absolvimur.
3470 4394 3473 4399 .

2689 4406 2795 4472 De
2848 4404 3250 4472 confessione
3305 4404 3568 4471 brevior
3624 4410 3690 4468 et
3745 4403 3957 4487 magis
4012 4402 4321 4486 expedita
4372 4409 4472 4467 est

2519 4491 2824 4558 defensio.
2915 4490 3147 4575 Neque
3201 4490 3378 4556 enim
3432 4487 3779 4555 ostendent
3822 4488 4214 4567 adversarii,
4262 4488 4469 4553 ullam

2517 4575 2817 4643 fidelibus
2874 4578 3333 4643 necessitatem
3388 4574 3740 4643 confitendi
3798 4583 3949 4640 ante
4006 4574 4469 4640 Innocentium

2519 4663 2792 4728 tertium
2831 4663 3031 4729 fuisse
3074 4662 3463 4746 impositam.
3554 4662 3687 4727 Per
3740 4683 3945 4727 annos
3985 4680 4141 4743 ergo
4180 4658 4359 4724 mille
4404 4669 4471 4724 et

2519 4748 2836 4815 ducentos
2878 4748 3106 4834 ignota
3159 4749 3286 4814 fuit
3326 4749 3469 4814 orbi
3524 4747 3882 4814 christiano
3942 4746 4101 4812 haec
4144 4746 4469 4831 tyrannis,

2521 4855 2637 4919 pro
2695 4855 2824 4918 qua
2880 4842 3017 4900 tam
3071 4835 3310 4901 acriter
3368 4834 3711 4901 nobiscum
3765 4833 4119 4898 decertant.
4220 4834 4313 4897 At
4370 4839 4472 4897 est

2519 4922 2993 5071 Lateralnensis
3037 4919 3295 4987 concilii
3336 4920 3690 4986 decretum.
3772 4917 3932 4982 Tale
3973 4938 4210 5001 nempe
4252 4918 4473 5002 qualia

2567 5028 2754 5073 ermu
2781 5013 2864 5071 ta.

2521 5028 2894 5178 {emporum
2940 5093 3206 5161 illorum
3261 5100 3408 5158 tum
3449 5091 3806 5171 inscitiam,
3864 5097 4007 5155 tum
4048 5091 4470 5156 ferocitatem.

2521 5179 2614 5244 Et
2655 5177 2821 5244 illud
2866 5200 2992 5245 usu
3034 5181 3265 5247 venire
3310 5178 3501 5245 solet:
3554 5186 3631 5243 ut
3679 5198 3805 5260 quo
3857 5176 4249 5241 indoctiores
4293 5181 4469 5255 sunt,

2523 5265 2637 5347 qui
2690 5274 3037 5348 praesunt,
3096 5287 3171 5332 eo
3225 5264 3437 5349 magis
3496 5264 3632 5329 sint
3672 5263 4024 5347 imperiosi.
4115 5260 4471 5328 Caeterum

2524 5357 2723 5417 testes
2768 5352 2934 5417 mihi
2977 5360 3177 5419 erunt
3219 5357 3445 5418 omnes
3488 5350 3641 5434 piae'
3684 5350 3973 5428 animae,
4035 5348 4212 5431 quali
4252 5347 4473 5432 impli-

2964 5009 3231 5074 Norunt
3282 5007 3707 5073 historiarum
3776 5001 4192 5070 mediocriter
4256 5005 4470 5087 periti,
4572 5014 4579 5021 '
