4999 6179
691 482 776 548 35
2000 477 2126 544 LE
2170 474 2778 545 OATEOHISJOE
2818 474 2948 542 DE
2994 472 3397 544 GENEVE.
4622 478 4697 542 36

1533 667 1804 722 finnus-r.

864 738 1039 804 Non.
1128 736 1370 805 (18111
1421 754 1464 803 a
1515 735 1652 802 dist
1702 736 1770 803 le
1825 737 2165 802 conti-aire.
2255 735 2437 803 O'est
2488 735 2647 819 qu'il

2924 734 3223 800 Μ181188.
3313 732 3560 801 Contra
3625 682 3805 800 effi
3872 723 4121 819 recepit
4136 785 4153 814 ,
4217 755 4288 801 se
4365 733 4704 800 nobiscum

691 843 843 890 sera
898 845 1053 908 pres
1097 824 1180 891 de
1222 845 1386 891 nous
1435 822 1667 906 iusque
1712 830 1755 888 a
1795 822 1864 887 la
1904 822 1996 889 fin
2057 822 2330 908 (Matth.
2370 824 2473 900 28,
2513 820 2645 906 20).
2749 822 2891 887 fore
2936 842 3146 903 usque
3191 819 3276 886 ad
3317 821 3519 886 finem
3565 802 3824 888 saeculi.

1487 944 1554 979 m!
1586 942 1845 981 mm.
2176 950 2183 957 ’

864 995 992 1061 Ε81
1005 1017 1124 1063 -es
1180 996 1262 1077 de
1325 1016 1635 1080 presence
1699 995 2059 1078 corporelle
2117 992 2274 1077 qu’il
2339 993 2649 1060 domeure

692 1101 855 1150 avec
894 1082 1104 1148 nous?

1448 1210 1455 1223 ·
1536 1184 1807 1239 L’mmr.

864 1251 1034 1319 Non.
1123 1252 1258 1320 Oar
1300 1258 1460 1321 c’est
1501 1260 1691 1320 autre
1735 1252 1930 1319 chose
1974 1252 2055 1318 (18
2099 1273 2218 1318 888
2261 1273 2482 1336 corps,
2535 1252 2650 1337 qui

695 1357 737 1402 a
789 1345 929 1404 8818
983 1338 1206 1405 8818118
1260 1360 1342 1406 en
1397 1340 1564 1406 haut
1619 1340 1797 1425 (Luc
1832 1342 1932 1419 24,
1977 1344 2093 1419 513
2138 1339 2286 1404 Act.
2333 1345 2386 1421 1,
2426 1340 2529 1421 9):
2585 1346 2650 1404 et

695 1421 777 1490 de
818 1445 893 1490 sa
932 1431 1149 1505 verta,
1193 1425 1471 1509 laquelle
1514 1434 1616 1491 881
1656 1446 1779 1508 par
1820 1431 1967 1490 tout
2010 1423 2359 1509 espandue.

1484 1548 1552 1583 u:
1586 1547 1847 1582 mm.

869 1600 985 1673 [fol.
1025 1601 1131 1675 16]
1177 1596 1530 1664 Oomment
1570 1604 1911 1663 entens-tu
1951 1597 2108 1682 qu’il
2152 1605 2255 1662 est
2296 1597 2459 1663 assis
2504 1605 2546 1663 8
2582 1598 2652 1661 la

692 1678 927 1747 dextre
971 1679 1054 1747 de
1094 1682 1272 1748 Dieu
1317 1704 1438 1749 son
1476 1682 1690 1751 Pers?
2006 1729 2014 1737 .

1545 1785 1814 1841 L'mnnr.
2024 1808 2027 1813 ·

864 1849 1044 1918 O’est
1086 1853 1244 1937 qu’il
1286 1874 1327 1918 a
1368 1874 1562 1922 receu
1603 1855 1672 1921 18
1705 1853 2100 1940 seigneurie
2143 1854 2232 1919 du
2266 1853 2413 1920 Oiel
2456 1862 2527 1920 et
2568 1853 2651 1922 de

688 1937 758 2004 18
809 1945 1015 2004 terre:
1069 1940 1205 2004 afin
1258 1937 1338 2005 de
1397 1942 1575 2025 regir
1628 1949 1697 2006 et
1751 1940 2122 2026 g'ouverner
2174 1947 2323 2005 tout
2370 1942 2647 2025 (Matth.

693 2027 799 2106 28,
849 2023 980 2108 18).
1066 2028 1071 2033 ·

1492 2149 1560 2184 m
1591 2150 1852 2185 mam.

864 2194 1041 2294 Lixus
1087 2214 1213 2278 que
1269 2197 1526 2346 siff-nisis
1578 2199 1646 2265 la
1712 2200 1983 2281 dextre,‘
2036 2204 2105 2264 et
2162 2205 2339 2266 ceste
2392 2198 2649 2279 assiste,

692 2279 856 2348 dont
895 2280 947 2346 11
981 2287 1083 2346 est
1122 2280 1306 2365 parle

862 2469 1044 2538 O’est
1083 2491 1217 2537 une
1256 2402 1835 2540 gmffituffgnfissg'e
1878 2475 1994 2542 des
2039 2475 2303 2558 princes
2345 2476 2646 2556 terricus,

847 2557 991 2622 font
1038 2559 1210 2623 seoir
1257 2565 1300 2623 a
1353 2556 1501 2624 leur
1544 2566 1722 2625 88818
1780 2558 2010 2627 dextre
2069 2581 2238 2627 ceux
2290 2560 2485 2645 qu'ilz
2540 2582 2646 2628 or-

733 2649 988 2708 onnent
1028 2644 1437 2710 Lieutenans
1453 2696 1471 2724 ‚
1514 2666 1687 2729 pour
1729 2667 2103 2731 gouverner
2147 2668 2233 2713 88
2276 2646 2423 2712 leur
2464 2668 2642 2714 8818.

1489 2767 1557 2801 LE
1590 2768 1848 2803 lumem.

864 2813 967 2877 Tu
1009 2813 1304 2880 n’entens
1350 2815 1516 2883 donc
1556 2818 1745 2883 sinon
1789 2840 1864 2885 88
1905 2841 2033 2903 que
2077 2816 2175 2884 dit
2217 2820 2429 2886 sainct
2450 2821 2644 2887 Paul.

689 2895 888 2978 C’est,
933 2899 1092 2983 qu'il
1133 2921 1174 2967 a
1216 2908 1353 2967 este
1395 2904 1719 2969 constitue
1746 2905 1925 2971 chef
1948 2903 2029 2970 (18
2052 2904 2330 2990 l’Eglise
2364 2904 2642 2991 (EpheS.

696 2987 751 3062 1,
796 2983 925 3070 11),
971 2994 1038 3051 et
1082 2986 1301 3052 exalte
1345 2986 1574 3054 dessus
1614 2996 1800 3056 toute
1818 2991 2249 3075 principante,
2296 2998 2365 3057 et
2407 2992 2565 3076 qu’il
2609 3013 2650 3058 a

689 3091 886 3139 receu
934 3094 1026 3137 un
1068 3071 1242 3139 Nom
1283 3095 1407 3157 par
1445 3074 1674 3142 dessus
1718 3083 1863 3144 tout
1904 3100 2061 3143 nom
2104 3077 2309 3164 (Phil.
2349 3081 2411 3161 2,
2449 3078 2537 3163 9).

1540 3177 1808 3235 1381111111.

778 3253 793 3265 “
860 3242 1081 3309 Voire.

1456 3369 1523 3404 u:
1557 3372 1816 3408 mmm.
1834 3355 1881 3422 ¹)

856 3411 1179 3481 Pom-suis
1210 3423 1418 3484 outre.

1534 3523 1801 3578 n’mrur.

858 3584 965 3653 De
1006 3586 1077 3654 18
1119 3589 1397 3657 viendra
1436 3593 1626 3677 inger
1656 3593 1755 3661 les
1794 3594 1927 3661 vifz
1971 3601 2040 3660 et
2078 3593 2177 3659 les
2219 3603 2444 3662 morts.
2510 3585 2648 3677 Qui

688 3677 792 3739 est
834 3679 877 3738 a
915 3671 1098 3773 dire&
1118 3675 1272 3775 qu’il
1314 3681 1720 3763 apparuisti-a
1761 3700 1893 3745 une
1935 3680 2058 3746 fois
2103 3679 2191 3745 du
2236 3681 2358 3748 ciel
2400 3702 2482 3747 88
2526 3682 2643 3749 Iu-

690 3768 990 3845 gement:
1038 3781 1213 3827 81881
1246 3766 1444 3847 qu’on
1486 3766 1577 3850 l'y
1620 3786 1661 3830 a
1693 3786 1827 3831 veu
1860 3772 2120 3832 monter
2154 3766 2331 3852 (Act.
2374 3772 2429 3847 1,
2473 3768 2601 3852 11).

1487 3973 1845 4009 mmm

857 4017 1023 4084 Puis
1065 4040 1193 4104 que
1234 4021 1317 4087 le‘
1344 4022 1697 4108 Iugement
1737 4044 1885 4090 sera
1922 4045 2008 4090 en
2048 4025 2113 4089 18
2154 4027 2249 4091 fin
2294 4025 2384 4091 du
2429 4027 2644 4108 siecle,

685 4110 1017 4169 comment
1080 4104 1289 4173 dis-tu
1345 4130 1469 4193 que
1523 4111 1621 4176 188
1689 4132 1819 4177 uns
1873 4112 2144 4178 vivront
2201 4112 2369 4193 1818,
2428 4119 2495 4179 81
2548 4113 2645 4179 188

686 4195 910 4254 autres
956 4201 1181 4257 seront
1231 4203 1474 4261 mortz:
1522 4218 1651 4262 veu
1703 4196 1863 4281 qu’il
1915 4203 2018 4263 est
2062 4196 2355 4264 ordonne
2400 4206 2443 4264 a
2495 4206 2644 4265 tous

687 4272 984 4341 hommes
1026 4275 1106 4343 ds
1139 4282 1391 4347 mourir
1431 4304 1563 4349 une
1605 4284 1728 4348 fois
1764 4282 1999 4369 (Hebr.
2034 4285 2094 4364 9,
2141 4283 2251 4366 27)
2267 4282 2299 4347 ‘t

992 4411 1009 4431 0
1529 4383 1798 4440 n'nrm.

856 4445 1090 4514 Sainct
1141 4451 1314 4516 Paul
1358 4455 1645 4537 respond
1702 4462 1744 4521 8
1797 4454 1972 4521 ceste
2016 4455 2346 4539 question:
2402 4454 2640 4538 disant,

683 4555 808 4618 que
863 4554 1033 4600 ceux
1087 4537 1199 4619 qui
1242 4548 1465 4622 serent
1517 4540 1651 4606 lors
1697 4542 2077 4621 survivans,
2124 4553 2347 4608 serent
2393 4543 2642 4609 subite-

680 4626 869 4686 ment
910 4620 1226 4707 changez:
1285 4625 1420 4691 afin
1463 4648 1588 4710 que
1628 4627 1775 4693 leur
1819 4628 2198 4713 corruption
2240 4629 2369 4694 soit
2412 4629 2640 4710 abolie,

681 4715 750 4772 et
788 4727 916 4790 que
967 4706 1114 4773 leur
1156 4731 1349 4795 corps
1391 4714 1520 4779 soit
1558 4713 1940 4794 reneuvele,
1997 4735 2164 4798 pour
2205 4722 2382 4782 estre
2424 4715 2642 4782 incor-

682 4792 967 4876 ruptible
1004 4795 1067 4877 (1
1111 4796 1260 4863 Oor.
1306 4801 1404 4879 15,
1444 4803 1557 4877 523
1601 4803 1631 4863 1
1679 4801 1907 4867 Thess.
1946 4805 2006 4880 4,
2050 4800 2180 4886 17).

1480 4921 1548 4956 m
1579 4922 1838 4957 mnn-

857 4972 961 5036 'ru
1015 4977 1248 5037 entsns
1303 4967 1468 5038 donc
1522 4994 1649 5056 que
1704 4982 1880 5039 ceste
1927 4973 2249 5038 mutation
2301 4972 2450 5038 leur
2492 4992 2642 5039 sera

683 5077 935 5124 comme
959 5078 1092 5123 une
1122 5063 1311 5138 mort,
1345 5079 1587 5141 pource
1610 5058 1845 5143 qu'elle
1879 5059 2130 5127 abolira
2150 5058 2296 5124 leur
2316 5059 2642 5143 premiere

682 5152 937 5223 nature,
983 5165 1153 5229 pour
1194 5145 1292 5211 les
1333 5145 1497 5211 faire
1540 5147 1924 5213 ressusciter
1966 5165 2051 5210 88
2096 5155 2283 5211 autre
2327 5150 2516 5212 estat.

995 5403 1055 5472 1)
1090 5403 1170 5459 Le
1209 5402 1294 5458 13.
1332 5404 1627 5460 dimanche.
1665 5434 1732 5444 —
1768 5403 1953 5459 Christ
1984 5408 2170 5456 nostre
2205 5400 2335 5470 luge
2372 5409 2428 5458 et
2461 5399 2725 5457 Advocat.

2926 989 3121 1074 Quod
3155 966 3379 1057 autem
3411 942 4061 1072 nobifflmlfizbitat,
4106 991 4261 1059 idne
4307 992 4388 1059 (18
4422 993 4705 1076 corperis

2752 1079 3126 1166 praesentia
3167 1076 3715 1162 intelligendum?

2925 1251 3095 1317 Non.
3185 1250 3342 1316 Alia
3396 1250 3573 1316 enim
3636 1201 3807 1316 Q
3863 1260 3966 1317 881
4021 1250 4307 1335 corporis
4322 1303 4339 1331 ,
4411 1251 4584 1350 quod
4635 1252 4705 1316 in

2753 1337 3009 1488 888Ιυῖ1
3051 1344 3387 1420 receptum
3431 1343 3563 1402 est:
3610 1337 3741 1403 8118
3783 1338 4071 1417 virtutis,
4117 1357 4284 1421 quae
4325 1336 4567 1421 ubique
4609 1343 4706 1403 est

2926 1594 3076 1677 Quo
3110 1617 3307 1663 sensu
3330 1617 3482 1662 eum
3518 1545 3943 1662 dicigugglnere
3980 1596 4064 1663 ad
4094 1597 4300 1681 patris
4324 1593 4703 1660 dexteram?

2926 1853 3115 1918 Haec
3156 1854 3359 1921 verba
3392 1805 3809 1938 significan?
3831 1862 4087 1938 patrem
4119 1854 4220 1919 illi
4263 1856 4424 1921 88811
4468 1861 4536 1920 81
4574 1862 4707 1920 ter-

2752 1959 2867 2005 rae
2907 1938 3262 2021 imperium
3305 1940 3664 2008 contulisse
3679 1994 3696 2021 ‚
3741 1948 3818 2006 ut
3861 1942 4084 2007 omnia
4125 1941 4465 2026 gubernet.

3601 2148 3860 2183 mm.

2927 2194 3107 2277 Quid
3144 2205 3366 2263 autem
3399 2198 3521 2263 tibi
3556 2198 3886 2283 significat
3920 2197 4210 2278 dextera,
4257 2203 4325 2265 81
4358 2198 4516 2282 quid
4549 2196 4710 2264 haec

2757 2280 3002 2347 sessio?

3657 2423 3807 2458 1²qu-

2929 2476 3049 2551 [fol.
3099 2477 3207 2554 22]
3267 2470 3645 2539 Similitudo
3705 2479 3806 2539 est
3860 2495 3901 2538 a
3962 2472 4367 2557 principibus
4428 2480 4706 2560 sumpta,

2754 2558 2867 2642 qui
2907 2557 2992 2623 ad
3030 2557 3372 2624 dexteram
3406 2580 3592 2625 suam
3634 2559 3953 2626 collocare
3986 2560 4219 2638 solent,
4264 2560 4501 2644 quibus
4536 2563 4709 2629 vices

2751 2665 2905 2710 suas
2949 2642 3428 2711 commendant.

3603 2766 3863 2801 mmm

2924 2817 2990 2881 N
2993 2836 3080 2881 on
3135 2820 3291 2901 ergo
3345 2816 3525 2882 aliud
3581 2815 3927 2901 intelligis,
3996 2838 4194 2900 quam
4263 2816 4437 2900 quod
4506 2816 4709 2881 tradit

2750 2899 3030 2968 Paulus:
3090 2923 3329 2986 nempe
3342 2954 3357 2981 ‚
3426 2903 3857 2968 constitutum
3912 2925 4054 2968 esse
4109 2902 4456 2969 Christum
4513 2908 4709 2987 caput

2754 2987 3061 3054 ecclesiae
3076 3040 3092 3068 ,
3138 2996 3207 3054 et
3248 3010 3450 3073 supra
3493 3010 3720 3054 818888
3763 2989 4168 3073 principatus
4212 2996 4548 3070 evectum,
4596 3010 4710 3054 no-

2752 3096 2903 3140 men
2950 3073 3263 3159 adeptum
3304 3096 3466 3154 esse,
3511 3074 3685 3160 quod
3729 3075 3817 3142 sit
3860 3097 4062 3160 supra
4103 3095 4298 3144 omne
4345 3096 4613 3142 nomen.

3659 3199 3811 3235 PUER-

2921 3248 3029 3313 Ita
3070 3256 3146 3313 ut
3188 3248 3369 3315 dicis.

3595 3371 3856 3406 mama.

2925 3421 3374 3487 Transeamus
3415 3420 3500 3486 ad
3543 3420 3688 3486 alia.

2921 3593 3090 3659 Inde
3134 3601 3455 3661 venturus
3492 3601 3592 3659 est
3634 3542 4173 3659 Jctffiidioandum
4209 3591 4395 3659 vivos
4432 3599 4503 3656 81
4533 3614 4710 3658 mor-

2748 3685 2916 3745 tuos.
3007 3678 3313 3761 Quorum
3354 3679 3711 3746 verborum
3754 3700 3987 3746 sensus
4031 3687 4150 3760 est,
4194 3677 4416 3763 palam
4461 3699 4499 3743 8
4533 3679 4709 3744 88818

2749 3771 3108 3832 venturum
3173 3766 3257 3831 ad
3323 3764 3751 3832 iudicandum
3806 3767 4029 3831 orbem
4044 3817 4061 3846 ,
4130 3766 4303 3833 sicut
4354 3765 4708 3832 ascendere

2745 3853 2933 3920 visus
2976 3860 3094 3919 881.

3597 3974 3855 4009 mmm

2923 4023 3148 4106 Quum
3198 4025 3427 4091 iudicii
3481 4025 3619 4091 dies
3661 4025 3923 4089 futurus
3977 4046 4113 4089 non
4157 4024 4244 4089 sit
4298 4029 4454 4088 ante
4502 4025 4710 4089 finem

2750 4111 2995 4177 saeculi
3012 4163 3027 4190 ,
3084 4111 3409 4195 quomodo
3463 4121 3621 4176 tunc
3688 4132 3774 4176 ex
3826 4108 4199 4175 hominibus
4255 4110 4393 4174 fore
4452 4107 4706 4194 aliquos

2747 4198 3134 4281 superstites
3189 4197 3381 4277 dicis,
3440 4195 3967 4281 quandoquidem
4023 4195 4326 4261 omnibus
4384 4196 4708 4262 constitu-

2747 4290 2890 4349 tum
2937 4290 3040 4350 est
3082 4284 3283 4350 semel
3327 4282 3534 4349 mori?

3647 4403 3800 4439 PUER-

2919 4453 3115 4521 Hanc
3151 4455 3597 4538 quaestionem
3636 4452 3833 4518 solvit
3864 4452 4136 4533 Paulus,
4174 4460 4376 4536 quum
4410 4473 4543 4533 888,
4589 4452 4707 4538 qui

2748 4550 2910 4606 tunc
2966 4547 3393 4624 supererunt,
3461 4540 3676 4606 subita
3742 4539 4107 4606 mutatione
4176 4539 4569 4618 innovatum
4623 4537 4707 4604 iri

2746 4624 2976 4691 tradit:
3033 4633 3112 4691 ut
3156 4626 3397 4693 abolita
3454 4626 3669 4691 carnis
3713 4625 4125 4708 corruptione
4166 4624 4445 4690 induant
4487 4626 4708 4692 incor-

2746 4714 3137 4796 ruptionem.

2919 4972 3021 5036 Tu
3075 4991 3231 5054 ergo
3285 4968 3458 5034 hanc
3513 4920 3950 5036 mfflss'ffi'em
4014 4969 4244 5035 mortis
4298 4971 4512 5035 instar
4567 4969 4705 5035 illis

2744 5056 2885 5123 fore
2927 5055 3272 5139 intellig-is:
3319 5053 3491 5138 quod
3530 5058 3780 5140 p'rimae
3824 5063 4101 5122 naturae
4143 5056 4370 5121 futura
4414 5056 4502 5121 sit
4547 5056 4704 5121 abo-

2743 5143 2902 5222 litio,
2949 5150 3016 5207 et
3058 5141 3326 5206 alterius
3369 5162 3578 5209 novae
3621 5142 3906 5208 initium.
4140 5144 4144 5148 ’
