<?xml version="1.0" encoding="UTF-8"?>
<!DOCTYPE html PUBLIC "-//W3C//DTD XHTML 1.0 Transitional//EN"
    "http://www.w3.org/TR/xhtml1/DTD/xhtml1-transitional.dtd">
<html xmlns="http://www.w3.org/1999/xhtml" xml:lang="en" lang="en">
 <head>
  <title>
</title>
<meta http-equiv="Content-Type" content="text/html;charset=utf-8" />
  <meta name='ocr-system' content='tesseract 3.04.00' />
  <meta name='ocr-capabilities' content='ocr_page ocr_carea ocr_par ocr_line ocrx_word'/>
</head>
<body>
  <div class='ocr_page' id='page_1' title='image "./ioanniscalvinio00horsgoog_0065.png"; bbox 0 0 4999 6179; ppageno 0'>
   <div class='ocr_carea' id='block_1_1' title="bbox 348 440 4366 529">
    <p class='ocr_par' dir='ltr' id='par_1_1' title="bbox 348 440 4366 529">
     <span class='ocr_line' id='line_1_1' title="bbox 348 440 4366 529; baseline -0 -19"><span class='ocrx_word' id='word_1_1' title='bbox 348 446 431 510; x_wconf 80' lang='lat'><strong>53</strong></span> <span class='ocrx_word' id='word_1_2' title='bbox 1693 440 2356 529; x_wconf 72' lang='lat' dir='ltr'><strong>GArnomsims</strong></span> <span class='ocrx_word' id='word_1_3' title='bbox 2398 440 3014 513; x_wconf 60' lang='lat' dir='ltr'><strong>amavit-Heia</strong></span> <span class='ocrx_word' id='word_1_4' title='bbox 4283 446 4366 509; x_wconf 77' lang='lat'><strong>54</strong></span> 
     </span>
    </p>
   </div>
   <div class='ocr_carea' id='block_1_2' title="bbox 350 632 2311 1305">
    <p class='ocr_par' dir='ltr' id='par_1_2' title="bbox 1192 632 1461 687">
     <span class='ocr_line' id='line_1_2' title="bbox 1192 632 1461 687; baseline 0.004 -1"><span class='ocrx_word' id='word_1_5' title='bbox 1192 632 1461 687; x_wconf 70' lang='lat' dir='ltr'><strong>L’mur.</strong></span> 
     </span>
    </p>

    <p class='ocr_par' dir='ltr' id='par_1_3' title="bbox 350 701 2311 1305">
     <span class='ocr_line' id='line_1_3' title="bbox 521 701 2307 785; baseline 0 -18"><span class='ocrx_word' id='word_1_6' title='bbox 521 701 637 767; x_wconf 90' lang='lat' dir='ltr'><strong>Du</strong></span> <span class='ocrx_word' id='word_1_7' title='bbox 690 712 1253 769; x_wconf 87' lang='lat' dir='ltr'><strong>commencement</strong></span> <span class='ocrx_word' id='word_1_8' title='bbox 1306 702 1359 766; x_wconf 87' lang='lat' dir='ltr'><strong>il</strong></span> <span class='ocrx_word' id='word_1_9' title='bbox 1408 702 1528 768; x_wconf 86' lang='lat' dir='ltr'><strong>fait</strong></span> <span class='ocrx_word' id='word_1_10' title='bbox 1582 722 1833 769; x_wconf 90' lang='lat' dir='ltr'><strong>comme</strong></span> <span class='ocrx_word' id='word_1_11' title='bbox 1874 723 2008 767; x_wconf 90' lang='lat' dir='ltr'><strong>une</strong></span> <span class='ocrx_word' id='word_1_12' title='bbox 2048 702 2307 785; x_wconf 85' lang='lat' dir='ltr'><strong>preface</strong></span> 
     </span>
     <span class='ocr_line' id='line_1_4' title="bbox 350 789 1041 873; baseline -0.003 -17"><span class='ocrx_word' id='word_1_13' title='bbox 350 810 466 856; x_wconf 83' lang='lat' dir='ltr'><strong>sur</strong></span> <span class='ocrx_word' id='word_1_14' title='bbox 518 794 705 854; x_wconf 91' lang='lat' dir='ltr'><strong>toute</strong></span> <span class='ocrx_word' id='word_1_15' title='bbox 758 789 825 853; x_wconf 84' lang='lat' dir='ltr'><strong>la</strong></span> <span class='ocrx_word' id='word_1_16' title='bbox 875 789 1041 873; x_wconf 82' lang='lat' dir='ltr'><strong>Loy.</strong></span> 
     </span>
     <span class='ocr_line' id='line_1_5' title="bbox 351 872 2310 954; baseline -0.002 -12"><span class='ocrx_word' id='word_1_17' title='bbox 351 874 793 954; x_wconf 88' lang='lat' dir='ltr'><strong>commander,</strong></span> <span class='ocrx_word' id='word_1_18' title='bbox 839 896 910 940; x_wconf 87' lang='lat' dir='ltr'><strong>se</strong></span> <span class='ocrx_word' id='word_1_19' title='bbox 951 883 1298 940; x_wconf 89' lang='lat' dir='ltr'><strong>nommant</strong></span> <span class='ocrx_word' id='word_1_20' title='bbox 1340 875 1661 942; x_wconf 85' lang='lat' dir='ltr'><strong>l’Eternel</strong></span> <span class='ocrx_word' id='word_1_21' title='bbox 1677 926 1693 951; x_wconf 93' lang='lat'><em>‚</em></span> <span class='ocrx_word' id='word_1_22' title='bbox 1747 879 1816 941; x_wconf 88' lang='lat' dir='ltr'><strong>et</strong></span> <span class='ocrx_word' id='word_1_23' title='bbox 1857 873 2178 940; x_wconf 86' lang='lat' dir='ltr'><strong>Oreateur</strong></span> <span class='ocrx_word' id='word_1_24' title='bbox 2220 872 2310 938; x_wconf 89' lang='lat' dir='ltr'><strong>du</strong></span> 
     </span>
     <span class='ocr_line' id='line_1_6' title="bbox 350 960 2311 1045; baseline -0.001 -18"><span class='ocrx_word' id='word_1_25' title='bbox 350 961 610 1028; x_wconf 88' lang='lat' dir='ltr'><strong>monde.</strong></span> <span class='ocrx_word' id='word_1_26' title='bbox 699 962 914 1044; x_wconf 78' lang='lat' dir='ltr'><strong>Api-es</strong></span> <span class='ocrx_word' id='word_1_27' title='bbox 967 961 1017 1025; x_wconf 92' lang='lat' dir='ltr'><strong>il</strong></span> <span class='ocrx_word' id='word_1_28' title='bbox 1078 983 1148 1027; x_wconf 88' lang='lat' dir='ltr'><strong>se</strong></span> <span class='ocrx_word' id='word_1_29' title='bbox 1215 960 1312 1026; x_wconf 91' lang='lat' dir='ltr'><strong>dit</strong></span> <span class='ocrx_word' id='word_1_30' title='bbox 1374 967 1603 1027; x_wconf 89' lang='lat' dir='ltr'><strong>nostre</strong></span> <span class='ocrx_word' id='word_1_31' title='bbox 1657 961 1826 1027; x_wconf 89' lang='lat' dir='ltr'><strong>Dieu</strong></span> <span class='ocrx_word' id='word_1_32' title='bbox 1843 1012 1857 1039; x_wconf 91' lang='lat'><strong>,</strong></span> <span class='ocrx_word' id='word_1_33' title='bbox 1920 982 2090 1045; x_wconf 90' lang='lat' dir='ltr'><strong>pour</strong></span> <span class='ocrx_word' id='word_1_34' title='bbox 2142 981 2311 1026; x_wconf 88' lang='lat' dir='ltr'><strong>nous</strong></span> 
     </span>
     <span class='ocr_line' id='line_1_7' title="bbox 352 1046 2310 1115; baseline -0.001 -2"><span class='ocrx_word' id='word_1_35' title='bbox 352 1047 593 1113; x_wconf 77' lang='lat' dir='ltr'>rendre</span> <span class='ocrx_word' id='word_1_36' title='bbox 662 1067 737 1115; x_wconf 87' lang='lat' dir='ltr'><strong>sa</strong></span> <span class='ocrx_word' id='word_1_37' title='bbox 795 1047 1087 1113; x_wconf 88' lang='lat' dir='ltr'><strong>doctrine</strong></span> <span class='ocrx_word' id='word_1_38' title='bbox 1154 1047 1452 1114; x_wconf 87' lang='lat' dir='ltr'><strong>amiable.</strong></span> <span class='ocrx_word' id='word_1_39' title='bbox 1564 1046 1698 1113; x_wconf 84' lang='lat' dir='ltr'><strong>Gar</strong></span> <span class='ocrx_word' id='word_1_40' title='bbox 1754 1046 1858 1111; x_wconf 75' lang='lat' dir='ltr'><strong>s&#39;il</strong></span> <span class='ocrx_word' id='word_1_41' title='bbox 1923 1054 2024 1112; x_wconf 90' lang='lat' dir='ltr'><strong>est</strong></span> <span class='ocrx_word' id='word_1_42' title='bbox 2086 1052 2310 1113; x_wconf 88' lang='lat' dir='ltr'><strong>nostre</strong></span> 
     </span>
     <span class='ocr_line' id='line_1_8' title="bbox 353 1132 2310 1219; baseline -0.002 -17"><span class='ocrx_word' id='word_1_43' title='bbox 353 1133 661 1202; x_wconf 80' lang='lat' dir='ltr'><strong>Sauveur</strong></span> <span class='ocrx_word' id='word_1_44' title='bbox 677 1186 691 1210; x_wconf 92' lang='lat'>‚</span> <span class='ocrx_word' id='word_1_45' title='bbox 760 1135 921 1200; x_wconf 81' lang='lat' dir='ltr'><strong>c’est</strong></span> <span class='ocrx_word' id='word_1_46' title='bbox 983 1132 1135 1200; x_wconf 88' lang='lat' dir='ltr'><strong>bien</strong></span> <span class='ocrx_word' id='word_1_47' title='bbox 1201 1136 1419 1200; x_wconf 81' lang='lat' dir='ltr'><strong>raison</strong></span> <span class='ocrx_word' id='word_1_48' title='bbox 1474 1154 1601 1217; x_wconf 90' lang='lat' dir='ltr'><strong>que</strong></span> <span class='ocrx_word' id='word_1_49' title='bbox 1665 1153 1831 1199; x_wconf 89' lang='lat' dir='ltr'><strong>nous</strong></span> <span class='ocrx_word' id='word_1_50' title='bbox 1894 1132 2013 1219; x_wconf 80' lang='lat' dir='ltr'><strong>luy</strong></span> <span class='ocrx_word' id='word_1_51' title='bbox 2070 1153 2310 1219; x_wconf 81' lang='lat' dir='ltr'><strong>soyons</strong></span> 
     </span>
     <span class='ocr_line' id='line_1_9' title="bbox 351 1220 978 1305; baseline -0.003 -17"><span class='ocrx_word' id='word_1_52' title='bbox 351 1220 590 1305; x_wconf 89' lang='lat' dir='ltr'><strong>peuple</strong></span> <span class='ocrx_word' id='word_1_53' title='bbox 632 1221 978 1287; x_wconf 81' lang='lat' dir='ltr'><strong>obeissant.</strong></span> 
     </span>
    </p>
   </div>
   <div class='ocr_carea' id='block_1_3' title="bbox 354 1428 2318 1734">
    <p class='ocr_par' dir='ltr' id='par_1_4' title="bbox 354 1428 2318 1734">
     <span class='ocr_line' id='line_1_10' title="bbox 528 1428 2317 1562; baseline -0.002 -17"><span class='ocrx_word' id='word_1_54' title='bbox 528 1478 702 1545; x_wconf 80' lang='lat' dir='ltr'><strong>Mais</strong></span> <span class='ocrx_word' id='word_1_55' title='bbox 747 1498 822 1545; x_wconf 89' lang='lat' dir='ltr'><strong>ce</strong></span> <span class='ocrx_word' id='word_1_56' title='bbox 866 1477 1025 1562; x_wconf 85' lang='lat' dir='ltr'><strong>qu&#39;il</strong></span> <span class='ocrx_word' id='word_1_57' title='bbox 1067 1428 1534 1562; x_wconf 50' lang='lat' dir='ltr'><strong>ditualpmrgsnde</strong></span> <span class='ocrx_word' id='word_1_58' title='bbox 1586 1478 1655 1545; x_wconf 92' lang='lat' dir='ltr'><strong>la</strong></span> <span class='ocrx_word' id='word_1_59' title='bbox 1711 1477 2083 1545; x_wconf 80' lang='lat' dir='ltr'><strong>delivrance</strong></span> <span class='ocrx_word' id='word_1_60' title='bbox 2105 1475 2209 1557; x_wconf 57' lang='lat' dir='ltr'><strong>,de</strong></span> <span class='ocrx_word' id='word_1_61' title='bbox 2250 1476 2317 1542; x_wconf 90' lang='lat' dir='ltr'><strong>la</strong></span> 
     </span>
     <span class='ocr_line' id='line_1_11' title="bbox 354 1563 2318 1649; baseline -0.002 -18"><span class='ocrx_word' id='word_1_62' title='bbox 354 1572 537 1631; x_wconf 82' lang='lat' dir='ltr'><strong>terre</strong></span> <span class='ocrx_word' id='word_1_63' title='bbox 570 1564 914 1649; x_wconf 84' lang='lat' dir='ltr'><strong>d&#39;Egypte,</strong></span> <span class='ocrx_word' id='word_1_64' title='bbox 962 1586 1048 1630; x_wconf 89' lang='lat' dir='ltr'><strong>ne</strong></span> <span class='ocrx_word' id='word_1_65' title='bbox 1082 1564 1525 1632; x_wconf 83' lang='lat' dir='ltr'><strong>s’addresse-il</strong></span> <span class='ocrx_word' id='word_1_66' title='bbox 1560 1585 1681 1649; x_wconf 90' lang='lat' dir='ltr'><strong>pas</strong></span> <span class='ocrx_word' id='word_1_67' title='bbox 1713 1563 2318 1649; x_wconf 77' lang='lat' dir='ltr'><strong>particulierement</strong></span> 
     </span>
     <span class='ocr_line' id='line_1_12' title="bbox 360 1649 1093 1734; baseline -0.003 -17"><span class='ocrx_word' id='word_1_68' title='bbox 360 1672 446 1718; x_wconf 91' lang='lat' dir='ltr'><strong>au</strong></span> <span class='ocrx_word' id='word_1_69' title='bbox 488 1650 728 1734; x_wconf 89' lang='lat' dir='ltr'><strong>peuple</strong></span> <span class='ocrx_word' id='word_1_70' title='bbox 773 1649 1045 1716; x_wconf 90' lang='lat' dir='ltr'><strong>d’Israel</strong></span> <span class='ocrx_word' id='word_1_71' title='bbox 1060 1649 1093 1713; x_wconf 77' lang='lat'><strong>⁶?</strong></span> 
     </span>
    </p>
   </div>
   <div class='ocr_carea' id='block_1_4' title="bbox 408 1839 2324 2164">
    <p class='ocr_par' dir='ltr' id='par_1_5' title="bbox 408 1839 2324 2164">
     <span class='ocr_line' id='line_1_13' title="bbox 535 1839 2320 1991; baseline -0.001 -16"><span class='ocrx_word' id='word_1_72' title='bbox 535 1906 613 1975; x_wconf 79' lang='lat' dir='ltr'><strong>si</strong></span> <span class='ocrx_word' id='word_1_73' title='bbox 657 1908 778 1985; x_wconf 68' lang='lat' dir='ltr'><strong>fait</strong></span> <span class='ocrx_word' id='word_1_74' title='bbox 814 1907 985 1987; x_wconf 73' lang='lat' dir='ltr'><strong>bien,</strong></span> <span class='ocrx_word' id='word_1_75' title='bbox 1033 1839 1571 1991; x_wconf 61' lang='lat' dir='ltr'><strong>³010J&#39;f3‘323292.</strong></span> <span class='ocrx_word' id='word_1_76' title='bbox 1660 1907 1837 1972; x_wconf 68' lang='lat' dir='ltr'><strong>Mais</strong></span> <span class='ocrx_word' id='word_1_77' title='bbox 1889 1907 1937 1971; x_wconf 85' lang='lat' dir='ltr'><strong>il</strong></span> <span class='ocrx_word' id='word_1_78' title='bbox 1990 1928 2160 1974; x_wconf 74' lang='lat' dir='ltr'><strong>nous</strong></span> <span class='ocrx_word' id='word_1_79' title='bbox 2205 1928 2320 1991; x_wconf 78' lang='lat' dir='ltr'><strong>ap-</strong></span> 
     </span>
     <span class='ocr_line' id='line_1_14' title="bbox 516 1992 2324 2079; baseline -0.001 -19"><span class='ocrx_word' id='word_1_80' title='bbox 516 1995 651 2060; x_wconf 88' lang='lat' dir='ltr'><strong>‘ent</strong></span> <span class='ocrx_word' id='word_1_81' title='bbox 704 1994 881 2060; x_wconf 87' lang='lat' dir='ltr'><strong>aussi</strong></span> <span class='ocrx_word' id='word_1_82' title='bbox 935 1994 1426 2079; x_wconf 85' lang='lat' dir='ltr'><strong>generalement</strong></span> <span class='ocrx_word' id='word_1_83' title='bbox 1468 2002 1511 2059; x_wconf 82' lang='lat' dir='ltr'><strong>a</strong></span> <span class='ocrx_word' id='word_1_84' title='bbox 1553 2000 1733 2071; x_wconf 85' lang='lat' dir='ltr'><strong>tous,</strong></span> <span class='ocrx_word' id='word_1_85' title='bbox 1789 1998 2022 2059; x_wconf 78' lang='lat' dir='ltr'><strong>entant</strong></span> <span class='ocrx_word' id='word_1_86' title='bbox 2074 1992 2227 2077; x_wconf 88' lang='lat' dir='ltr'><strong>qu&#39;il</strong></span> <span class='ocrx_word' id='word_1_87' title='bbox 2283 2014 2324 2058; x_wconf 89' lang='lat' dir='ltr'><strong>a</strong></span> 
     </span>
     <span class='ocr_line' id='line_1_15' title="bbox 408 2077 2322 2164; baseline -0.002 -16"><span class='ocrx_word' id='word_1_88' title='bbox 408 2082 614 2149; x_wconf 76' lang='lat' dir='ltr'><strong>elivre</strong></span> <span class='ocrx_word' id='word_1_89' title='bbox 662 2101 787 2146; x_wconf 78' lang='lat' dir='ltr'><strong>noa</strong></span> <span class='ocrx_word' id='word_1_90' title='bbox 830 2101 1011 2146; x_wconf 90' lang='lat' dir='ltr'><strong>ames</strong></span> <span class='ocrx_word' id='word_1_91' title='bbox 1056 2077 1138 2145; x_wconf 90' lang='lat' dir='ltr'><strong>de</strong></span> <span class='ocrx_word' id='word_1_92' title='bbox 1179 2080 1247 2146; x_wconf 91' lang='lat' dir='ltr'><strong>la</strong></span> <span class='ocrx_word' id='word_1_93' title='bbox 1287 2081 1599 2164; x_wconf 80' lang='lat' dir='ltr'><strong>eaptivite</strong></span> <span class='ocrx_word' id='word_1_94' title='bbox 1655 2077 2017 2163; x_wconf 87' lang='lat' dir='ltr'><strong>spirituelle</strong></span> <span class='ocrx_word' id='word_1_95' title='bbox 2074 2079 2157 2145; x_wconf 93' lang='lat' dir='ltr'><strong>de</strong></span> <span class='ocrx_word' id='word_1_96' title='bbox 2207 2100 2322 2163; x_wconf 91' lang='lat' dir='ltr'><strong>pe-</strong></span> 
     </span>
    </p>
   </div>
   <div class='ocr_carea' id='block_1_5' title="bbox 362 2165 1616 2247">
    <p class='ocr_par' dir='ltr' id='par_1_6' title="bbox 362 2165 1616 2247">
     <span class='ocr_line' id='line_1_16' title="bbox 362 2165 1616 2247; baseline -0.003 -13"><span class='ocrx_word' id='word_1_97' title='bbox 362 2168 505 2247; x_wconf 80' lang='lat' dir='ltr'><strong>che,</strong></span> <span class='ocrx_word' id='word_1_98' title='bbox 552 2175 620 2233; x_wconf 91' lang='lat' dir='ltr'><strong>et</strong></span> <span class='ocrx_word' id='word_1_99' title='bbox 662 2166 744 2232; x_wconf 91' lang='lat' dir='ltr'><strong>de</strong></span> <span class='ocrx_word' id='word_1_100' title='bbox 785 2166 853 2233; x_wconf 90' lang='lat' dir='ltr'><strong>la</strong></span> <span class='ocrx_word' id='word_1_101' title='bbox 897 2167 1180 2232; x_wconf 74' lang='lat' dir='ltr'><strong>tirannio</strong></span> <span class='ocrx_word' id='word_1_102' title='bbox 1225 2165 1314 2231; x_wconf 90' lang='lat' dir='ltr'><strong>du</strong></span> <span class='ocrx_word' id='word_1_103' title='bbox 1358 2166 1616 2233; x_wconf 85' lang='lat' dir='ltr'><strong>Diable.</strong></span> 
     </span>
    </p>
   </div>
   <div class='ocr_carea' id='block_1_6' title="bbox 363 2287 2325 2509">
    <p class='ocr_par' dir='ltr' id='par_1_7' title="bbox 363 2287 2325 2509">
     <span class='ocr_line' id='line_1_17' title="bbox 535 2287 2325 2423; baseline -0.001 -19"><span class='ocrx_word' id='word_1_104' title='bbox 535 2339 893 2423; x_wconf 78' lang='lat' dir='ltr'><strong>Pom-quoy</strong></span> <span class='ocrx_word' id='word_1_105' title='bbox 936 2287 1523 2404; x_wconf 46' lang='lat' dir='ltr'><strong>fait-ilumssnx‘ffiss&#39;</strong></span> <span class='ocrx_word' id='word_1_106' title='bbox 1554 2336 1636 2404; x_wconf 70' lang='lat'><strong>&lt;10</strong></span> <span class='ocrx_word' id='word_1_107' title='bbox 1680 2338 1822 2406; x_wconf 69' lang='lat'><strong>0012</strong></span> <span class='ocrx_word' id='word_1_108' title='bbox 1865 2359 1950 2404; x_wconf 78' lang='lat' dir='ltr'><strong>au</strong></span> <span class='ocrx_word' id='word_1_109' title='bbox 1993 2358 2325 2407; x_wconf 62' lang='lat' dir='ltr'><strong>eommun-</strong></span> 
     </span>
     <span class='ocr_line' id='line_1_18' title="bbox 363 2423 1098 2509; baseline -0.005 -17"><span class='ocrx_word' id='word_1_110' title='bbox 363 2432 624 2492; x_wconf 85' lang='lat' dir='ltr'><strong>cement</strong></span> <span class='ocrx_word' id='word_1_111' title='bbox 667 2424 748 2491; x_wconf 89' lang='lat' dir='ltr'><strong>de</strong></span> <span class='ocrx_word' id='word_1_112' title='bbox 789 2445 864 2493; x_wconf 80' lang='lat' dir='ltr'><strong>sa</strong></span> <span class='ocrx_word' id='word_1_113' title='bbox 904 2423 1098 2509; x_wconf 81' lang='lat' dir='ltr'><strong>Loy?</strong></span> 
     </span>
    </p>
   </div>
   <div class='ocr_carea' id='block_1_7' title="bbox 362 2527 2328 3098">
    <p class='ocr_par' dir='ltr' id='par_1_8' title="bbox 1212 2527 1482 2582">
     <span class='ocr_line' id='line_1_19' title="bbox 1212 2527 1482 2582; baseline 0.004 -1"><span class='ocrx_word' id='word_1_114' title='bbox 1212 2527 1482 2582; x_wconf 72' lang='lat' dir='ltr'><strong>n’nurm.</strong></span> 
     </span>
    </p>

    <p class='ocr_par' dir='ltr' id='par_1_9' title="bbox 362 2595 2328 2855">
     <span class='ocr_line' id='line_1_20' title="bbox 540 2595 2327 2681; baseline -0.002 -16"><span class='ocrx_word' id='word_1_115' title='bbox 540 2596 722 2665; x_wconf 85' lang='lat' dir='ltr'><strong>O’est</strong></span> <span class='ocrx_word' id='word_1_116' title='bbox 752 2618 923 2681; x_wconf 92' lang='lat' dir='ltr'><strong>pour</strong></span> <span class='ocrx_word' id='word_1_117' title='bbox 943 2618 1111 2663; x_wconf 91' lang='lat' dir='ltr'><strong>nous</strong></span> <span class='ocrx_word' id='word_1_118' title='bbox 1147 2595 1613 2663; x_wconf 86' lang='lat' dir='ltr'><strong>admonnester</strong></span> <span class='ocrx_word' id='word_1_119' title='bbox 1632 2596 1932 2663; x_wconf 91' lang='lat' dir='ltr'><strong>combien</strong></span> <span class='ocrx_word' id='word_1_120' title='bbox 1953 2618 2119 2663; x_wconf 88' lang='lat' dir='ltr'><strong>nous</strong></span> <span class='ocrx_word' id='word_1_121' title='bbox 2152 2615 2327 2662; x_wconf 89' lang='lat' dir='ltr'><strong>som-</strong></span> 
     </span>
     <span class='ocr_line' id='line_1_21' title="bbox 362 2682 2328 2769; baseline -0.001 -20"><span class='ocrx_word' id='word_1_122' title='bbox 362 2704 506 2749; x_wconf 88' lang='lat' dir='ltr'><strong>mes</strong></span> <span class='ocrx_word' id='word_1_123' title='bbox 544 2690 741 2750; x_wconf 85' lang='lat' dir='ltr'><strong>tenuz</strong></span> <span class='ocrx_word' id='word_1_124' title='bbox 788 2682 869 2748; x_wconf 91' lang='lat' dir='ltr'><strong>de</strong></span> <span class='ocrx_word' id='word_1_125' title='bbox 913 2704 1162 2769; x_wconf 73' lang='lat' dir='ltr'><strong>suyvre</strong></span> <span class='ocrx_word' id='word_1_126' title='bbox 1207 2704 1330 2751; x_wconf 87' lang='lat' dir='ltr'><strong>son</strong></span> <span class='ocrx_word' id='word_1_127' title='bbox 1371 2685 1504 2751; x_wconf 90' lang='lat' dir='ltr'><strong>bon</strong></span> <span class='ocrx_word' id='word_1_128' title='bbox 1548 2682 1806 2767; x_wconf 78' lang='lat' dir='ltr'><strong>plaisir,</strong></span> <span class='ocrx_word' id='word_1_129' title='bbox 1862 2690 1930 2750; x_wconf 92' lang='lat' dir='ltr'><strong>et</strong></span> <span class='ocrx_word' id='word_1_130' title='bbox 1968 2683 2182 2767; x_wconf 87' lang='lat' dir='ltr'><strong>quelle</strong></span> <span class='ocrx_word' id='word_1_131' title='bbox 2226 2684 2328 2748; x_wconf 90' lang='lat' dir='ltr'><strong>in-</strong></span> 
     </span>
     <span class='ocr_line' id='line_1_22' title="bbox 363 2768 1918 2855; baseline 0.001 -21"><span class='ocrx_word' id='word_1_132' title='bbox 363 2768 697 2855; x_wconf 81' lang='lat' dir='ltr'><strong>gratitudo</strong></span> <span class='ocrx_word' id='word_1_133' title='bbox 742 2791 814 2835; x_wconf 84' lang='grc'><strong>00</strong></span> <span class='ocrx_word' id='word_1_134' title='bbox 857 2770 1061 2836; x_wconf 87' lang='lat' dir='ltr'><strong>seroit</strong></span> <span class='ocrx_word' id='word_1_135' title='bbox 1104 2768 1187 2835; x_wconf 91' lang='lat' dir='ltr'><strong>de</strong></span> <span class='ocrx_word' id='word_1_136' title='bbox 1228 2771 1393 2837; x_wconf 89' lang='lat' dir='ltr'><strong>faire</strong></span> <span class='ocrx_word' id='word_1_137' title='bbox 1437 2768 1527 2835; x_wconf 91' lang='lat' dir='ltr'><strong>du</strong></span> <span class='ocrx_word' id='word_1_138' title='bbox 1570 2770 1918 2837; x_wconf 87' lang='lat' dir='ltr'><strong>contraire.</strong></span> 
     </span>
    </p>

    <p class='ocr_par' dir='ltr' id='par_1_10' title="bbox 1160 2892 1523 2929">
     <span class='ocr_line' id='line_1_23' title="bbox 1160 2892 1523 2929; baseline 0.006 -2"><span class='ocrx_word' id='word_1_139' title='bbox 1160 2892 1228 2927; x_wconf 73' lang='lat' dir='ltr'><strong>m</strong></span> <span class='ocrx_word' id='word_1_140' title='bbox 1262 2892 1523 2929; x_wconf 67' lang='lat' dir='ltr'><strong>mm</strong></span> 
     </span>
    </p>

    <p class='ocr_par' dir='ltr' id='par_1_11' title="bbox 536 2941 2328 3027">
     <span class='ocr_line' id='line_1_24' title="bbox 536 2941 2328 3027; baseline 0 -20"><span class='ocrx_word' id='word_1_141' title='bbox 536 2941 633 3007; x_wconf 80' lang='lat' dir='ltr'><strong>Et</strong></span> <span class='ocrx_word' id='word_1_142' title='bbox 667 2945 982 3024; x_wconf 83' lang='lat' dir='ltr'><strong>qu’est-ce</strong></span> <span class='ocrx_word' id='word_1_143' title='bbox 1017 2943 1176 3026; x_wconf 91' lang='lat' dir='ltr'><strong>qu’il</strong></span> <span class='ocrx_word' id='word_1_144' title='bbox 1219 2944 1511 3027; x_wconf 87' lang='lat' dir='ltr'><strong>requiert</strong></span> <span class='ocrx_word' id='word_1_145' title='bbox 1545 2964 1631 3009; x_wconf 89' lang='lat' dir='ltr'><strong>en</strong></span> <span class='ocrx_word' id='word_1_146' title='bbox 1666 2963 1916 3009; x_wconf 85' lang='lat' dir='ltr'><strong>somme</strong></span> <span class='ocrx_word' id='word_1_147' title='bbox 1950 2963 2038 3008; x_wconf 82' lang='lat' dir='ltr'><strong>en</strong></span> <span class='ocrx_word' id='word_1_148' title='bbox 2071 2962 2145 3009; x_wconf 89' lang='lat' dir='ltr'><strong>oe</strong></span> <span class='ocrx_word' id='word_1_149' title='bbox 2180 2961 2328 3025; x_wconf 90' lang='lat' dir='ltr'><strong>pre-</strong></span> 
     </span>
    </p>

    <p class='ocr_par' dir='ltr' id='par_1_12' title="bbox 362 3027 1188 3098">
     <span class='ocr_line' id='line_1_25' title="bbox 362 3027 1188 3098; baseline 0 -6"><span class='ocrx_word' id='word_1_150' title='bbox 362 3027 533 3093; x_wconf 88' lang='lat' dir='ltr'><strong>mier</strong></span> <span class='ocrx_word' id='word_1_151' title='bbox 575 3027 1188 3098; x_wconf 75' lang='lat' dir='ltr'><strong>commandement?</strong></span> 
     </span>
    </p>
   </div>
   <div class='ocr_carea' id='block_1_8' title="bbox 361 3132 2331 3444">
    <p class='ocr_par' dir='ltr' id='par_1_13' title="bbox 361 3132 2331 3444">
     <span class='ocr_line' id='line_1_26' title="bbox 540 3132 2330 3288; baseline 0.003 -24"><span class='ocrx_word' id='word_1_152' title='bbox 540 3204 659 3279; x_wconf 85' lang='lat' dir='ltr'><strong>[fol.</strong></span> <span class='ocrx_word' id='word_1_153' title='bbox 699 3204 808 3281; x_wconf 83' lang='lat'><strong>26]</strong></span> <span class='ocrx_word' id='word_1_154' title='bbox 873 3185 1023 3283; x_wconf 80' lang='lat' dir='ltr'><strong>Que</strong></span> <span class='ocrx_word' id='word_1_155' title='bbox 1090 3132 1865 3286; x_wconf 42' lang='lat' dir='ltr'><strong>noussnlbss&#39;roservions</strong></span> <span class='ocrx_word' id='word_1_156' title='bbox 1921 3210 1964 3267; x_wconf 83' lang='lat' dir='ltr'><strong>a</strong></span> <span class='ocrx_word' id='word_1_157' title='bbox 2014 3201 2131 3288; x_wconf 80' lang='lat' dir='ltr'><strong>luy</strong></span> <span class='ocrx_word' id='word_1_158' title='bbox 2186 3200 2330 3269; x_wconf 88' lang='lat' dir='ltr'><strong>seul</strong></span> 
     </span>
     <span class='ocr_line' id='line_1_27' title="bbox 361 3285 2331 3444; baseline 0.002 -93"><span class='ocrx_word' id='word_1_159' title='bbox 361 3285 721 3444; x_wconf 46' lang='lat' dir='ltr'><strong>fficznlqgur</strong></span> <span class='ocrx_word' id='word_1_160' title='bbox 773 3286 890 3372; x_wconf 89' lang='lat' dir='ltr'><strong>qui</strong></span> <span class='ocrx_word' id='word_1_161' title='bbox 952 3285 1071 3374; x_wconf 82' lang='lat' dir='ltr'><strong>luy</strong></span> <span class='ocrx_word' id='word_1_162' title='bbox 1124 3287 1524 3370; x_wconf 86' lang='lat' dir='ltr'><strong>appartient,</strong></span> <span class='ocrx_word' id='word_1_163' title='bbox 1591 3310 1747 3354; x_wconf 87' lang='lat' dir='ltr'><strong>sans</strong></span> <span class='ocrx_word' id='word_1_164' title='bbox 1800 3288 1865 3354; x_wconf 90' lang='lat' dir='ltr'><strong>le</strong></span> <span class='ocrx_word' id='word_1_165' title='bbox 1917 3294 2331 3416; x_wconf 79' lang='lat' dir='ltr'><strong>transportet</strong></span> 
     </span>
    </p>
   </div>
   <div class='ocr_carea' id='block_1_9' title="bbox 539 3494 2100 3631">
    <p class='ocr_par' dir='ltr' id='par_1_14' title="bbox 539 3494 2100 3631">
     <span class='ocr_line' id='line_1_28' title="bbox 539 3494 2100 3631; baseline 0 -21"><span class='ocrx_word' id='word_1_166' title='bbox 539 3543 714 3627; x_wconf 80' lang='lat' dir='ltr'><strong>Quel</strong></span> <span class='ocrx_word' id='word_1_167' title='bbox 755 3543 1061 3610; x_wconf 79' lang='lat' dir='ltr'><strong>honneur</strong></span> <span class='ocrx_word' id='word_1_168' title='bbox 1105 3494 1512 3627; x_wconf 50' lang='grc' dir='ltr'>«10ῗέ111111.</span> <span class='ocrx_word' id='word_1_169' title='bbox 1506 3515 1628 3631; x_wconf 76' lang='lat' dir='ltr'><strong>luy</strong></span> <span class='ocrx_word' id='word_1_170' title='bbox 1672 3552 1774 3612; x_wconf 89' lang='lat' dir='ltr'><strong>est</strong></span> <span class='ocrx_word' id='word_1_171' title='bbox 1813 3543 2100 3630; x_wconf 75' lang='lat' dir='ltr'><strong>propre?</strong></span> 
     </span>
    </p>
   </div>
   <div class='ocr_carea' id='block_1_10' title="bbox 357 3732 2329 4056">
    <p class='ocr_par' dir='ltr' id='par_1_15' title="bbox 357 3732 2329 4056">
     <span class='ocr_line' id='line_1_29' title="bbox 537 3732 2328 3886; baseline 0.003 -20"><span class='ocrx_word' id='word_1_172' title='bbox 537 3799 645 3866; x_wconf 85' lang='lat' dir='ltr'><strong>De</strong></span> <span class='ocrx_word' id='word_1_173' title='bbox 704 3800 986 3867; x_wconf 88' lang='lat' dir='ltr'><strong>l’adorer</strong></span> <span class='ocrx_word' id='word_1_174' title='bbox 1037 3800 1106 3866; x_wconf 92' lang='lat' dir='ltr'><strong>lu</strong></span> <span class='ocrx_word' id='word_1_175' title='bbox 1198 3732 1820 3886; x_wconf 38' lang='lat' dir='ltr'><strong>Jeffiffsslnvoquer,</strong></span> <span class='ocrx_word' id='word_1_176' title='bbox 1879 3805 2063 3872; x_wconf 83' lang='lat' dir='ltr'><strong>avoir</strong></span> <span class='ocrx_word' id='word_1_177' title='bbox 2105 3810 2328 3872; x_wconf 88' lang='lat' dir='ltr'><strong>nostre</strong></span> 
     </span>
     <span class='ocr_line' id='line_1_30' title="bbox 357 3886 2329 3976; baseline 0.001 -21"><span class='ocrx_word' id='word_1_178' title='bbox 357 3890 572 3955; x_wconf 82' lang='lat' dir='ltr'><strong>fiance</strong></span> <span class='ocrx_word' id='word_1_179' title='bbox 615 3911 698 3954; x_wconf 91' lang='lat' dir='ltr'><strong>en</strong></span> <span class='ocrx_word' id='word_1_180' title='bbox 742 3887 889 3974; x_wconf 83' lang='lat' dir='ltr'><strong>luy:</strong></span> <span class='ocrx_word' id='word_1_181' title='bbox 935 3894 1003 3953; x_wconf 90' lang='lat' dir='ltr'><strong>et</strong></span> <span class='ocrx_word' id='word_1_182' title='bbox 1023 3895 1112 3954; x_wconf 86' lang='lat' dir='ltr'><strong>-te</strong></span> <span class='ocrx_word' id='word_1_183' title='bbox 1166 3908 1236 3953; x_wconf 86' lang='lat' dir='ltr'><strong>es</strong></span> <span class='ocrx_word' id='word_1_184' title='bbox 1279 3886 1510 3954; x_wconf 88' lang='lat' dir='ltr'><strong>choses</strong></span> <span class='ocrx_word' id='word_1_185' title='bbox 1555 3889 1975 3972; x_wconf 79' lang='lat' dir='ltr'><strong>semblables,</strong></span> <span class='ocrx_word' id='word_1_186' title='bbox 2023 3891 2133 3976; x_wconf 92' lang='lat' dir='ltr'><strong>qui</strong></span> <span class='ocrx_word' id='word_1_187' title='bbox 2177 3898 2329 3959; x_wconf 86' lang='lat' dir='ltr'><strong>sont</strong></span> 
     </span>
     <span class='ocr_line' id='line_1_31' title="bbox 362 3974 1265 4056; baseline -0.003 -14"><span class='ocrx_word' id='word_1_188' title='bbox 362 3974 724 4042; x_wconf 82' lang='lat' dir='ltr'><strong>attribuees</strong></span> <span class='ocrx_word' id='word_1_189' title='bbox 771 3980 813 4039; x_wconf 80' lang='lat' dir='ltr'><strong>a</strong></span> <span class='ocrx_word' id='word_1_190' title='bbox 852 3995 928 4039; x_wconf 86' lang='lat' dir='ltr'><strong>sa</strong></span> <span class='ocrx_word' id='word_1_191' title='bbox 970 3974 1265 4056; x_wconf 72' lang='lat' dir='ltr'><strong>Maieste.</strong></span> 
     </span>
    </p>
   </div>
   <div class='ocr_carea' id='block_1_11' title="bbox 1164 4095 1525 4132">
    <p class='ocr_par' dir='ltr' id='par_1_16' title="bbox 1164 4095 1525 4132">
     <span class='ocr_line' id='line_1_32' title="bbox 1164 4095 1525 4132; baseline 0.003 -1"><span class='ocrx_word' id='word_1_192' title='bbox 1164 4096 1231 4131; x_wconf 76' lang='lat' dir='ltr'><strong>m</strong></span> <span class='ocrx_word' id='word_1_193' title='bbox 1265 4095 1525 4132; x_wconf 68' lang='lat' dir='ltr'><strong>mmm·</strong></span> 
     </span>
    </p>
   </div>
   <div class='ocr_carea' id='block_1_12' title="bbox 538 4145 1817 4232">
    <p class='ocr_par' dir='ltr' id='par_1_17' title="bbox 538 4145 1817 4232">
     <span class='ocr_line' id='line_1_33' title="bbox 538 4145 1817 4232; baseline -0.002 -19"><span class='ocrx_word' id='word_1_194' title='bbox 538 4147 891 4232; x_wconf 81' lang='lat' dir='ltr'><strong>Pourquoy</strong></span> <span class='ocrx_word' id='word_1_195' title='bbox 938 4145 1144 4212; x_wconf 86' lang='lat' dir='ltr'><strong>dit-il:</strong></span> <span class='ocrx_word' id='word_1_196' title='bbox 1192 4145 1440 4213; x_wconf 82' lang='lat' dir='ltr'><strong>devant</strong></span> <span class='ocrx_word' id='word_1_197' title='bbox 1480 4167 1591 4212; x_wconf 90' lang='lat' dir='ltr'><strong>ma</strong></span> <span class='ocrx_word' id='word_1_198' title='bbox 1632 4147 1772 4214; x_wconf 85' lang='lat' dir='ltr'><strong>face</strong></span> <span class='ocrx_word' id='word_1_199' title='bbox 1786 4146 1817 4210; x_wconf 73' lang='grc' dir='ltr'><em>Ἰ</em></span> 
     </span>
    </p>
   </div>
   <div class='ocr_carea' id='block_1_13' title="bbox 357 4335 2332 4815">
    <p class='ocr_par' dir='ltr' id='par_1_18' title="bbox 1213 4335 1480 4390">
     <span class='ocr_line' id='line_1_34' title="bbox 1213 4335 1480 4390; baseline 0.004 -2"><span class='ocrx_word' id='word_1_200' title='bbox 1213 4335 1480 4390; x_wconf 68' lang='lat' dir='ltr'><strong>n’mm.</strong></span> 
     </span>
    </p>

    <p class='ocr_par' dir='ltr' id='par_1_19' title="bbox 357 4402 2332 4815">
     <span class='ocr_line' id='line_1_35' title="bbox 539 4402 2332 4486; baseline 0.002 -17"><span class='ocrx_word' id='word_1_201' title='bbox 539 4404 864 4469; x_wconf 85' lang='lat' dir='ltr'><strong>D’autant</strong></span> <span class='ocrx_word' id='word_1_202' title='bbox 928 4402 1086 4486; x_wconf 92' lang='lat' dir='ltr'><strong>qu&#39;il</strong></span> <span class='ocrx_word' id='word_1_203' title='bbox 1141 4405 1281 4469; x_wconf 84' lang='lat' dir='ltr'><strong>voit</strong></span> <span class='ocrx_word' id='word_1_204' title='bbox 1337 4411 1405 4468; x_wconf 91' lang='lat' dir='ltr'><strong>et</strong></span> <span class='ocrx_word' id='word_1_205' title='bbox 1458 4426 1581 4471; x_wconf 88' lang='lat' dir='ltr'><strong>con</strong></span> <span class='ocrx_word' id='word_1_206' title='bbox 1676 4406 1803 4470; x_wconf 90' lang='lat' dir='ltr'><strong>oist</strong></span> <span class='ocrx_word' id='word_1_207' title='bbox 1860 4411 2031 4486; x_wconf 89' lang='lat' dir='ltr'><strong>tout,</strong></span> <span class='ocrx_word' id='word_1_208' title='bbox 2100 4412 2165 4472; x_wconf 90' lang='lat' dir='ltr'><strong>et</strong></span> <span class='ocrx_word' id='word_1_209' title='bbox 2229 4413 2332 4472; x_wconf 92' lang='lat' dir='ltr'><strong>est</strong></span> 
     </span>
     <span class='ocr_line' id='line_1_36' title="bbox 359 4487 2330 4578; baseline 0.002 -23"><span class='ocrx_word' id='word_1_210' title='bbox 359 4489 536 4574; x_wconf 86' lang='lat' dir='ltr'><strong>Iuge</strong></span> <span class='ocrx_word' id='word_1_211' title='bbox 578 4487 691 4555; x_wconf 88' lang='lat' dir='ltr'><strong>des</strong></span> <span class='ocrx_word' id='word_1_212' title='bbox 735 4496 1050 4555; x_wconf 87' lang='lat' dir='ltr'><strong>secret-tes</strong></span> <span class='ocrx_word' id='word_1_213' title='bbox 1106 4500 1381 4572; x_wconf 83' lang='lat' dir='ltr'><strong>pensees</strong></span> <span class='ocrx_word' id='word_1_214' title='bbox 1425 4490 1538 4558; x_wconf 89' lang='lat' dir='ltr'><strong>des</strong></span> <span class='ocrx_word' id='word_1_215' title='bbox 1639 4512 1912 4557; x_wconf 86' lang='lat' dir='ltr'><strong>ommes:</strong></span> <span class='ocrx_word' id='word_1_216' title='bbox 1970 4491 2019 4557; x_wconf 91' lang='lat' dir='ltr'><strong>il</strong></span> <span class='ocrx_word' id='word_1_217' title='bbox 2072 4492 2330 4578; x_wconf 89' lang='lat' dir='ltr'><strong>signifie</strong></span> 
     </span>
     <span class='ocr_line' id='line_1_37' title="bbox 359 4575 2332 4660; baseline 0.001 -18"><span class='ocrx_word' id='word_1_218' title='bbox 359 4596 493 4660; x_wconf 89' lang='lat' dir='ltr'><strong>que</strong></span> <span class='ocrx_word' id='word_1_219' title='bbox 537 4597 672 4640; x_wconf 92' lang='lat' dir='ltr'><strong>non</strong></span> <span class='ocrx_word' id='word_1_220' title='bbox 706 4575 1069 4641; x_wconf 83' lang='lat' dir='ltr'><strong>seulement</strong></span> <span class='ocrx_word' id='word_1_221' title='bbox 1088 4597 1224 4658; x_wconf 81' lang='lat' dir='ltr'><strong>par</strong></span> <span class='ocrx_word' id='word_1_222' title='bbox 1259 4578 1622 4644; x_wconf 78' lang='lat' dir='ltr'><strong>confession</strong></span> <span class='ocrx_word' id='word_1_223' title='bbox 1661 4578 2029 4645; x_wconf 81' lang='lat' dir='ltr'><strong>exterieure</strong></span> <span class='ocrx_word' id='word_1_224' title='bbox 2064 4579 2111 4644; x_wconf 88' lang='lat' dir='ltr'><strong>il</strong></span> <span class='ocrx_word' id='word_1_225' title='bbox 2147 4579 2332 4646; x_wconf 88' lang='lat' dir='ltr'><strong>veult</strong></span> 
     </span>
     <span class='ocr_line' id='line_1_38' title="bbox 361 4658 2329 4749; baseline 0.002 -20"><span class='ocrx_word' id='word_1_226' title='bbox 361 4669 544 4729; x_wconf 83' lang='lat' dir='ltr'><strong>estre</strong></span> <span class='ocrx_word' id='word_1_227' title='bbox 598 4658 849 4728; x_wconf 82' lang='lat' dir='ltr'><strong>advoue</strong></span> <span class='ocrx_word' id='word_1_228' title='bbox 903 4660 1112 4727; x_wconf 87' lang='lat' dir='ltr'><strong>Dieu:</strong></span> <span class='ocrx_word' id='word_1_229' title='bbox 1163 4664 1331 4729; x_wconf 88' lang='lat' dir='ltr'><strong>mais</strong></span> <span class='ocrx_word' id='word_1_230' title='bbox 1388 4664 1562 4730; x_wconf 90' lang='lat' dir='ltr'><strong>aussi</strong></span> <span class='ocrx_word' id='word_1_231' title='bbox 1619 4685 1704 4729; x_wconf 91' lang='lat' dir='ltr'><strong>en</strong></span> <span class='ocrx_word' id='word_1_232' title='bbox 1756 4685 1921 4749; x_wconf 89' lang='lat' dir='ltr'><strong>pure</strong></span> <span class='ocrx_word' id='word_1_233' title='bbox 1965 4665 2203 4746; x_wconf 72' lang='lat' dir='ltr'><strong>verite,</strong></span> <span class='ocrx_word' id='word_1_234' title='bbox 2260 4671 2329 4732; x_wconf 92' lang='lat' dir='ltr'><strong>et</strong></span> 
     </span>
     <span class='ocr_line' id='line_1_39' title="bbox 357 4746 1058 4815; baseline -0.001 0"><span class='ocrx_word' id='word_1_235' title='bbox 357 4748 671 4815; x_wconf 84' lang='lat' dir='ltr'><strong>affection</strong></span> <span class='ocrx_word' id='word_1_236' title='bbox 714 4746 795 4814; x_wconf 89' lang='lat' dir='ltr'><strong>de</strong></span> <span class='ocrx_word' id='word_1_237' title='bbox 838 4770 1058 4814; x_wconf 90' lang='lat' dir='ltr'><strong>cueur.</strong></span> 
     </span>
    </p>
   </div>
   <div class='ocr_carea' id='block_1_14' title="bbox 541 4854 1701 5005">
    <p class='ocr_par' dir='ltr' id='par_1_20' title="bbox 541 4854 1701 5005">
     <span class='ocr_line' id='line_1_40' title="bbox 541 4854 1701 5005; baseline 0.005 -22"><span class='ocrx_word' id='word_1_238' title='bbox 541 4917 657 5005; x_wconf 82' lang='lat' dir='ltr'><strong>Dy</strong></span> <span class='ocrx_word' id='word_1_239' title='bbox 698 4919 764 4985; x_wconf 91' lang='lat' dir='ltr'><strong>le</strong></span> <span class='ocrx_word' id='word_1_240' title='bbox 807 4919 1048 4986; x_wconf 89' lang='lat' dir='ltr'><strong>second</strong></span> <span class='ocrx_word' id='word_1_241' title='bbox 1093 4854 1701 4989; x_wconf 48' lang='lat' dir='ltr'><strong>Ondmutlffdnndeiiient.</strong></span> 
     </span>
    </p>
   </div>
   <div class='ocr_carea' id='block_1_15' title="bbox 2377 4413 2386 4698">
    <p class='ocr_par' dir='ltr' id='par_1_21' title="bbox 2377 4413 2386 4698">
     <span class='ocr_line' id='line_1_41' title="bbox 2377 4413 2386 4698; baseline 0 0"><span class='ocrx_word' id='word_1_242' title='bbox 2377 4413 2386 4698; x_wconf 95' lang='lat' dir='ltr'><strong> </strong></span> 
     </span>
    </p>
   </div>
   <div class='ocr_carea' id='block_1_16' title="bbox 2373 4703 2385 5010">
    <p class='ocr_par' dir='ltr' id='par_1_22' title="bbox 2373 4703 2385 5010">
     <span class='ocr_line' id='line_1_42' title="bbox 2373 4703 2385 5010; baseline 0 1169"><span class='ocrx_word' id='word_1_243' title='bbox 2373 4703 2385 5010; x_wconf 95' lang='lat' dir='ltr'><strong> </strong></span> 
     </span>
    </p>
   </div>
   <div class='ocr_carea' id='block_1_17' title="bbox 3312 650 3463 686">
    <p class='ocr_par' dir='ltr' id='par_1_23' title="bbox 3312 650 3463 686">
     <span class='ocr_line' id='line_1_43' title="bbox 3312 650 3463 686; baseline 0.013 -2"><span class='ocrx_word' id='word_1_244' title='bbox 3312 650 3463 686; x_wconf 72' lang='lat' dir='ltr'><strong>PUER·</strong></span> 
     </span>
    </p>
   </div>
   <div class='ocr_carea' id='block_1_18' title="bbox 2580 699 4374 785">
    <p class='ocr_par' dir='ltr' id='par_1_24' title="bbox 2580 699 4374 785">
     <span class='ocr_line' id='line_1_44' title="bbox 2580 699 4374 785; baseline 0.001 -19"><span class='ocrx_word' id='word_1_245' title='bbox 2580 699 2786 766; x_wconf 88' lang='lat' dir='ltr'><strong>Initio</strong></span> <span class='ocrx_word' id='word_1_246' title='bbox 2840 699 3124 783; x_wconf 87' lang='lat' dir='ltr'><strong>quadam</strong></span> <span class='ocrx_word' id='word_1_247' title='bbox 3180 700 3390 767; x_wconf 80' lang='lat' dir='ltr'><strong>veluti</strong></span> <span class='ocrx_word' id='word_1_248' title='bbox 3444 701 3846 785; x_wconf 69' lang='lat' dir='ltr'><strong>praefatione</strong></span> <span class='ocrx_word' id='word_1_249' title='bbox 3899 702 4110 768; x_wconf 89' lang='lat' dir='ltr'><strong>utitur</strong></span> <span class='ocrx_word' id='word_1_250' title='bbox 4151 701 4226 767; x_wconf 91' lang='lat' dir='ltr'><strong>in</strong></span> <span class='ocrx_word' id='word_1_251' title='bbox 4270 706 4374 767; x_wconf 89' lang='lat' dir='ltr'><strong>to·</strong></span> 
     </span>
    </p>
   </div>
   <div class='ocr_carea' id='block_1_19' title="bbox 1131 786 4509 1390">
    <p class='ocr_par' dir='ltr' id='par_1_25' title="bbox 1131 786 4509 1390">
     <span class='ocr_line' id='line_1_45' title="bbox 1131 786 4373 871; baseline -0.001 -16"><span class='ocrx_word' id='word_1_252' title='bbox 1131 787 1265 855; x_wconf 85' lang='lat' dir='ltr'><strong>Gar</strong></span> <span class='ocrx_word' id='word_1_253' title='bbox 1317 788 1365 853; x_wconf 91' lang='lat' dir='ltr'><strong>il</strong></span> <span class='ocrx_word' id='word_1_254' title='bbox 1433 787 1775 855; x_wconf 87' lang='lat' dir='ltr'><strong>s’attribue</strong></span> <span class='ocrx_word' id='word_1_255' title='bbox 1841 789 2171 854; x_wconf 81' lang='lat' dir='ltr'><strong>authorite</strong></span> <span class='ocrx_word' id='word_1_256' title='bbox 2226 787 2308 853; x_wconf 90' lang='lat' dir='ltr'><strong>de</strong></span> <span class='ocrx_word' id='word_1_257' title='bbox 2408 793 2549 854; x_wconf 88' lang='lat' dir='ltr'><strong>tam</strong></span> <span class='ocrx_word' id='word_1_258' title='bbox 2568 787 2801 871; x_wconf 84' lang='lat' dir='ltr'><strong>legem.</strong></span> <span class='ocrx_word' id='word_1_259' title='bbox 2847 786 3024 853; x_wconf 89' lang='lat' dir='ltr'><strong>Nam</strong></span> <span class='ocrx_word' id='word_1_260' title='bbox 3048 807 3252 871; x_wconf 91' lang='lat' dir='ltr'><strong>quum</strong></span> <span class='ocrx_word' id='word_1_261' title='bbox 3284 786 3606 854; x_wconf 81' lang='lat' dir='ltr'><strong>Iehovam</strong></span> <span class='ocrx_word' id='word_1_262' title='bbox 3643 809 3712 854; x_wconf 86' lang='lat' dir='ltr'><strong>se</strong></span> <span class='ocrx_word' id='word_1_263' title='bbox 3746 789 4064 867; x_wconf 90' lang='lat' dir='ltr'><strong>nominat,</strong></span> <span class='ocrx_word' id='word_1_264' title='bbox 4101 788 4209 854; x_wconf 88' lang='lat' dir='ltr'><strong>ius</strong></span> <span class='ocrx_word' id='word_1_265' title='bbox 4245 787 4373 854; x_wconf 87' lang='lat' dir='ltr'><strong>sibi</strong></span> 
     </span>
     <span class='ocr_line' id='line_1_46' title="bbox 2409 873 3629 943; baseline -0.003 0"><span class='ocrx_word' id='word_1_266' title='bbox 2409 873 2722 943; x_wconf 84' lang='lat' dir='ltr'><strong>vendicat</strong></span> <span class='ocrx_word' id='word_1_267' title='bbox 2764 878 2833 938; x_wconf 90' lang='lat' dir='ltr'><strong>et</strong></span> <span class='ocrx_word' id='word_1_268' title='bbox 2874 874 3296 939; x_wconf 82' lang='lat' dir='ltr'><strong>autoritatem</strong></span> <span class='ocrx_word' id='word_1_269' title='bbox 3345 874 3629 940; x_wconf 88' lang='lat' dir='ltr'><strong>iubendi.</strong></span> 
     </span>
     <span class='ocr_line' id='line_1_47' title="bbox 2413 958 4509 1043; baseline -0.001 -16"><span class='ocrx_word' id='word_1_270' title='bbox 2413 980 2571 1028; x_wconf 87' lang='lat' dir='ltr'><strong>suae</strong></span> <span class='ocrx_word' id='word_1_271' title='bbox 2623 960 2910 1043; x_wconf 85' lang='lat' dir='ltr'><strong>gratiam</strong></span> <span class='ocrx_word' id='word_1_272' title='bbox 2955 958 3128 1042; x_wconf 90' lang='lat' dir='ltr'><strong>apud</strong></span> <span class='ocrx_word' id='word_1_273' title='bbox 3184 981 3306 1025; x_wconf 90' lang='lat' dir='ltr'><strong>nos</strong></span> <span class='ocrx_word' id='word_1_274' title='bbox 3366 959 3693 1040; x_wconf 77' lang='lat' dir='ltr'><strong>conciliet,</strong></span> <span class='ocrx_word' id='word_1_275' title='bbox 3754 960 3936 1026; x_wconf 86' lang='lat' dir='ltr'><strong>addit</strong></span> <span class='ocrx_word' id='word_1_276' title='bbox 3951 1012 3968 1040; x_wconf 94' lang='lat'><strong>,</strong></span> <span class='ocrx_word' id='word_1_277' title='bbox 4024 983 4098 1037; x_wconf 84' lang='lat' dir='ltr'><strong>se</strong></span> <span class='ocrx_word' id='word_1_278' title='bbox 4152 960 4376 1025; x_wconf 92' lang='lat' dir='ltr'><strong>Deum</strong></span> <span class='ocrx_word' id='word_1_279' title='bbox 4505 1036 4509 1043; x_wconf 38' lang='lat'>‚</span> 
     </span>
     <span class='ocr_line' id='line_1_48' title="bbox 2415 1045 4375 1126; baseline -0.001 -14"><span class='ocrx_word' id='word_1_280' title='bbox 2415 1067 2559 1112; x_wconf 88' lang='lat' dir='ltr'><strong>esse</strong></span> <span class='ocrx_word' id='word_1_281' title='bbox 2604 1052 2924 1111; x_wconf 90' lang='lat' dir='ltr'><strong>nostrum.</strong></span> <span class='ocrx_word' id='word_1_282' title='bbox 3012 1046 3302 1113; x_wconf 89' lang='lat' dir='ltr'><strong>Perinde</strong></span> <span class='ocrx_word' id='word_1_283' title='bbox 3343 1046 3523 1112; x_wconf 86' lang='lat' dir='ltr'><strong>enim</strong></span> <span class='ocrx_word' id='word_1_284' title='bbox 3558 1047 3784 1113; x_wconf 80' lang='lat' dir='ltr'><strong>valent</strong></span> <span class='ocrx_word' id='word_1_285' title='bbox 3829 1047 3994 1114; x_wconf 90' lang='lat' dir='ltr'><strong>haec</strong></span> <span class='ocrx_word' id='word_1_286' title='bbox 4032 1045 4252 1126; x_wconf 84' lang='lat' dir='ltr'><strong>verba,</strong></span> <span class='ocrx_word' id='word_1_287' title='bbox 4298 1066 4375 1111; x_wconf 88' lang='lat' dir='ltr'><strong>ac</strong></span> 
     </span>
     <span class='ocr_line' id='line_1_49' title="bbox 2415 1134 3714 1199; baseline -0.001 -1"><span class='ocrx_word' id='word_1_288' title='bbox 2415 1134 2476 1198; x_wconf 88' lang='lat' dir='ltr'><strong>si</strong></span> <span class='ocrx_word' id='word_1_289' title='bbox 2520 1138 2925 1199; x_wconf 86' lang='lat' dir='ltr'><strong>servatorem</strong></span> <span class='ocrx_word' id='word_1_290' title='bbox 2970 1138 3271 1198; x_wconf 87' lang='lat' dir='ltr'><strong>nostrum</strong></span> <span class='ocrx_word' id='word_1_291' title='bbox 3316 1153 3386 1199; x_wconf 92' lang='lat' dir='ltr'><strong>se</strong></span> <span class='ocrx_word' id='word_1_292' title='bbox 3430 1142 3714 1198; x_wconf 87' lang='lat' dir='ltr'><strong>vocaret.</strong></span> 
     </span>
     <span class='ocr_line' id='line_1_50' title="bbox 2415 1217 4377 1304; baseline -0.001 -20"><span class='ocrx_word' id='word_1_293' title='bbox 2415 1220 2652 1285; x_wconf 80' lang='lat' dir='ltr'><strong>neficio</strong></span> <span class='ocrx_word' id='word_1_294' title='bbox 2689 1239 2893 1302; x_wconf 90' lang='lat' dir='ltr'><strong>quum</strong></span> <span class='ocrx_word' id='word_1_295' title='bbox 2935 1239 3054 1284; x_wconf 86' lang='lat' dir='ltr'><strong>nos</strong></span> <span class='ocrx_word' id='word_1_296' title='bbox 3095 1217 3423 1304; x_wconf 83' lang='lat' dir='ltr'><strong>dignatur,</strong></span> <span class='ocrx_word' id='word_1_297' title='bbox 3441 1222 3500 1301; x_wconf 78' lang='lat'><strong>²)</strong></span> <span class='ocrx_word' id='word_1_298' title='bbox 3540 1240 3661 1302; x_wconf 90' lang='lat' dir='ltr'><strong>par</strong></span> <span class='ocrx_word' id='word_1_299' title='bbox 3704 1225 3820 1299; x_wconf 89' lang='lat' dir='ltr'><strong>est,</strong></span> <span class='ocrx_word' id='word_1_300' title='bbox 3865 1227 3942 1283; x_wconf 90' lang='lat' dir='ltr'><strong>ut</strong></span> <span class='ocrx_word' id='word_1_301' title='bbox 3975 1239 4095 1284; x_wconf 88' lang='lat' dir='ltr'><strong>nos</strong></span> <span class='ocrx_word' id='word_1_302' title='bbox 4137 1217 4236 1283; x_wconf 86' lang='lat' dir='ltr'><strong>ini</strong></span> <span class='ocrx_word' id='word_1_303' title='bbox 4279 1217 4377 1283; x_wconf 81' lang='lat' dir='ltr'><strong>vi-</strong></span> 
     </span>
     <span class='ocr_line' id='line_1_51' title="bbox 2418 1303 4103 1390; baseline -0.001 -19"><span class='ocrx_word' id='word_1_304' title='bbox 2418 1306 2638 1371; x_wconf 85' lang='lat' dir='ltr'><strong>cissim</strong></span> <span class='ocrx_word' id='word_1_305' title='bbox 2675 1303 3107 1371; x_wconf 82' lang='lat' dir='ltr'><strong>exhibeamus</strong></span> <span class='ocrx_word' id='word_1_306' title='bbox 3149 1305 3222 1370; x_wconf 91' lang='lat' dir='ltr'><strong>in</strong></span> <span class='ocrx_word' id='word_1_307' title='bbox 3255 1305 3574 1390; x_wconf 82' lang='lat' dir='ltr'><strong>populum</strong></span> <span class='ocrx_word' id='word_1_308' title='bbox 3617 1305 4103 1389; x_wconf 87' lang='lat' dir='ltr'><strong>obsequentem.</strong></span> 
     </span>
    </p>
   </div>
   <div class='ocr_carea' id='block_1_20' title="bbox 3718 872 4374 958">
    <p class='ocr_par' dir='ltr' id='par_1_26' title="bbox 3718 872 4374 958">
     <span class='ocr_line' id='line_1_52' title="bbox 3718 872 4374 958; baseline -0.002 -20"><span class='ocrx_word' id='word_1_309' title='bbox 3718 873 4009 953; x_wconf 89' lang='lat' dir='ltr'><strong>Deinde,</strong></span> <span class='ocrx_word' id='word_1_310' title='bbox 4055 894 4184 958; x_wconf 90' lang='lat' dir='ltr'><strong>quo</strong></span> <span class='ocrx_word' id='word_1_311' title='bbox 4237 872 4374 958; x_wconf 86' lang='lat' dir='ltr'><strong>legi</strong></span> 
     </span>
    </p>
   </div>
   <div class='ocr_carea' id='block_1_21' title="bbox 3804 1131 4376 1198">
    <p class='ocr_par' dir='ltr' id='par_1_27' title="bbox 3804 1131 4376 1198">
     <span class='ocr_line' id='line_1_53' title="bbox 3804 1131 4376 1198; baseline -0.002 -1"><span class='ocrx_word' id='word_1_312' title='bbox 3804 1133 3953 1198; x_wconf 86' lang='lat' dir='ltr'><strong>Hoc</strong></span> <span class='ocrx_word' id='word_1_313' title='bbox 3997 1141 4220 1198; x_wconf 90' lang='lat' dir='ltr'><strong>autem</strong></span> <span class='ocrx_word' id='word_1_314' title='bbox 4261 1131 4376 1197; x_wconf 93' lang='lat' dir='ltr'><strong>be-</strong></span> 
     </span>
    </p>
   </div>
   <div class='ocr_carea' id='block_1_22' title="bbox 2593 1426 4381 1560">
    <p class='ocr_par' dir='ltr' id='par_1_28' title="bbox 2593 1426 4381 1560">
     <span class='ocr_line' id='line_1_54' title="bbox 2593 1426 4381 1560; baseline -0.001 -20"><span class='ocrx_word' id='word_1_315' title='bbox 2593 1475 2850 1543; x_wconf 83' lang='lat' dir='ltr'><strong>Verum</strong></span> <span class='ocrx_word' id='word_1_316' title='bbox 2863 1529 2880 1556; x_wconf 92' lang='lat'><strong>,</strong></span> <span class='ocrx_word' id='word_1_317' title='bbox 2941 1476 3115 1560; x_wconf 92' lang='lat' dir='ltr'><strong>quod</strong></span> <span class='ocrx_word' id='word_1_318' title='bbox 3169 1426 3613 1543; x_wconf 46' lang='grc' dir='ltr'><strong>οοηιήῗὲιῖἔιᾶο</strong></span> <span class='ocrx_word' id='word_1_319' title='bbox 3669 1476 4054 1543; x_wconf 87' lang='lat' dir='ltr'><strong>liberatione</strong></span> <span class='ocrx_word' id='word_1_320' title='bbox 4098 1475 4381 1553; x_wconf 88' lang='lat' dir='ltr'><strong>subiicit,</strong></span> 
     </span>
    </p>
   </div>
   <div class='ocr_carea' id='block_1_23' title="bbox 2421 1561 4396 2324">
    <p class='ocr_par' dir='ltr' id='par_1_29' title="bbox 2421 1561 4383 1820">
     <span class='ocr_line' id='line_1_55' title="bbox 2424 1561 4383 1649; baseline -0.002 -19"><span class='ocrx_word' id='word_1_321' title='bbox 2424 1570 2491 1630; x_wconf 92' lang='lat' dir='ltr'><strong>et</strong></span> <span class='ocrx_word' id='word_1_322' title='bbox 2534 1564 2744 1629; x_wconf 73' lang='lat' dir='ltr'><strong>fracto</strong></span> <span class='ocrx_word' id='word_1_323' title='bbox 2796 1564 2953 1648; x_wconf 89' lang='lat' dir='ltr'><strong>iugo</strong></span> <span class='ocrx_word' id='word_1_324' title='bbox 2997 1562 3337 1630; x_wconf 79' lang='lat' dir='ltr'><strong>servitutis</strong></span> <span class='ocrx_word' id='word_1_325' title='bbox 3382 1563 3807 1649; x_wconf 75' lang='lat' dir='ltr'><strong>aegyptiacae</strong></span> <span class='ocrx_word' id='word_1_326' title='bbox 3821 1615 3838 1643; x_wconf 94' lang='lat'><strong>,</strong></span> <span class='ocrx_word' id='word_1_327' title='bbox 3895 1584 4121 1628; x_wconf 88' lang='lat' dir='ltr'><strong>annon</strong></span> <span class='ocrx_word' id='word_1_328' title='bbox 4164 1561 4250 1628; x_wconf 88' lang='lat' dir='ltr'><strong>ad</strong></span> <span class='ocrx_word' id='word_1_329' title='bbox 4291 1562 4383 1626; x_wconf 88' lang='lat' dir='ltr'><strong>is-</strong></span> 
     </span>
     <span class='ocr_line' id='line_1_56' title="bbox 2421 1647 4381 1733; baseline -0.001 -18"><span class='ocrx_word' id='word_1_330' title='bbox 2421 1649 2795 1716; x_wconf 87' lang='lat' dir='ltr'><strong>raeliticum</strong></span> <span class='ocrx_word' id='word_1_331' title='bbox 2835 1647 3171 1733; x_wconf 89' lang='lat' dir='ltr'><strong>populum,</strong></span> <span class='ocrx_word' id='word_1_332' title='bbox 3221 1653 3341 1730; x_wconf 85' lang='lat' dir='ltr'><strong>[fol.</strong></span> <span class='ocrx_word' id='word_1_333' title='bbox 3383 1654 3491 1729; x_wconf 83' lang='lat'><strong>33]</strong></span> <span class='ocrx_word' id='word_1_334' title='bbox 3541 1656 3610 1716; x_wconf 91' lang='lat' dir='ltr'><strong>et</strong></span> <span class='ocrx_word' id='word_1_335' title='bbox 3647 1671 3800 1715; x_wconf 88' lang='lat' dir='ltr'><strong>eum</strong></span> <span class='ocrx_word' id='word_1_336' title='bbox 3842 1648 4105 1733; x_wconf 90' lang='lat' dir='ltr'><strong>quidem</strong></span> <span class='ocrx_word' id='word_1_337' title='bbox 4148 1647 4381 1726; x_wconf 87' lang='lat' dir='ltr'><strong>solum,</strong></span> 
     </span>
     <span class='ocr_line' id='line_1_57' title="bbox 2422 1734 3186 1820; baseline -0.005 -18"><span class='ocrx_word' id='word_1_338' title='bbox 2422 1736 2845 1820; x_wconf 78' lang='lat' dir='ltr'><strong>peculiariter</strong></span> <span class='ocrx_word' id='word_1_339' title='bbox 2889 1734 3186 1819; x_wconf 80' lang='lat' dir='ltr'><strong>spectat?</strong></span> 
     </span>
    </p>

    <p class='ocr_par' dir='ltr' id='par_1_30' title="bbox 3331 1858 3485 1894">
     <span class='ocr_line' id='line_1_58' title="bbox 3331 1858 3485 1894; baseline 0.013 -2"><span class='ocrx_word' id='word_1_340' title='bbox 3331 1858 3485 1894; x_wconf 68' lang='lat' dir='ltr'><strong>rum.</strong></span> 
     </span>
    </p>

    <p class='ocr_par' dir='ltr' id='par_1_31' title="bbox 2424 1904 4396 2251">
     <span class='ocr_line' id='line_1_59' title="bbox 2597 1904 4391 1994; baseline 0 -22"><span class='ocrx_word' id='word_1_341' title='bbox 2597 1908 2846 1973; x_wconf 89' lang='lat' dir='ltr'><strong>Fateor</strong></span> <span class='ocrx_word' id='word_1_342' title='bbox 2901 1904 3076 1990; x_wconf 92' lang='lat' dir='ltr'><strong>quod</strong></span> <span class='ocrx_word' id='word_1_343' title='bbox 3122 1906 3206 1973; x_wconf 90' lang='lat' dir='ltr'><strong>ad</strong></span> <span class='ocrx_word' id='word_1_344' title='bbox 3250 1929 3503 1991; x_wconf 90' lang='lat' dir='ltr'><strong>corpus.</strong></span> <span class='ocrx_word' id='word_1_345' title='bbox 3525 1908 3584 1994; x_wconf 77' lang='lat'><strong>⁸)</strong></span> <span class='ocrx_word' id='word_1_346' title='bbox 3658 1909 3916 1973; x_wconf 87' lang='lat' dir='ltr'><strong>Verum</strong></span> <span class='ocrx_word' id='word_1_347' title='bbox 3960 1914 4062 1975; x_wconf 86' lang='lat' dir='ltr'><strong>est</strong></span> <span class='ocrx_word' id='word_1_348' title='bbox 4105 1906 4391 1973; x_wconf 86' lang='lat' dir='ltr'><strong>alterum</strong></span> 
     </span>
     <span class='ocr_line' id='line_1_60' title="bbox 2424 1993 4392 2078; baseline -0.001 -17"><span class='ocrx_word' id='word_1_349' title='bbox 2424 1993 2833 2061; x_wconf 87' lang='lat' dir='ltr'><strong>liberationis</strong></span> <span class='ocrx_word' id='word_1_350' title='bbox 2877 2012 3088 2076; x_wconf 89' lang='lat' dir='ltr'><strong>genus</strong></span> <span class='ocrx_word' id='word_1_351' title='bbox 3104 2044 3120 2071; x_wconf 93' lang='lat'><strong>,</strong></span> <span class='ocrx_word' id='word_1_352' title='bbox 3173 1994 3351 2076; x_wconf 88' lang='lat' dir='ltr'><strong>quod</strong></span> <span class='ocrx_word' id='word_1_353' title='bbox 3395 1995 3480 2061; x_wconf 87' lang='lat' dir='ltr'><strong>ad</strong></span> <span class='ocrx_word' id='word_1_354' title='bbox 3532 2015 3760 2061; x_wconf 87' lang='lat' dir='ltr'><strong>omnes</strong></span> <span class='ocrx_word' id='word_1_355' title='bbox 3814 2015 4136 2078; x_wconf 86' lang='lat' dir='ltr'><strong>peraeque</strong></span> <span class='ocrx_word' id='word_1_356' title='bbox 4178 1993 4392 2060; x_wconf 89' lang='lat' dir='ltr'><strong>homi-</strong></span> 
     </span>
     <span class='ocr_line' id='line_1_61' title="bbox 2426 2078 4396 2165; baseline -0.002 -17"><span class='ocrx_word' id='word_1_357' title='bbox 2426 2104 2547 2148; x_wconf 82' lang='lat' dir='ltr'><strong>nes</strong></span> <span class='ocrx_word' id='word_1_358' title='bbox 2581 2080 2887 2164; x_wconf 90' lang='lat' dir='ltr'><strong>pertinet.</strong></span> <span class='ocrx_word' id='word_1_359' title='bbox 2975 2078 3119 2144; x_wconf 86' lang='lat' dir='ltr'><strong>Nos</strong></span> <span class='ocrx_word' id='word_1_360' title='bbox 3162 2081 3339 2147; x_wconf 89' lang='lat' dir='ltr'><strong>enim</strong></span> <span class='ocrx_word' id='word_1_361' title='bbox 3384 2102 3611 2148; x_wconf 91' lang='lat' dir='ltr'><strong>omnes</strong></span> <span class='ocrx_word' id='word_1_362' title='bbox 3646 2103 3731 2147; x_wconf 82' lang='lat' dir='ltr'><strong>ex</strong></span> <span class='ocrx_word' id='word_1_363' title='bbox 3774 2080 4102 2165; x_wconf 87' lang='lat' dir='ltr'><strong>spirituali</strong></span> <span class='ocrx_word' id='word_1_364' title='bbox 4139 2078 4396 2164; x_wconf 85' lang='lat' dir='ltr'><strong>peccati</strong></span> 
     </span>
     <span class='ocr_line' id='line_1_62' title="bbox 2428 2164 3912 2251; baseline -0.002 -15"><span class='ocrx_word' id='word_1_365' title='bbox 2428 2168 2766 2247; x_wconf 79' lang='lat' dir='ltr'><strong>servitute,</strong></span> <span class='ocrx_word' id='word_1_366' title='bbox 2812 2171 2881 2231; x_wconf 91' lang='lat' dir='ltr'><strong>et</strong></span> <span class='ocrx_word' id='word_1_367' title='bbox 2926 2164 3168 2231; x_wconf 83' lang='lat' dir='ltr'><strong>diaboli</strong></span> <span class='ocrx_word' id='word_1_368' title='bbox 3209 2166 3565 2251; x_wconf 75' lang='lat' dir='ltr'><strong>tyrannide</strong></span> <span class='ocrx_word' id='word_1_369' title='bbox 3611 2168 3912 2234; x_wconf 79' lang='lat' dir='ltr'><strong>asseruit.</strong></span> 
     </span>
    </p>

    <p class='ocr_par' dir='ltr' id='par_1_32' title="bbox 3286 2288 3546 2324">
     <span class='ocr_line' id='line_1_63' title="bbox 3286 2288 3546 2324; baseline 0 0"><span class='ocrx_word' id='word_1_370' title='bbox 3286 2288 3546 2324; x_wconf 69' lang='lat' dir='ltr'><strong>lument-</strong></span> 
     </span>
    </p>
   </div>
   <div class='ocr_carea' id='block_1_24' title="bbox 2429 2338 4399 2510">
    <p class='ocr_par' dir='ltr' id='par_1_33' title="bbox 2429 2338 4399 2510">
     <span class='ocr_line' id='line_1_64' title="bbox 2605 2338 4399 2422; baseline 0 -17"><span class='ocrx_word' id='word_1_371' title='bbox 2605 2338 2748 2405; x_wconf 80' lang='lat' dir='ltr'><strong>Our</strong></span> <span class='ocrx_word' id='word_1_372' title='bbox 2802 2340 2944 2404; x_wconf 90' lang='lat' dir='ltr'><strong>eius</strong></span> <span class='ocrx_word' id='word_1_373' title='bbox 2998 2342 3097 2407; x_wconf 90' lang='lat' dir='ltr'><strong>rei</strong></span> <span class='ocrx_word' id='word_1_374' title='bbox 3151 2340 3482 2414; x_wconf 89' lang='lat' dir='ltr'><strong>meminit,</strong></span> <span class='ocrx_word' id='word_1_375' title='bbox 3550 2360 3756 2422; x_wconf 91' lang='lat' dir='ltr'><strong>quum</strong></span> <span class='ocrx_word' id='word_1_376' title='bbox 3812 2340 3882 2404; x_wconf 88' lang='lat' dir='ltr'><strong>in</strong></span> <span class='ocrx_word' id='word_1_377' title='bbox 3936 2338 4152 2422; x_wconf 91' lang='lat' dir='ltr'><strong>legem</strong></span> <span class='ocrx_word' id='word_1_378' title='bbox 4207 2360 4399 2405; x_wconf 90' lang='lat' dir='ltr'><strong>suam</strong></span> 
     </span>
     <span class='ocr_line' id='line_1_65' title="bbox 2429 2424 3000 2510; baseline -0.011 -17"><span class='ocrx_word' id='word_1_379' title='bbox 2429 2426 2717 2510; x_wconf 87' lang='lat' dir='ltr'><strong>praefari</strong></span> <span class='ocrx_word' id='word_1_380' title='bbox 2756 2424 3000 2491; x_wconf 81' lang='lat' dir='ltr'><strong>vellet?</strong></span> 
     </span>
    </p>
   </div>
   <div class='ocr_carea' id='block_1_25' title="bbox 2431 2545 4397 2927">
    <p class='ocr_par' dir='ltr' id='par_1_34' title="bbox 2431 2545 4397 2927">
     <span class='ocr_line' id='line_1_66' title="bbox 2606 2545 4397 2682; baseline 0 -17"><span class='ocrx_word' id='word_1_381' title='bbox 2606 2598 2703 2665; x_wconf 89' lang='lat' dir='ltr'><strong>Ut</strong></span> <span class='ocrx_word' id='word_1_382' title='bbox 2745 2618 2867 2663; x_wconf 90' lang='lat' dir='ltr'><strong>nos</strong></span> <span class='ocrx_word' id='word_1_383' title='bbox 2940 2545 3508 2676; x_wconf 46' lang='lat' dir='ltr'><strong>commonefabtiglt&#39;,</strong></span> <span class='ocrx_word' id='word_1_384' title='bbox 3554 2617 3852 2662; x_wconf 84' lang='lat' dir='ltr'><strong>summae</strong></span> <span class='ocrx_word' id='word_1_385' title='bbox 3894 2595 4397 2682; x_wconf 85' lang='lat' dir='ltr'><strong>ingratitudinis</strong></span> 
     </span>
     <span class='ocr_line' id='line_1_67' title="bbox 2431 2682 4395 2769; baseline 0.001 -20"><span class='ocrx_word' id='word_1_386' title='bbox 2431 2703 2580 2749; x_wconf 83' lang='lat' dir='ltr'><strong>reos</strong></span> <span class='ocrx_word' id='word_1_387' title='bbox 2603 2684 2772 2764; x_wconf 74' lang='lat' dir='ltr'><strong>fore,</strong></span> <span class='ocrx_word' id='word_1_388' title='bbox 2823 2683 2958 2749; x_wconf 90' lang='lat' dir='ltr'><strong>nisi</strong></span> <span class='ocrx_word' id='word_1_389' title='bbox 3003 2690 3173 2749; x_wconf 88' lang='lat' dir='ltr'><strong>totos</strong></span> <span class='ocrx_word' id='word_1_390' title='bbox 3208 2682 3309 2747; x_wconf 86' lang='lat' dir='ltr'><strong>illi</strong></span> <span class='ocrx_word' id='word_1_391' title='bbox 3354 2704 3473 2748; x_wconf 87' lang='lat' dir='ltr'><strong>nos</strong></span> <span class='ocrx_word' id='word_1_392' title='bbox 3515 2684 3592 2748; x_wconf 90' lang='lat' dir='ltr'><strong>in</strong></span> <span class='ocrx_word' id='word_1_393' title='bbox 3634 2682 4019 2769; x_wconf 84' lang='lat' dir='ltr'><strong>obsequium</strong></span> <span class='ocrx_word' id='word_1_394' title='bbox 4063 2682 4395 2751; x_wconf 85' lang='lat' dir='ltr'><strong>addixeri-</strong></span> 
     </span>
     <span class='ocr_line' id='line_1_68' title="bbox 2433 2791 3548 2927; baseline -0.001 0"><span class='ocrx_word' id='word_1_395' title='bbox 2433 2791 2601 2836; x_wconf 60' lang='lat' dir='ltr'><strong>mus·</strong></span> <span class='ocrx_word' id='word_1_396' title='bbox 3287 2891 3548 2927; x_wconf 70' lang='lat' dir='ltr'><strong>mm</strong></span> 
     </span>
    </p>
   </div>
   <div class='ocr_carea' id='block_1_26' title="bbox 2610 2939 4035 3027">
    <p class='ocr_par' dir='ltr' id='par_1_35' title="bbox 2610 2939 4035 3027">
     <span class='ocr_line' id='line_1_69' title="bbox 2610 2939 4035 3027; baseline -0.003 -18"><span class='ocrx_word' id='word_1_397' title='bbox 2610 2940 2790 3024; x_wconf 77' lang='lat' dir='ltr'><strong>Quid</strong></span> <span class='ocrx_word' id='word_1_398' title='bbox 2832 2948 3054 3010; x_wconf 89' lang='lat' dir='ltr'><strong>autem</strong></span> <span class='ocrx_word' id='word_1_399' title='bbox 3096 2942 3221 3009; x_wconf 89' lang='lat' dir='ltr'><strong>hoo</strong></span> <span class='ocrx_word' id='word_1_400' title='bbox 3264 2943 3481 3027; x_wconf 90' lang='lat' dir='ltr'><strong>primo</strong></span> <span class='ocrx_word' id='word_1_401' title='bbox 3524 2940 3737 3025; x_wconf 89' lang='lat' dir='ltr'><strong>capite</strong></span> <span class='ocrx_word' id='word_1_402' title='bbox 3780 2939 4035 3025; x_wconf 79' lang='lat' dir='ltr'><strong>exigit?</strong></span> 
     </span>
    </p>
   </div>
   <div class='ocr_carea' id='block_1_27' title="bbox 2607 3141 4396 3269">
    <p class='ocr_par' dir='ltr' id='par_1_36' title="bbox 2607 3141 4396 3269">
     <span class='ocr_line' id='line_1_70' title="bbox 2979 3141 2990 3174; baseline 0 0"><span class='ocrx_word' id='word_1_403' title='bbox 2979 3141 2990 3174; x_wconf 87' lang='grc' dir='ltr'><strong><em>Ι</em></strong></span> 
     </span>
     <span class='ocr_line' id='line_1_71' title="bbox 2607 3149 4396 3269; baseline 0.001 -1"><span class='ocrx_word' id='word_1_404' title='bbox 2607 3201 2707 3268; x_wconf 86' lang='lat' dir='ltr'><strong>Ut</strong></span> <span class='ocrx_word' id='word_1_405' title='bbox 2759 3221 2957 3267; x_wconf 90' lang='lat' dir='ltr'><strong>suum</strong></span> <span class='ocrx_word' id='word_1_406' title='bbox 3011 3199 3110 3265; x_wconf 87' lang='grc'>1111</span> <span class='ocrx_word' id='word_1_407' title='bbox 3153 3199 3277 3266; x_wconf 89' lang='lat' dir='ltr'><strong>soli</strong></span> <span class='ocrx_word' id='word_1_408' title='bbox 3337 3149 3655 3266; x_wconf 52' lang='lat' dir='ltr'><strong>{31me</strong></span> <span class='ocrx_word' id='word_1_409' title='bbox 3698 3200 3772 3265; x_wconf 92' lang='lat' dir='ltr'><strong>in</strong></span> <span class='ocrx_word' id='word_1_410' title='bbox 3814 3198 4098 3266; x_wconf 89' lang='lat' dir='ltr'><strong>solidum</strong></span> <span class='ocrx_word' id='word_1_411' title='bbox 4141 3221 4396 3269; x_wconf 73' lang='lat' dir='ltr'><strong>assera-</strong></span> 
     </span>
    </p>
   </div>
   <div class='ocr_carea' id='block_1_28' title="bbox 2434 3286 4307 3370">
    <p class='ocr_par' dir='ltr' id='par_1_37' title="bbox 2434 3286 4307 3370">
     <span class='ocr_line' id='line_1_72' title="bbox 2434 3286 4307 3370; baseline 0 -17"><span class='ocrx_word' id='word_1_412' title='bbox 2434 3305 2616 3354; x_wconf 87' lang='lat' dir='ltr'><strong>mus:</strong></span> <span class='ocrx_word' id='word_1_413' title='bbox 2659 3308 2872 3370; x_wconf 89' lang='lat' dir='ltr'><strong>neque</strong></span> <span class='ocrx_word' id='word_1_414' title='bbox 2909 3286 3117 3354; x_wconf 77' lang='lat' dir='ltr'><strong>ullam</strong></span> <span class='ocrx_word' id='word_1_415' title='bbox 3160 3286 3301 3352; x_wconf 86' lang='lat' dir='ltr'><strong>eius</strong></span> <span class='ocrx_word' id='word_1_416' title='bbox 3344 3293 3604 3369; x_wconf 87' lang='lat' dir='ltr'><strong>partem</strong></span> <span class='ocrx_word' id='word_1_417' title='bbox 3646 3287 4121 3353; x_wconf 83' lang='lat' dir='ltr'><strong>transferamus</strong></span> <span class='ocrx_word' id='word_1_418' title='bbox 4162 3287 4307 3353; x_wconf 87' lang='lat' dir='ltr'><strong>alio.</strong></span> 
     </span>
    </p>
   </div>
   <div class='ocr_carea' id='block_1_29' title="bbox 2435 3492 4399 4062">
    <p class='ocr_par' dir='ltr' id='par_1_38' title="bbox 2435 3492 4398 3700">
     <span class='ocr_line' id='line_1_73' title="bbox 2612 3492 4398 3630; baseline 0.001 -19"><span class='ocrx_word' id='word_1_419' title='bbox 2612 3543 2780 3627; x_wconf 79' lang='lat' dir='ltr'><strong>Quis</strong></span> <span class='ocrx_word' id='word_1_420' title='bbox 2848 3544 3060 3610; x_wconf 89' lang='lat' dir='ltr'><strong>honor</strong></span> <span class='ocrx_word' id='word_1_421' title='bbox 3125 3492 3550 3629; x_wconf 49' lang='grc' dir='ltr'>11111111ᾝὲ11</span> <span class='ocrx_word' id='word_1_422' title='bbox 3612 3544 3919 3629; x_wconf 88' lang='lat' dir='ltr'><strong>proprius</strong></span> <span class='ocrx_word' id='word_1_423' title='bbox 3932 3596 3950 3626; x_wconf 89' lang='lat'><strong>,</strong></span> <span class='ocrx_word' id='word_1_424' title='bbox 4019 3565 4215 3630; x_wconf 89' lang='lat' dir='ltr'><strong>quem</strong></span> <span class='ocrx_word' id='word_1_425' title='bbox 4265 3545 4398 3612; x_wconf 80' lang='lat' dir='ltr'><strong>&#39;alio</strong></span> 
     </span>
     <span class='ocr_line' id='line_1_74' title="bbox 2435 3630 3307 3700; baseline -0.005 -2"><span class='ocrx_word' id='word_1_426' title='bbox 2435 3631 2909 3700; x_wconf 80' lang='lat' dir='ltr'><strong>transscribere</strong></span> <span class='ocrx_word' id='word_1_427' title='bbox 2954 3631 3043 3698; x_wconf 86' lang='lat' dir='ltr'><strong>sit</strong></span> <span class='ocrx_word' id='word_1_428' title='bbox 3081 3630 3307 3698; x_wconf 79' lang='lat' dir='ltr'><strong>nefas?</strong></span> 
     </span>
    </p>

    <p class='ocr_par' dir='ltr' id='par_1_39' title="bbox 2435 3753 4399 4062">
     <span class='ocr_line' id='line_1_75' title="bbox 2607 3753 4399 3889; baseline -0.002 -17"><span class='ocrx_word' id='word_1_429' title='bbox 2607 3805 2787 3872; x_wconf 84' lang='lat' dir='ltr'><strong>Eum</strong></span> <span class='ocrx_word' id='word_1_430' title='bbox 2841 3802 3144 3883; x_wconf 88' lang='lat' dir='ltr'><strong>adorare,</strong></span> <span class='ocrx_word' id='word_1_431' title='bbox 3206 3753 3523 3871; x_wconf 55' lang='lat'><strong>00113230</strong></span> <span class='ocrx_word' id='word_1_432' title='bbox 3577 3804 3650 3868; x_wconf 92' lang='lat' dir='ltr'><strong>in</strong></span> <span class='ocrx_word' id='word_1_433' title='bbox 3693 3805 3837 3889; x_wconf 88' lang='lat' dir='ltr'><strong>ipso</strong></span> <span class='ocrx_word' id='word_1_434' title='bbox 3893 3810 4188 3870; x_wconf 90' lang='lat' dir='ltr'><strong>nostram</strong></span> <span class='ocrx_word' id='word_1_435' title='bbox 4228 3802 4399 3869; x_wconf 91' lang='lat' dir='ltr'><strong>fidu-</strong></span> 
     </span>
     <span class='ocr_line' id='line_1_76' title="bbox 2436 3890 4396 3975; baseline -0.001 -17"><span class='ocrx_word' id='word_1_436' title='bbox 2436 3892 2608 3958; x_wconf 88' lang='lat' dir='ltr'><strong>ciam</strong></span> <span class='ocrx_word' id='word_1_437' title='bbox 2623 3943 2638 3972; x_wconf 88' lang='lat'><strong>,</strong></span> <span class='ocrx_word' id='word_1_438' title='bbox 2693 3892 3004 3959; x_wconf 85' lang='lat' dir='ltr'><strong>invocare</strong></span> <span class='ocrx_word' id='word_1_439' title='bbox 3056 3893 3277 3973; x_wconf 38' lang='lat' dir='ltr'><strong>‚ipsum</strong></span> <span class='ocrx_word' id='word_1_440' title='bbox 3293 3942 3311 3970; x_wconf 91' lang='lat'><strong>,</strong></span> <span class='ocrx_word' id='word_1_441' title='bbox 3369 3890 3469 3955; x_wconf 91' lang='lat' dir='ltr'><strong>illi</strong></span> <span class='ocrx_word' id='word_1_442' title='bbox 3526 3890 3809 3975; x_wconf 89' lang='lat' dir='ltr'><strong>denique</strong></span> <span class='ocrx_word' id='word_1_443' title='bbox 3861 3890 4081 3956; x_wconf 89' lang='lat' dir='ltr'><strong>omnia</strong></span> <span class='ocrx_word' id='word_1_444' title='bbox 4123 3890 4396 3971; x_wconf 83' lang='lat' dir='ltr'><strong>deferre,</strong></span> 
     </span>
     <span class='ocr_line' id='line_1_77' title="bbox 2435 3976 3798 4062; baseline -0.001 -18"><span class='ocrx_word' id='word_1_445' title='bbox 2435 3998 2601 4062; x_wconf 89' lang='lat' dir='ltr'><strong>quae</strong></span> <span class='ocrx_word' id='word_1_446' title='bbox 2644 3977 2717 4042; x_wconf 94' lang='lat' dir='ltr'><strong>in</strong></span> <span class='ocrx_word' id='word_1_447' title='bbox 2761 3978 2901 4042; x_wconf 90' lang='lat' dir='ltr'><strong>eius</strong></span> <span class='ocrx_word' id='word_1_448' title='bbox 2946 3976 3357 4043; x_wconf 87' lang='lat' dir='ltr'><strong>maiestatem</strong></span> <span class='ocrx_word' id='word_1_449' title='bbox 3402 3983 3798 4061; x_wconf 88' lang='lat' dir='ltr'><strong>competunt.</strong></span> 
     </span>
    </p>
   </div>
   <div class='ocr_carea' id='block_1_30' title="bbox 3283 4098 3542 4134">
    <p class='ocr_par' dir='ltr' id='par_1_40' title="bbox 3283 4098 3542 4134">
     <span class='ocr_line' id='line_1_78' title="bbox 3283 4098 3542 4134; baseline -0.004 0"><span class='ocrx_word' id='word_1_450' title='bbox 3283 4098 3542 4134; x_wconf 68' lang='lat' dir='ltr'><strong>mm</strong></span> 
     </span>
    </p>
   </div>
   <div class='ocr_carea' id='block_1_31' title="bbox 2439 4147 4396 4301">
    <p class='ocr_par' dir='ltr' id='par_1_41' title="bbox 2439 4147 4396 4301">
     <span class='ocr_line' id='line_1_79' title="bbox 2480 4147 4396 4298; baseline 0.002 -85"><span class='ocrx_word' id='word_1_451' title='bbox 2480 4234 2493 4249; x_wconf 33' lang='grc' dir='ltr'><strong>ο</strong></span> <span class='ocrx_word' id='word_1_452' title='bbox 2609 4147 2949 4298; x_wconf 51' lang='grc' dir='ltr'>911οῘ1811111</span> <span class='ocrx_word' id='word_1_453' title='bbox 2990 4150 3152 4215; x_wconf 87' lang='lat' dir='ltr'><strong>haec</strong></span> <span class='ocrx_word' id='word_1_454' title='bbox 3192 4150 3519 4233; x_wconf 76' lang='lat' dir='ltr'><strong>particula</strong></span> <span class='ocrx_word' id='word_1_455' title='bbox 3561 4147 3815 4215; x_wconf 83' lang='lat' dir='ltr'><strong>adiecta</strong></span> <span class='ocrx_word' id='word_1_456' title='bbox 3859 4155 3962 4214; x_wconf 88' lang='lat' dir='ltr'><strong>est</strong></span> <span class='ocrx_word' id='word_1_457' title='bbox 3975 4200 3991 4228; x_wconf 91' lang='lat'><strong>,</strong></span> <span class='ocrx_word' id='word_1_458' title='bbox 4037 4170 4258 4216; x_wconf 89' lang='lat' dir='ltr'><strong>coram</strong></span> <span class='ocrx_word' id='word_1_459' title='bbox 4300 4152 4396 4217; x_wconf 79' lang='lat' dir='ltr'><strong>fa-</strong></span> 
     </span>
     <span class='ocr_line' id='line_1_80' title="bbox 2439 4255 2731 4301; baseline 0.007 -2"><span class='ocrx_word' id='word_1_460' title='bbox 2439 4255 2539 4300; x_wconf 82' lang='lat' dir='ltr'><strong>cie</strong></span> <span class='ocrx_word' id='word_1_461' title='bbox 2581 4257 2731 4301; x_wconf 91' lang='lat' dir='ltr'><strong>mea</strong></span> 
     </span>
    </p>
   </div>
   <div class='ocr_carea' id='block_1_32' title="bbox 2435 4356 4399 4750">
    <p class='ocr_par' dir='ltr' id='par_1_42' title="bbox 3340 4356 3492 4392">
     <span class='ocr_line' id='line_1_81' title="bbox 3340 4356 3492 4392; baseline 0.007 -1"><span class='ocrx_word' id='word_1_462' title='bbox 3340 4356 3492 4392; x_wconf 61' lang='lat' dir='ltr'>PUER-</span> 
     </span>
    </p>

    <p class='ocr_par' dir='ltr' id='par_1_43' title="bbox 2435 4405 4399 4750">
     <span class='ocr_line' id='line_1_82' title="bbox 2611 4405 4399 4490; baseline 0.003 -20"><span class='ocrx_word' id='word_1_463' title='bbox 2611 4405 2838 4489; x_wconf 78' lang='lat' dir='ltr'><strong>Quum</strong></span> <span class='ocrx_word' id='word_1_464' title='bbox 2883 4406 3048 4472; x_wconf 89' lang='lat' dir='ltr'><strong>nihil</strong></span> <span class='ocrx_word' id='word_1_465' title='bbox 3094 4412 3230 4471; x_wconf 84' lang='lat' dir='ltr'><strong>tam</strong></span> <span class='ocrx_word' id='word_1_466' title='bbox 3274 4405 3686 4473; x_wconf 88' lang='lat' dir='ltr'><strong>reconditum</strong></span> <span class='ocrx_word' id='word_1_467' title='bbox 3731 4406 3847 4486; x_wconf 88' lang='lat' dir='ltr'><strong>sit,</strong></span> <span class='ocrx_word' id='word_1_468' title='bbox 3893 4407 4064 4490; x_wconf 91' lang='lat' dir='ltr'><strong>quod</strong></span> <span class='ocrx_word' id='word_1_469' title='bbox 4110 4430 4260 4475; x_wconf 87' lang='lat' dir='ltr'><strong>eum</strong></span> <span class='ocrx_word' id='word_1_470' title='bbox 4303 4410 4399 4474; x_wconf 83' lang='lat' dir='ltr'><strong>la-</strong></span> 
     </span>
     <span class='ocr_line' id='line_1_83' title="bbox 2435 4493 4399 4578; baseline 0.003 -22"><span class='ocrx_word' id='word_1_471' title='bbox 2435 4498 2604 4572; x_wconf 87' lang='lat' dir='ltr'><strong>teat,</strong></span> <span class='ocrx_word' id='word_1_472' title='bbox 2651 4494 2863 4576; x_wconf 89' lang='lat' dir='ltr'><strong>sitque</strong></span> <span class='ocrx_word' id='word_1_473' title='bbox 2899 4493 3308 4560; x_wconf 87' lang='lat' dir='ltr'><strong>occultarum</strong></span> <span class='ocrx_word' id='word_1_474' title='bbox 3343 4493 3813 4578; x_wconf 90' lang='lat' dir='ltr'><strong>cogitationum</strong></span> <span class='ocrx_word' id='word_1_475' title='bbox 3850 4495 4150 4578; x_wconf 89' lang='lat' dir='ltr'><strong>cognitor</strong></span> <span class='ocrx_word' id='word_1_476' title='bbox 4187 4518 4261 4562; x_wconf 90' lang='lat' dir='ltr'><strong>ac</strong></span> <span class='ocrx_word' id='word_1_477' title='bbox 4295 4496 4399 4561; x_wconf 92' lang='lat' dir='ltr'><strong>iu-</strong></span> 
     </span>
     <span class='ocr_line' id='line_1_84' title="bbox 2437 4578 4398 4732; baseline 0.003 -89"><span class='ocrx_word' id='word_1_478' title='bbox 2437 4578 2592 4644; x_wconf 84' lang='lat' dir='ltr'><strong>dex:</strong></span> <span class='ocrx_word' id='word_1_479' title='bbox 2635 4579 2981 4664; x_wconf 87' lang='lat' dir='ltr'><strong>significat,</strong></span> <span class='ocrx_word' id='word_1_480' title='bbox 3009 4581 3220 4732; x_wconf 58' lang='grc' dir='ltr'>11011θὲ3</span> <span class='ocrx_word' id='word_1_481' title='bbox 3256 4587 3574 4645; x_wconf 84' lang='lat' dir='ltr'><strong>externae</strong></span> <span class='ocrx_word' id='word_1_482' title='bbox 3597 4578 3790 4645; x_wconf 91' lang='lat' dir='ltr'><strong>modo</strong></span> <span class='ocrx_word' id='word_1_483' title='bbox 3815 4580 4237 4646; x_wconf 83' lang='lat' dir='ltr'><strong>confessionis</strong></span> <span class='ocrx_word' id='word_1_484' title='bbox 4277 4580 4398 4649; x_wconf 91' lang='lat' dir='ltr'><strong>ho-</strong></span> 
     </span>
     <span class='ocr_line' id='line_1_85' title="bbox 2435 4665 4396 4750; baseline 0.002 -18"><span class='ocrx_word' id='word_1_485' title='bbox 2435 4687 2664 4732; x_wconf 91' lang='lat' dir='ltr'><strong>norem</strong></span> <span class='ocrx_word' id='word_1_486' title='bbox 2700 4666 3060 4749; x_wconf 88' lang='lat' dir='ltr'><strong>requirere,</strong></span> <span class='ocrx_word' id='word_1_487' title='bbox 3100 4688 3131 4732; x_wconf 90' lang='lat' dir='ltr'><strong>s</strong></span> <span class='ocrx_word' id='word_1_488' title='bbox 3252 4688 3479 4733; x_wconf 85' lang='lat' dir='ltr'><strong>veram</strong></span> <span class='ocrx_word' id='word_1_489' title='bbox 3518 4686 3775 4750; x_wconf 91' lang='lat' dir='ltr'><strong>quoque</strong></span> <span class='ocrx_word' id='word_1_490' title='bbox 3809 4667 4123 4749; x_wconf 91' lang='lat' dir='ltr'><strong>pietatem</strong></span> <span class='ocrx_word' id='word_1_491' title='bbox 4164 4665 4396 4736; x_wconf 83' lang='lat' dir='ltr'><strong>cordis.</strong></span> 
     </span>
    </p>
   </div>
   <div class='ocr_carea' id='block_1_33' title="bbox 2606 4875 3846 5008">
    <p class='ocr_par' dir='ltr' id='par_1_44' title="bbox 2606 4875 3846 5008">
     <span class='ocr_line' id='line_1_86' title="bbox 3283 4875 3746 4914; baseline 0.009 -4"><span class='ocrx_word' id='word_1_492' title='bbox 3283 4875 3543 4911; x_wconf 67' lang='lat' dir='ltr'><strong>mm</strong></span> <span class='ocrx_word' id='word_1_493' title='bbox 3735 4909 3746 4914; x_wconf 82' lang='lat'><strong>-</strong></span> 
     </span>
     <span class='ocr_line' id='line_1_87' title="bbox 2606 4922 3846 5008; baseline -0.001 -19"><span class='ocrx_word' id='word_1_494' title='bbox 2606 4925 3051 4990; x_wconf 74' lang='lat' dir='ltr'><strong>Transeamus</strong></span> <span class='ocrx_word' id='word_1_495' title='bbox 3097 4922 3180 4990; x_wconf 85' lang='lat' dir='ltr'><strong>ad</strong></span> <span class='ocrx_word' id='word_1_496' title='bbox 3224 4926 3590 4992; x_wconf 88' lang='lat' dir='ltr'><strong>seeundum</strong></span> <span class='ocrx_word' id='word_1_497' title='bbox 3633 4930 3846 5008; x_wconf 90' lang='lat' dir='ltr'><strong>caput.</strong></span> 
     </span>
    </p>
   </div>
   <div class='ocr_carea' id='block_1_34' title="bbox 680 5125 4393 5202">
    <p class='ocr_par' dir='ltr' id='par_1_45' title="bbox 680 5125 4393 5202">
     <span class='ocr_line' id='line_1_88' title="bbox 680 5125 4393 5202; baseline 0.002 -23"><span class='ocrx_word' id='word_1_498' title='bbox 680 5128 738 5191; x_wconf 93' lang='grc'><strong>1)</strong></span> <span class='ocrx_word' id='word_1_499' title='bbox 787 5126 866 5180; x_wconf 87' lang='lat' dir='ltr'><strong>Le</strong></span> <span class='ocrx_word' id='word_1_500' title='bbox 912 5126 995 5182; x_wconf 78' lang='lat'><strong>23.</strong></span> <span class='ocrx_word' id='word_1_501' title='bbox 1035 5126 1330 5182; x_wconf 85' lang='lat' dir='ltr'><strong>dimanche.</strong></span> <span class='ocrx_word' id='word_1_502' title='bbox 1378 5156 1444 5166; x_wconf 90' lang='lat'><strong>—-</strong></span> <span class='ocrx_word' id='word_1_503' title='bbox 1491 5125 1569 5181; x_wconf 89' lang='lat' dir='ltr'><strong>Le</strong></span> <span class='ocrx_word' id='word_1_504' title='bbox 1608 5128 1811 5184; x_wconf 88' lang='lat' dir='ltr'><strong>second</strong></span> <span class='ocrx_word' id='word_1_505' title='bbox 1848 5129 2326 5186; x_wconf 86' lang='lat' dir='ltr'><strong>commandement.</strong></span> <span class='ocrx_word' id='word_1_506' title='bbox 2363 5158 2430 5170; x_wconf 91' lang='lat'>—</span> <span class='ocrx_word' id='word_1_507' title='bbox 2464 5130 2578 5184; x_wconf 81' lang='lat' dir='ltr'><strong>Des</strong></span> <span class='ocrx_word' id='word_1_508' title='bbox 2623 5131 2825 5199; x_wconf 76' lang='lat' dir='ltr'><strong>images</strong></span> <span class='ocrx_word' id='word_1_509' title='bbox 2874 5137 2933 5185; x_wconf 89' lang='lat' dir='ltr'><strong>et</strong></span> <span class='ocrx_word' id='word_1_510' title='bbox 2966 5131 3250 5187; x_wconf 87' lang='lat' dir='ltr'><strong>adoration</strong></span> <span class='ocrx_word' id='word_1_511' title='bbox 3287 5132 3541 5187; x_wconf 84' lang='lat' dir='ltr'><strong>d’icelles.</strong></span> <span class='ocrx_word' id='word_1_512' title='bbox 3593 5158 3655 5169; x_wconf 87' lang='lat'><strong>-—</strong></span> <span class='ocrx_word' id='word_1_513' title='bbox 3692 5130 3995 5187; x_wconf 82' lang='lat' dir='ltr'><strong>Adoration</strong></span> <span class='ocrx_word' id='word_1_514' title='bbox 4031 5149 4138 5188; x_wconf 81' lang='lat' dir='ltr'><strong>aux</strong></span> <span class='ocrx_word' id='word_1_515' title='bbox 4173 5134 4393 5202; x_wconf 75' lang='lat' dir='ltr'><strong>imageS.</strong></span> 
     </span>
    </p>
   </div>
   <div class='ocr_carea' id='block_1_35' title="bbox 357 5194 1811 5330">
    <p class='ocr_par' dir='ltr' id='par_1_46' title="bbox 357 5194 1811 5330">
     <span class='ocr_line' id='line_1_89' title="bbox 357 5194 1416 5264; baseline 0.001 -14"><span class='ocrx_word' id='word_1_516' title='bbox 357 5223 434 5234; x_wconf 93' lang='lat'><strong>--</strong></span> <span class='ocrx_word' id='word_1_517' title='bbox 473 5194 663 5262; x_wconf 83' lang='lat' dir='ltr'><strong>Quelle</strong></span> <span class='ocrx_word' id='word_1_518' title='bbox 697 5197 978 5264; x_wconf 84' lang='lat' dir='ltr'><strong>peincture</strong></span> <span class='ocrx_word' id='word_1_519' title='bbox 1014 5204 1102 5251; x_wconf 89' lang='lat' dir='ltr'><strong>est</strong></span> <span class='ocrx_word' id='word_1_520' title='bbox 1135 5196 1416 5252; x_wconf 85' lang='lat' dir='ltr'><strong>defendue.</strong></span> 
     </span>
     <span class='ocr_line' id='line_1_90' title="bbox 677 5261 1811 5330; baseline 0 -12"><span class='ocrx_word' id='word_1_521' title='bbox 677 5264 737 5330; x_wconf 81' lang='lat'><strong>2)</strong></span> <span class='ocrx_word' id='word_1_522' title='bbox 780 5264 1063 5319; x_wconf 72' lang='lat' dir='ltr'><strong>Plurimae</strong></span> <span class='ocrx_word' id='word_1_523' title='bbox 1096 5266 1226 5320; x_wconf 75' lang='lat' dir='ltr'><strong>inde</strong></span> <span class='ocrx_word' id='word_1_524' title='bbox 1261 5282 1295 5319; x_wconf 87' lang='lat' dir='ltr'><strong>a</strong></span> <span class='ocrx_word' id='word_1_525' title='bbox 1334 5261 1471 5319; x_wconf 90' lang='grc'>1550</span> <span class='ocrx_word' id='word_1_526' title='bbox 1506 5265 1723 5326; x_wconf 64' lang='lat' dir='ltr'><strong>leuant.-</strong></span> <span class='ocrx_word' id='word_1_527' title='bbox 1760 5265 1811 5319; x_wconf 83' lang='lat' dir='ltr'><strong>di</strong></span> 
     </span>
    </p>
   </div>
   <div class='ocr_carea' id='block_1_36' title="bbox 358 5401 1384 5478">
    <p class='ocr_par' dir='ltr' id='par_1_47' title="bbox 358 5401 1384 5478">
     <span class='ocr_line' id='line_1_91' title="bbox 358 5401 1384 5478; baseline -0.001 -20"><span class='ocrx_word' id='word_1_528' title='bbox 358 5403 549 5478; x_wconf 79' lang='lat' dir='ltr'><strong>quqad</strong></span> <span class='ocrx_word' id='word_1_529' title='bbox 589 5419 742 5471; x_wconf 88' lang='lat' dir='ltr'><strong>opus.</strong></span> <span class='ocrx_word' id='word_1_530' title='bbox 1019 5401 1079 5466; x_wconf 80' lang='lat'><strong>4)</strong></span> <span class='ocrx_word' id='word_1_531' title='bbox 1118 5405 1195 5458; x_wconf 88' lang='lat' dir='ltr'><strong>illi</strong></span> <span class='ocrx_word' id='word_1_532' title='bbox 1233 5402 1384 5457; x_wconf 83' lang='lat'>1561.</span> 
     </span>
    </p>
   </div>
   <div class='ocr_carea' id='block_1_37' title="bbox 359 5273 3306 5406">
    <p class='ocr_par' dir='ltr' id='par_1_48' title="bbox 359 5273 3306 5406">
     <span class='ocr_line' id='line_1_92' title="bbox 359 5273 3306 5406; baseline 0.001 -18"><span class='ocrx_word' id='word_1_533' title='bbox 359 5339 417 5388; x_wconf 78' lang='lat' dir='ltr'><strong>et</strong></span> <span class='ocrx_word' id='word_1_534' title='bbox 453 5331 590 5386; x_wconf 83' lang='lat'>1561</span> <span class='ocrx_word' id='word_1_535' title='bbox 626 5350 669 5386; x_wconf 82' lang='lat' dir='ltr'><strong>c.</strong></span> <span class='ocrx_word' id='word_1_536' title='bbox 706 5335 1060 5389; x_wconf 67' lang='lat' dir='ltr'><strong>manualibus</strong></span> <span class='ocrx_word' id='word_1_537' title='bbox 1092 5351 1229 5390; x_wconf 77' lang='lat' dir='ltr'><strong>rece.</strong></span> <span class='ocrx_word' id='word_1_538' title='bbox 1302 5335 1426 5388; x_wconf 84' lang='lat' dir='ltr'><strong>Iam</strong></span> <span class='ocrx_word' id='word_1_539' title='bbox 1464 5333 1601 5388; x_wconf 89' lang='grc'>1550</span> <span class='ocrx_word' id='word_1_540' title='bbox 1636 5336 1809 5390; x_wconf 70' lang='lat' dir='ltr'><strong>scribe</strong></span> <span class='ocrx_word' id='word_1_541' title='bbox 1846 5273 2023 5390; x_wconf 48' lang='lat' dir='ltr'><strong>affffl’</strong></span> <span class='ocrx_word' id='word_1_542' title='bbox 2040 5284 2248 5406; x_wconf 52' lang='lat' dir='ltr'><strong>qzedd‘dn</strong></span> <span class='ocrx_word' id='word_1_543' title='bbox 2258 5282 2674 5406; x_wconf 47' lang='grc' dir='ltr'>0233118Ὗέεῆ</span> <span class='ocrx_word' id='word_1_544' title='bbox 2709 5335 2863 5393; x_wconf 88' lang='grc'>1551.</span> <span class='ocrx_word' id='word_1_545' title='bbox 2902 5336 2970 5390; x_wconf 91' lang='grc'><strong>15</strong></span> <span class='ocrx_word' id='word_1_546' title='bbox 3007 5339 3056 5395; x_wconf 83' lang='grc'><strong>2.</strong></span> <span class='ocrx_word' id='word_1_547' title='bbox 3113 5338 3188 5391; x_wconf 79' lang='lat' dir='ltr'><strong>In</strong></span> <span class='ocrx_word' id='word_1_548' title='bbox 3225 5339 3306 5392; x_wconf 82' lang='lat' dir='ltr'><strong>ed.</strong></span> 
     </span>
    </p>
   </div>
   <div class='ocr_carea' id='block_1_38' title="bbox 1647 5403 2422 5470">
    <p class='ocr_par' dir='ltr' id='par_1_49' title="bbox 1647 5403 2422 5470">
     <span class='ocr_line' id='line_1_93' title="bbox 1647 5403 2422 5470; baseline 0.004 -14"><span class='ocrx_word' id='word_1_549' title='bbox 1647 5403 1705 5470; x_wconf 88' lang='lat'><strong>5)</strong></span> <span class='ocrx_word' id='word_1_550' title='bbox 1749 5403 1904 5459; x_wconf 82' lang='lat' dir='ltr'><strong>Recc.</strong></span> <span class='ocrx_word' id='word_1_551' title='bbox 1940 5405 2168 5460; x_wconf 74' lang='lat' dir='ltr'><strong>habent.-</strong></span> <span class='ocrx_word' id='word_1_552' title='bbox 2202 5422 2260 5460; x_wconf 86' lang='lat' dir='ltr'><strong>se</strong></span> <span class='ocrx_word' id='word_1_553' title='bbox 2299 5423 2422 5461; x_wconf 91' lang='grc'>11011.</span> 
     </span>
    </p>
   </div>
   <div class='ocr_carea' id='block_1_39' title="bbox 2951 5267 4400 5410">
    <p class='ocr_par' dir='ltr' id='par_1_50' title="bbox 2951 5267 4400 5410">
     <span class='ocr_line' id='line_1_94' title="bbox 2951 5267 4393 5339; baseline 0.001 -17"><span class='ocrx_word' id='word_1_554' title='bbox 2951 5267 2987 5322; x_wconf 85' lang='grc'><strong>3</strong></span> <span class='ocrx_word' id='word_1_555' title='bbox 3050 5267 3145 5323; x_wconf 77' lang='lat' dir='ltr'><strong>Sic</strong></span> <span class='ocrx_word' id='word_1_556' title='bbox 3170 5270 3371 5338; x_wconf 71' lang='lat' dir='ltr'><strong>prinae</strong></span> <span class='ocrx_word' id='word_1_557' title='bbox 3409 5284 3453 5339; x_wconf 73' lang='grc' dir='ltr'><strong>ε,</strong></span> <span class='ocrx_word' id='word_1_558' title='bbox 3489 5274 3541 5324; x_wconf 81' lang='lat' dir='ltr'><strong>et</strong></span> <span class='ocrx_word' id='word_1_559' title='bbox 3564 5274 3696 5337; x_wconf 75' lang='lat' dir='ltr'><strong>post</strong></span> <span class='ocrx_word' id='word_1_560' title='bbox 3731 5285 3850 5324; x_wconf 79' lang='lat' dir='ltr'><strong>eam</strong></span> <span class='ocrx_word' id='word_1_561' title='bbox 3887 5267 4040 5325; x_wconf 84' lang='lat'>1553.</span> <span class='ocrx_word' id='word_1_562' title='bbox 4078 5267 4216 5323; x_wconf 80' lang='lat'>1554</span> <span class='ocrx_word' id='word_1_563' title='bbox 4252 5270 4393 5324; x_wconf 67' lang='lat' dir='ltr'><strong>Inst.</strong></span> 
     </span>
     <span class='ocr_line' id='line_1_95' title="bbox 3399 5339 4400 5410; baseline 0.001 -17"><span class='ocrx_word' id='word_1_564' title='bbox 3399 5353 3526 5393; x_wconf 71' lang='lat' dir='ltr'><strong>ozae</strong></span> <span class='ocrx_word' id='word_1_565' title='bbox 3560 5344 3612 5393; x_wconf 80' lang='lat' dir='ltr'><strong>et</strong></span> <span class='ocrx_word' id='word_1_566' title='bbox 3644 5339 3761 5393; x_wconf 75' lang='lat' dir='ltr'><strong>eius</strong></span> <span class='ocrx_word' id='word_1_567' title='bbox 3798 5339 4136 5410; x_wconf 65' lang='lat' dir='ltr'><strong>apographis</strong></span> <span class='ocrx_word' id='word_1_568' title='bbox 4167 5340 4365 5409; x_wconf 74' lang='lat' dir='ltr'><strong>leyitm·</strong></span> <span class='ocrx_word' id='word_1_569' title='bbox 4380 5358 4400 5394; x_wconf 77' lang='lat'><strong>.-</strong></span> 
     </span>
    </p>
   </div>
   <div class='ocr_carea' id='block_1_40' title="bbox 3913 5492 3978 5550">
    <p class='ocr_par' dir='ltr' id='par_1_51' title="bbox 3913 5492 3978 5550">
     <span class='ocr_line' id='line_1_96' title="bbox 3913 5492 3978 5550; baseline 0 -26"><span class='ocrx_word' id='word_1_570' title='bbox 3913 5492 3978 5550; x_wconf 68' lang='lat'><strong>4*</strong></span> 
     </span>
    </p>
   </div>
  </div>
 </body>
</html>
