4999 6179
670 439 793 502 131

669 623 852 704 rien,
900 622 959 690 si
1010 642 1180 688 nous
1230 622 1544 688 n’estions
1599 620 2020 705 imparfaictz.
2111 618 2246 686 Car
2288 623 2445 686 c’est
2486 640 2620 685 666

667 709 816 776 aide
859 716 928 775 et
970 707 1422 793 soulagement
1463 706 1546 772 de
1589 716 1814 774 nostre
1853 705 2186 772 infirmita.

1023 950 1030 959 ,
1459 914 1526 950 u
1559 912 1817 949 mm.

839 964 971 1032 Ces
1031 964 1207 1031 deux
1270 963 1660 1032 Sacremens
1715 983 1802 1028 ne
1859 969 2127 1030 servent
2167 961 2253 1027 ilz
2320 963 2510 1047 point
2575 968 2619 1026 6

666 1058 861 1118 autre
903 1050 1040 1116 fin?

846 1220 922 1288 si
967 1222 1125 1301 font,
1162 1220 1459 1287 d’autant
1492 1152 1914 1304 {graffsont
1948 1219 2168 1303 signes
2204 1224 2272 1283 et
2310 1238 2618 1301 marques

671 1305 755 1372 de
797 1314 1020 1372 nostre
1072 1307 1453 1391 profession.
1480 1307 1529 1390 ¹)
1617 1303 1798 1371 C'est
1848 1311 1892 1369 6
1934 1304 2106 1383 dire,
2165 1308 2281 1384 [fol.
2326 1307 2434 1383 67]
2491 1323 2618 1387 que

669 1414 794 1477 par
854 1393 1050 1458 iceux
1112 1413 1278 1457 nous
1331 1398 1701 1475 protestons
1751 1411 1877 1474 quc
1944 1411 2112 1454 nous
2178 1411 2460 1455 sommes
2525 1387 2614 1453 du

667 1477 1090 1630 aegil-2233&
1114 1478 1319 1557 Dieu‚
1386 1488 1453 1542 et
1510 1477 1753 1542 faisons
1816 1476 2184 1541 confession
2251 1474 2332 1540 (16
2393 1480 2617 1579 nostre

836 1733 986 1816 Que
1040 1732 1434 1800 faudroit-il
1470 1682 1897 1815 Ἑοῗέηἶιῗέω·
1961 1731 2121 1797 (1’66
2175 1730 2443 1796 11616616
2498 1730 2613 1814 qui

665 1824 820 1887 n’en
862 1819 1170 1887 voudroit
1211 1822 1401 1904 point
1439 1817 1636 1883 user?

1511 1919 1774 1973 n’mcrurr.

832 1990 895 2056 Il
950 2010 1037 2055 66
1093 1989 1159 2054 16
1209 1988 1522 2054 fauldroit
1575 1988 1748 2053 tenir
1799 2007 1971 2071 pour
2015 1986 2387 2053 Chrestien.
2478 1986 2612 2052 Car

665 2096 750 2142 en
793 2098 867 2144 66
908 2076 1181 2154 faisant,
1235 2064 1286 2139 il
1338 2096 1424 2139 66
1477 2096 1546 2141 66
1601 2081 1759 2140 veut
1807 2073 1997 2156 point
2050 2074 2380 2139 confessor
2437 2079 2614 2138 estre

664 2162 785 2228 tel:
830 2169 899 2227 et
938 2162 1126 2245 quasi
1168 2161 1549 2226 tacitement
1587 2160 1636 2225 il
1680 2159 2053 2225 desadvoue
2097 2159 2285 2225 Iesus
2321 2158 2565 2224 Christ.

1335 2396 1340 2403 .
1380 2368 1449 2404 108
1481 2367 1739 2403 mm.

830 2418 1006 2485 Mais
1072 2419 1293 2484 suffit·
1313 2417 1365 2483 il
1429 2417 1511 2483 de
1575 2415 1870 2483 recevoir
1915 2419 2078 2480 ‘une
2152 2414 2278 2479 fois
2340 2414 2482 2479 l’un
2546 2420 2614 2480 et

657 2503 935 2570 l’autre?

1502 2604 1769 2657 dmm·

828 2675 930 2740 Le
1005 2674 1365 2756 Baptesme
1440 2677 1610 2737 n'est
1680 2670 1971 2736 ordonne
2051 2690 2175 2752 que
2248 2690 2415 2753 pour
2476 2690 2609 2736 une

654 2760 839 2825 seule
899 2761 1047 2839 fois,
1107 2766 1174 2824 et
1217 2762 1388 2824 n’est
1488 2780 1559 2823 as
1601 2757 1780 2823 licite
1823 2755 1903 2821 de
1946 2756 2009 2821 16
2052 2756 2342 2821 reiteret.
2431 2755 2608 2822 Mais

652 2844 704 2909 il
742 2844 914 2911 n’est
955 2866 1075 2929 pas
1118 2843 1288 2910 ainsi
1330 2842 1411 2908 de
1479 2864 1519 2907 a
1560 2842 1759 2908 0666.

1462 2963 1529 2999 1⁴ss
1562 2962 1815 2999 mmm

828 3015 934 3081 La
973 3013 1240 3082 raison?

1499 3116 1765 3171 fimum.

825 3188 1082 3254 Pource
1138 3207 1266 3270 que
1316 3205 1438 3270 par
1493 3186 1553 3251 16
1605 3186 1962 3269 Baptesme
2020 3182 2199 3249 Dieu
2263 3203 2432 3249 nous
2498 3184 2601 3248 in-

649 3271 901 3338 troduit
943 3285 1011 3337 et
1051 3271 1257 3356 reeoit
1299 3292 1383 3337 66
1437 3292 1557 3338 666
1598 3271 1844 3355 Eglise.
1946 3271 2163 3353 Apres
2205 3290 2371 3335 nous
2420 3270 2604 3335 avoir

651 3379 864 3437 receu,
909 3358 958 3422 il
1001 3379 1168 3424 nous
1212 3358 1471 3443 signifie
1512 3377 1635 3442 par
1675 3357 1742 3422 16
1786 3356 1984 3436 0666,
2031 3355 2193 3440 qu'il
2235 3376 2403 3421 nous
2444 3363 2605 3422 veut

650 3443 1234 3510 continuellement
1274 3444 1558 3509 nourrir.

818 3702 884 3766 A
926 3702 1036 3784 qui
1082 3650 1487 3783 appartient¹⁵
1499 3628 1882 3764 ἰῗῗξὲῗέό
1901 3697 2212 3781 1161111661,
2258 3718 2384 3780 que
2419 3697 2600 3763 d’ad-

641 3787 982 3853 ministrer
1022 3786 1088 3851 16
1131 3785 1358 3853 Ceno?

1488 3887 1756 3942 n’mm.

814 3960 883 4024 A
932 3980 1099 4025 ceux
1152 3957 1265 4043 qui
1322 3964 1441 4023 ont
1493 3957 1735 4041 charge
1797 3955 2111 4041 publique
2165 3976 2250 4022 66
2302 3955 2594 4041 l'Eglise‚

1919 478 1922 481 ι
1971 434 2093 500 LE
2136 431 2736 501 OATEOHJSME
2781 429 2911 497 DE
2957 431 3359 498 GENEVE.
3401 495 3411 511 ‚

4542 432 4656 496 132

2723 617 2899 703 plius
2952 640 3151 685 usum
3204 618 3383 683 inter
3434 638 3553 682 666
3609 616 3880 683 haberet
3932 636 4163 684 coena:
4230 637 4395 701 quac
4450 616 4662 682 suble-

2726 702 2980 770 vandae
3030 712 3294 770 nostrae
3346 701 3774 769 imbecillitati
3839 702 4311 769 adminiculum
4369 723 4512 769 6666
4555 702 4660 768 de-

2723 791 2834 856 bet
2877 812 2951 857 ac
2998 794 3116 869 [fol.
3155 794 3265 871 81]
3309 788 3819 873 imperfectionis
3861 789 4242 855 subsidium.

2891 961 3252 1027 Nullumne
3308 909 3922 1043 pmterssmffll'um
3995 960 4196 1025 finem
4261 960 4663 1045 propositum

2721 1045 2970 1112 habent
3012 1047 3142 1112 duo
3188 1046 3348 1111 haec
3390 1045 3843 1113 sacramenta?

2894 1216 3071 1284 Sunt
3112 1217 3312 1282 etiam
3353 1167 3773 1300 professibuffss
3816 1223 4082 1282 nostrae
4125 1223 4319 1282 notae
4363 1224 4431 1281 et
4476 1214 4664 1299 quasi

2720 1308 3004 1368 tesserae
3061 1302 3394 1386 quaedam.
3483 1302 3760 1367 Illorum
3814 1304 3992 1367 enim
4052 1323 4175 1368 usu
4238 1302 4436 1367 fidem
4492 1300 4665 1384 apud

2721 1388 3019 1454 homines
3064 1397 3358 1453 nostram
3398 1391 3800 1471 profitemur,
3845 1396 3912 1453 et
3942 1395 4265 1460 testamur
4294 1408 4417 1453 nos
4460 1406 4664 1452 unum

2720 1474 2964 1540 habere
3007 1475 3077 1538 in
3122 1473 3391 1540 Christo
3434 1474 3769 1557 religionis
3809 1494 4215 1539 consensum.

3562 1680 3821 1715 lumenta.

2892 1729 2968 1797 Si
3032 1731 3405 1813 quempiam
3454 1731 3866 1814 contingeret
3922 1751 4146 1795 eorum
4201 1750 4398 1795 usum
4443 1749 4664 1811 asper-

2717 1817 2880 1895 nari,
2926 1837 3052 1899 quo
3093 1816 3234 1882 1666
3277 1815 3619 1881 habendus
3653 1815 3869 1880 esset?

2887 1987 3075 2053 Haec
3160 2007 3316 2051 vero
3389 1937 3902 2070 obliquamlesset
3974 1974 4227 2051 Christi
4298 1984 4661 2069 abnegatio,

2717 2071 2914 2138 Certe
2966 2074 3076 2163 qui
3148 2073 3300 2138 talis
3354 2086 3481 2151 est,
3540 2093 3740 2155 quum
3786 2094 3857 2138 se
3900 2073 4327 2138 christianum
4372 2070 4666 2136 confiteri

2716 2179 2870 2310 2131ss
2872 2158 3242 2309 ogig-mur,
3310 2158 3625 2243 indignus
3685 2166 3817 2237 est,
3885 2158 3999 2242 qui
4049 2159 4225 2223 inter
4277 2156 4665 2223 christianos

2889 2411 3157 2480 Satisne
3210 2422 3340 2495 est,
3399 2415 3472 2479 in
3528 2364 3996 2481 tglzualxflnmniritam
4048 2420 4402 2496 utrumque
4458 2410 4663 2478 semel

2716 2499 3080 2583 recepisse?

3608 2620 3760 2656 runa.
3788 2598 3797 2605 ”

2881 2670 3107 2754 Usque
3163 2669 3325 2737 adeo
3379 2671 3625 2737 sufficit
3676 2692 3848 2735 66116
3900 2669 4294 2751 baptismus,
4352 2677 4431 2734 61
4472 2690 4664 2753 repe-

2710 2762 2853 2821 tere
2896 2758 2996 2822 fas
3038 2777 3172 2822 non
3216 2757 3321 2822 sit.
3412 2757 3672 2822 Coenae
3716 2766 3936 2821 autem
3982 2756 4244 2821 diversa
4283 2763 4385 2821 est
4426 2758 4614 2822 ratio.

3554 2962 3811 2998 amoma.

2879 3009 3073 3094 Quod
3116 3018 3217 3079 661
3254 3012 3600 3079 discrimen
3642 3011 3853 3078 illud?
3874 3040 3891 3054 ν

3601 3135 3752 3172 Ptmn..

2874 3185 3009 3250 Per
3066 3184 3462 3268 baptismum
3526 3208 3647 3253 nos
3697 3186 3996 3270 adoptat,
4061 3191 4128 3249 et
4188 3185 4260 3248 in
4314 3184 4659 3251 ecclesiam

2706 3292 2895 3337 suam
2939 3270 3167 3355 allegit
3188 3273 3536 3351 Dominus,
3580 3281 3657 3338 ut
3700 3293 3817 3356 pro
3852 3270 4224 3336 domesticis
4261 3292 4380 3335 666
4416 3271 4659 3335 exinde

2705 3357 2959 3422 habeat.
3047 3358 3406 3440 Postquam
3449 3380 3572 3424 nos
3616 3357 3963 3440 adscripsit
4003 3358 4073 3420 in
4108 3378 4457 3420 numerum
4505 3379 4658 3424 suo-

2705 3465 2873 3522 rum,
2907 3463 3027 3526 per
3058 3462 3325 3508 coenam
3358 3453 3655 3524 testatur,
3693 3444 3775 3509 de
3806 3444 3994 3509 nobis
4031 3442 4443 3507 continenter
4475 3443 4659 3508 alen-

2705 3527 2807 3594 dis
2847 3549 3072 3595 curam
3114 3549 3185 3594 se
3229 3529 3486 3594 habere.

2873 3700 3342 3766 Promiscuene
3395 3668 3481 3765 ad
3533 3649 4110 3783 fflff'perffinet
4163 3706 4299 3764 tam
4345 3699 4659 3783 baptismi

2702 3805 2898 3868 quam
2941 3807 3179 3852 coenae
3223 3785 3745 3852 administratio?
4386 3805 4393 3814 ’

2871 3957 3122 4023 Eorum
3141 3958 3200 4041 ⁸)
3258 3957 3497 4042 quibus
3552 3908 3937 4023 tti’ayiildatum
3993 3964 4095 4023 est
4143 3958 4477 4040 publicum
4540 3956 4656 4023 do-

643 4042 1066 4129 d'enseigner.
1180 4043 1315 4109 Car
1371 4065 1445 4109 66
1503 4048 1655 4109 6661
1716 4042 1946 4108 choses
2018 4041 2413 4108 conioinctes
2468 4063 2597 4127 que
2699 4040 2892 4107 cendi
2945 4064 3219 4124 munus,
3287 4044 3588 4127 propriae
3660 4052 3816 4109 sunt
3891 4044 4054 4108 istae
4128 4054 4368 4127 partes.
4468 4042 4656 4110 Sunt

645 4128 727 4196 de
761 4131 1072 4213 prescher
1115 4130 1182 4195 la
1219 4129 1502 4208 Parolle,
1540 4135 1607 4194 61
1640 4127 1995 4195 distribuer
2034 4128 2133 4194 les
2170 4125 2580 4195 Sacremens.

811 4471 986 4536 N’en
1026 4492 1074 4556 y
1117 4490 1159 4536 a
1199 4470 1250 4535 il
1292 4490 1413 4554 pas
1454 4471 1743 4537 cei-taine
1784 4469 2179 4554 probation?

1479 4656 1744 4712 n'mm.

811 4726 966 4814 Ouy
1005 4726 1175 4794 bien.
1235 4726 1370 4794 Car
1410 4735 1633 4792 nostre
1655 4724 1985 4811 Seigneur
2018 4726 2235 4795 donne
2274 4728 2589 4813 speciale-

2696 4129 2874 4193 enim
2917 4150 3024 4195 res
3065 4130 3243 4195 inter
3284 4151 3355 4195 66
3424 4137 3736 4212 perpetuo
3792 4148 3969 4194 nexu
4023 4131 4432 4208 coniunctae,
4492 4149 4653 4213 pas-

2695 4235 2844 4281 cere
2897 4215 3237 4281 ecclesiam
3290 4214 3522 4281 salutis
3584 4214 3911 4293 doctrina,
3964 4222 4032 4280 et
4073 4225 4485 4280 sacramenta
4528 4214 4651 4281 ad-

2692 4300 3083 4366 ministrare.

3530 4421 3793 4458 mmm.

2863 4475 2979 4552 [fol.
3019 4476 3128 4552 82]
3172 4472 3482 4540 Possisne
3538 4472 3709 4537 mihi
3751 4471 4116 4558 scripturae
4159 4473 4533 4557 testimonio
4576 4470 4650 4537 id

2693 4557 3153 4641 comprobare?

3588 4679 3743 4715 runt.

2861 4728 3252 4814 Baptisandi
3308 4727 3572 4813 quidem
3637 4729 4024 4795 mandatum
4081 4727 4389 4795 Christus
4440 4748 4650 4811 pecu-

635 4820 824 4878 ment
863 4813 931 4877 16
974 4813 1217 4899 charge
1261 4819 1304 4879 a
1347 4833 1454 4879 ses
1498 4812 1813 4896 Apostres
1857 4811 1938 4879 (16
1982 4812 2290 4898 baptism,
2334 4836 2588 4881 comme
2692 4813 2948 4880 liariter
3035 4815 3343 4898 apostolis
3421 4813 3621 4881 dedit.
3721 4815 3807 4880 In
3892 4835 4128 4881 coenae
4201 4814 4650 4881 celebratione

637 4897 722 4965 (16
762 4898 1075 4983 prescher
1117 4898 1386 4986 (Matth.
1427 4902 1528 4978 28,
1571 4899 1698 4983 19).
1787 4899 1881 4964 Et
1923 4901 2241 4967 touchant
2281 4900 2349 4966 la
2384 4900 2585 4981 0666,
2690 4900 3069 4986 exemplum
3112 4922 3309 4967 suum
3348 4901 3548 4967 iussit
3589 4921 3710 4966 nos
3769 4900 3969 4984 sequi.
4047 4900 4374 4966 Referunt
4413 4911 4649 4966 autem

946 5206 1007 5274 1)
1045 5208 1347 5277 perfectiori
1381 5205 1533 5265 1548.
1803 5206 2561 5333 2)⁰Lelubg>ud;m3t2htegl-²
2575 5206 2630 5333 Δλ

633 5278 669 5333 a
701 5278 796 5347 qui
827 5292 897 5332 66
933 5274 1088 5332 doibt
1122 5284 1268 5333 estre
1302 5277 1517 5333 11611166.
1551 5305 1618 5317 -
1649 5278 1796 5335 Pour
1833 5293 1868 5332 6

941 5343 1005 5413 8)
1039 5345 1405 5417 Nequaquam,
1439 5346 1536 5403 sed
1569 5362 1758 5404 eorum
1980 5344 2119 5401 1576
2149 5360 2293 5418 seqq.

2661 5208 3096 5333 fficssssgmfflt
3129 5207 3197 5264 (16
3231 5207 3490 5279 baptizer,
3528 5214 3585 5264 et
3620 5207 3961 5266 administret
3993 5208 4049 5263 la
4072 5207 4231 5263 0666.
4269 5235 4337 5245 -
4370 5207 4455 5263 La
4486 5206 4644 5262 06116
