4999 6179
408 479 524 541 121

1195 687 1264 723 u
1294 688 1554 725 mu.

577 735 929 804 Comment
968 745 1373 804 monstreras
1416 747 1494 804 tu
1536 739 1695 823 qu'il
1736 740 1849 825 n'y
1891 761 1933 804 a
1972 741 2162 824 point
2195 738 2363 805 d’in·

402 823 805 891 convenient
845 844 932 889 en
973 822 1157 890 cela?

1248 926 1517 982 n’mnir.

575 995 831 1061 Pource
895 1016 1025 1079 que
1078 995 1146 1061 la
1202 995 1650 1063 Circoneision
1726 996 1923 1062 estoit
1975 998 2154 1062 aussi
2207 995 2363 1062 bien

407 1080 799 1149 8661616661
842 1080 923 1147 (16
961 1082 1337 1165 penitenee:
1385 1104 1637 1149 comme
1681 1082 1917 1167 Moyse
1962 1091 2031 1147 61
2063 1082 2160 1151 168
2194 1084 2361 1149 Ρ16-

401 1170 641 1254 phetes
683 1165 1046 1233 declairent
1101 1169 1331 1250 (Deut.
1375 1175 1471 1250 10,
1514 1175 1589 1232 16
1629 1176 1697 1236 et
1739 1174 1840 1248 30,
1880 1174 1948 1248 6;
1995 1170 2120 1234 161.
2157 1176 2217 1245 4,
2255 1169 2358 1254 4):

401 1263 472 1322 et
511 1253 899 1425 86)(11661661
940 1253 1022 1319 (16
1057 1253 1222 1355 Fey,
1260 1277 1512 1321 comme
1547 1253 1644 1319 dit
1685 1256 1897 1322 sainct
1930 1255 2101 1321 Paul
2137 1255 2360 1340 (Rom.

403 1348 469 1423 4,
511 1346 583 1405 11
625 1391 640 1405 .

397 1429 598 1495 aaran
729 1339 824 1405 Et
876 1341 1220 1406 toutesfois
1260 1341 1439 1407 Dieu
1483 1345 1639 1407 n'en
1691 1362 1732 1406 a
1772 1341 2004 1407 excluz
2049 1342 2144 1407 168
2187 1341 2361 1425 petis

600 1450 651 1492 s.
987 1452 992 1467 ·

1201 1547 1268 1582 m
1305 1547 1567 1584 mmm.

572 1600 748 1666 Mais
790 1605 1173 1683 pourras-tu
1217 1596 1372 1663 bien
1417 1609 1747 1664 monstrer
1785 1598 1946 1682 qu’il
1989 1621 2034 1683 y
2091 1598 2187 1662 ait
2227 1620 2360 1663 une

399 1707 651 1754 mesme
693 1684 932 1762 raison,
975 1684 1060 1750 de
1101 1684 1199 1749 168
1239 1684 1538 1751 recevoir
1581 1706 1667 1751 au
1707 1685 2065 1769 Baptesme
2109 1706 2361 1750 comme

400 1780 447 1840 a
486 1773 553 1838 la
596 1769 1087 1839 Circoncision?

1025 1886 1034 1893 ·
1243 1873 1512 1928 n’mur.
2111 1910 2116 1921 .

578 1944 735 2029 Ouy
778 1944 950 2010 bien.
1051 1942 1187 2008 Car
1237 1943 1333 2008 les
1383 1964 1749 2026 promesses
1792 1964 1918 2026 que
1958 1942 2137 2008 Dieu
2180 1944 2363 2009 avoit

399 2032 908 2098 anciennement
941 2030 1095 2094 faict
1128 2036 1169 2094 a
1202 2048 1320 2094 son
1356 2028 1593 2112 peuple
1628 2028 1920 2108 (1Ἰ81661,
1966 2037 2116 2095 8661
2147 2030 2362 2095 main-

401 2125 636 2184 tenant
676 2116 1022 2183 estendues
1063 2136 1186 2199 par
1228 2124 1371 2179 tout
1411 2114 1476 2179 16
1518 2115 1774 2180 monde.

1197 2236 1264 2271 m
1299 2237 1558 2271 mm.

573 2289 749 2356 Mais
793 2286 1144 2354 s'ensuit-il
1191 2284 1271 2350 (16
1316 2286 1471 2365 6616,
1520 2308 1645 2370 6116
1687 2309 1853 2353 6668
1897 2288 2170 2355 devions
2204 2308 2360 2352 user

404 2376 495 2442 du
538 2374 771 2460 signe?

1247 2476 1517 2530 n’urur.

573 2549 636 2613 Il
680 2554 782 2613 est
824 2546 1013 2623 ainsi,
1057 2543 1280 2629 quand
1321 2545 1383 2610 16
1428 2553 1575 2611 tout
1615 2566 1764 2610 8616
1806 2546 1961 2611 11166
2003 2543 2355 2612 66681(161·6.

403 2634 540 2702 061
593 2635 782 2700 Iesus
834 2632 1066 2699 Christ
1119 2654 1204 2696 66
1258 2652 1423 2697 nous
1477 2654 1518 2697 a
1566 2652 1687 2715 pas
1741 2632 1901 2697 faict
1961 2633 2359 2716 participans

401 2720 484 2786 de
526 2723 595 2787 la
660 2741 855 2805 31666
899 2719 1010 2803 6111
1056 2719 1232 2783 avoit
1272 2739 1359 2783 au
1403 2726 1732 2802 paravant
1786 2727 1927 2784 6816
1981 2739 2067 2783 au
2121 2739 2244 2801 peu
2298 2715 2357 2780 16

402 2807 707 2886 d’Israel,
765 2827 932 2890 pour
985 2802 1392 2869 l‘amoindrir
1444 2826 1529 2870 en
1596 2827 1792 2884 nous,
1850 2826 1934 2870 ou
1989 2805 2057 2870 la
2119 2824 2237 2868 ren
2289 2823 2359 2867 re

396 2895 553 2978 plus
596 2894 868 2959 obscure
913 2890 1147 2975 qu’elle
1191 2890 1472 2955 n’estoit.
1572 2891 1748 2957 Mais
1807 2892 2088 2974 plustost
2130 2889 2217 2954 l'a
2257 2909 2359 2955 68-

397 2980 654 3061 6161616,
700 2986 768 3044 61
807 2984 1196 3063 6631666166
1241 2976 1693 3061 d’advantage.

1197 3101 1264 3134 Ln
1299 3099 1559 3135 mm·

567 3153 938 3217 Entens-tu
1005 3171 1131 3233 que
1195 3150 1254 3215 si
1317 3171 1483 3216 66118
1544 3171 1630 3215 66
1696 3148 2018 3216 (16661668
2073 3149 2135 3215 16
2176 3149 2357 3232 Bap-

390 3246 606 3304 tesme
664 3245 778 3317 [fol.
819 3243 928 3318 62]
984 3258 1116 3302 aux
1171 3236 1343 3319 petis
1405 3236 1668 3315 enfans,
1719 3257 1871 3319 -que
1924 3237 1993 3301 la
2276 3234 2357 3301 de

399 3324 581 3390 Dieu
640 3325 844 3391 seroit
898 3321 1263 3389 amoindrie
1319 3343 1440 3406 par
1495 3322 1563 3386 la
1603 3343 1821 3388 venue
1878 3322 1968 3387 (111
2028 3258 2357 3406 86136661·

389 3410 630 3478 Iesus?
1501 3425 1511 3431 ·

1249 3511 1514 3566 n'mrm.

572 3580 728 3669 Ouy
771 3583 942 3650 bien.
1033 3579 1169 3647 Car
1223 3581 1285 3646 16
1341 3582 1528 3665 81366
1572 3579 1654 3645 (16
1697 3580 1763 3644 16
1803 3580 2002 3646 116616
2046 3588 2114 3644 61
2156 3580 2354 3644 mise-

390 3669 654 3736 ricorde
698 3669 779 3735 (16
823 3669 1000 3733 Dieu
1044 3689 1159 3733 sur
1200 3688 1324 3733 1166
1369 3668 1629 3745 enfans,
1677 3666 1900 3749 qu'ont
1942 3688 2023 3731 eu
2069 3667 2167 3731 168
2210 3668 2353 3731 Α6-

1751 480 2413 550 ΟΑΤΕΟΗΙΒΜΠΒ
2458 482 3076 551 GENEVENSIS.

4302 494 4423 557 122

3320 694 3578 730 mm

2641 746 2759 822 [fol.
2808 749 2917 823 ⁷5]
2983 744 3330 812 Poterisne
3383 745 3637 811 ratione
3705 744 4153 813 demonstrare
4168 798 4186 826 ,
4254 748 4426 815 611111

2464 848 2609 893 6886
2652 830 2725 894 16
2770 849 2850 894 ea
2891 850 2965 895 re
3009 830 3323 897 absurdi?

3373 952 3525 989 Pm-

2641 999 2849 1069 Sane:
2908 1004 2965 1068 si
3017 1003 3183 1068 mihi
3242 1023 3625 1070 concessum
3678 1003 3907 1083 fuerit,
3967 1004 4139 1069 nihil
4191 1006 4423 1072 Domi-

2464 1109 2627 1153 num
2677 1089 3042 1155 instituisse
3059 1141 3074 1168 ,
3145 1089 3319 1173 quod
3373 1091 3461 1154 sit
3512 1111 3553 1154 a
3606 1088 3860 1154 ratione
3913 1089 4421 1159 dissentaneum.

2464 1173 2527 1238 N
2533 1193 2641 1238 am
2717 1196 2921 1259 quum
2999 1175 3566 1242 circumcisionem
3646 1176 4089 1259 poenitentiae
4157 1178 4424 1263 81366111

2465 1260 2667 1326 fuisse
2736 1260 2984 1327 Moises
3048 1270 3117 1326 61
3182 1282 3410 1326 6111668
3477 1262 3841 1346 prophetae
3902 1260 4204 1328 doceant:
4267 1264 4423 1330 fidei

2465 1345 2667 1410 etiam
2713 1356 3201 1412 sacramentum
3216 1400 3233 1426 ,
3302 1356 3470 1413 teste
3523 1346 3737 1412 Paulo
3751 1399 3768 1426 ,
3827 1348 4057 1414 fuerit:
4118 1349 4422 1416 videmus

2465 1438 2692 1496 tamen
2738 1439 2812 1497 ut
2853 1434 3141 1498 infantes
3185 1435 3267 1498 ab
3311 1454 3389 1498 66
3428 1454 3563 1497 666
3608 1433 3979 1500 excluserit.
4088 1472 4097 1477 -

3318 1554 3576 1589 mm.

2641 1600 2779 1668 Sed
2824 1603 3144 1669 eademne
3187 1625 3401 1681 661186,
3446 1625 3613 1687 61166
3657 1604 3730 1668 16
3775 1603 4268 1672 circumcisione
4310 1626 4427 1673 va-

2464 1686 2608 1768 luit,
2656 1710 2835 1755 61166
2880 1688 2965 1755 6(1
3009 1690 3413 1773 baptismum
3455 1688 3850 1755 admittendi
3892 1691 4094 1757 sunt?

3369 1898 3522 1933 mk.

2640 1947 2930 2012 Prorsus
2974 1944 3231 2012 eadem:
3277 1969 3479 2031 quum
3518 1948 3979 2030 promissiones
3992 2001 4007 2027 ,
4063 1970 4226 2031 quas
4267 1949 4426 2015 olim

2464 2033 2650 2097 Deus
2703 2032 2941 2115 populo
2985 2034 3341 2099 israelitico
3397 2033 3697 2110 dederat,
3751 2055 3930 2099 nunc
3983 2034 4117 2099 sint
4161 2055 4279 2118 per
4321 2043 4421 2102 to-

2463 2125 2610 2182 tum
2656 2118 2881 2184 orbem
2926 2119 3313 2203 publicatae.

3313 2240 3573 2275 mmm

2637 2289 2844 2373 Atqui
2898 2310 3063 2354 num
3112 2289 3268 2356 inde
3326 2290 3581 2375 colligis
3623 2291 3889 2374 signum
3929 2311 4187 2375 quoque
4230 2314 4423 2359 usur-

2461 2375 2755 2459 pandum
2799 2375 2987 2441 esse?

3367 2498 3518 2534 rm

2638 2547 2771 2629 Qui
2814 2549 2981 2614 bone
3024 2547 3331 2630 utrinque
3375 2547 3703 2633 expendet
3744 2549 3981 2628 omnia,
4026 2547 4152 2614 hoc
4195 2569 4421 2615 conse-

2462 2636 2575 2717 qui
2628 2633 3128 2700 animadvertet.
3216 2635 3448 2718 Neque
3501 2636 3680 2699 enim
3723 2635 3862 2700 eius
3919 2636 4197 2718 gratiae,
4255 2656 4423 2718 quae

2461 2720 2696 2786 Israeli
2741 2732 2893 2786 ante
2952 2719 3188 2785 collata
3231 2721 3476 2800 fuerat,
3535 2719 3659 2787 hac
3702 2721 3848 2806 1636
3905 2741 4024 2786 668
4068 2721 4421 2805 participes

2463 2807 2621 2872 fecit
2662 2806 2999 2884 Christus,
3045 2814 3122 2869 ut
3164 2806 3267 2871 vel
3322 2806 3656 2873 obscurior
3698 2829 3857 2892 erga
3900 2829 4021 2873 nos
4064 2813 4267 2885 esset,
4312 2806 4419 2873 vel

2465 2893 2686 2976 aliqua
2740 2914 2824 2958 ex
2880 2900 3067 2976 parte
3122 2891 3487 2957 imminuta.
3599 2892 3782 2974 Quin
3836 2893 4054 2977 potius
4111 2901 4177 2958 et
4234 2893 4421 2960 lucu-

2461 2978 2711 3045 lentius
2755 2999 2901 3044 eam
2936 2979 3008 3043 in
3053 2999 3173 3043 1168
3218 2985 3286 3043 61
3329 2977 3769 3045 abundantius
3815 2977 4065 3043 effudit.
4165 3024 4189 3036 -

3315 3099 3574 3136 mm.

2634 3151 2948 3229 Putasne,
2988 3153 3045 3216 si
3081 3173 3122 3217 a
3152 3152 3473 3233 baptismo
3508 3157 3860 3217 arceantur
3889 3151 4194 3231 infantes,
4230 3151 4421 3236 quid-

2459 3259 2659 3320 quam
2701 3244 3049 3320 propterea
3078 3236 3211 3301 Dei
3252 3238 3506 3322 gratiae
3550 3236 3882 3316 decedere,
3928 3244 4006 3302 ut
4047 3235 4176 3304 diei
4216 3240 4423 3322 possit

2463 3323 2715 3390 Christi
2758 3323 3051 3388 adventu
3092 3323 3294 3389 fuisse
3335 3323 3774 3389 imminutam.
3804 3326 3855 3408 ¹)

3358 3529 3509 3567 Ptmn.

2633 3580 2715 3645 Id
2784 3579 3046 3663 quidem
3095 3579 3435 3647 evidenter
3485 3589 3687 3664 patet.
3780 3580 3988 3666 Signo
4041 3582 4218 3647 enim
4265 3582 4418 3648 sub-

2459 3666 2611 3747 late,
2657 3666 2829 3749 quod
2873 3667 2957 3731 ad
3000 3667 3374 3733 testandam
3416 3666 3549 3732 Dei
3590 3667 4109 3734 misericordiam
4153 3675 4223 3733 et
4263 3690 4417 3734 eon-

391 3757 578 3822 eiens
594 3806 610 3835 ,
668 3775 836 3821 116118
890 3752 1310 3819 defauldroit:
1375 3753 1592 3835 lequel
1647 3762 1785 3819 sert
1837 3752 2273 3838 grandement
2315 3758 2356 3816 a
2460 3751 2818 3819 firmandas
2851 3754 3315 3836 promissiones
3358 3754 3721 3837 plurimum
3756 3754 3954 3832 valet,
4001 3753 4256 3819 deesset
4295 3774 4418 3820 no·

393 3850 623 3908 nostre
668 3840 1070 3908 consolation
1091 3891 1106 3917 ,
1159 3848 1226 3905 et
1269 3847 1312 3904 a
1352 3841 1718 3906 confermer
1760 3839 1826 3904 la
1869 3859 2200 3923 promesse
2241 3838 2356 3922 qui
2458 3838 2562 3905 bis
2605 3840 2846 3905 eximia
2888 3840 3262 3920 consolatio,
3304 3861 3433 3924 qua
3472 3840 3864 3906 fruebantur
3905 3847 4181 3906 veteres.

395 3950 442 3994 6
483 3937 621 3993 este
665 3928 860 3994 faicte
903 3925 1020 3992 des
1062 3926 1125 3990 le
1168 3932 1745 3992 commeneement.

1189 4049 1257 4083 u
1287 4047 1547 4083 mm·

574 4101 673 4165 Tu
731 4105 965 4165 entens
1018 4096 1214 4177 (16116,
1270 4099 1421 4182 puis
1463 4118 1593 4181 que
1634 4097 1829 4178 Dieu‚
1876 4118 1946 4164 86
1990 4095 2357 4163 (1661611661

395 4186 908 4252 6661666616661
959 4191 1132 4251 68116
1188 4182 1498 4250 Sauveur
1569 4183 1685 4250 des
1748 4184 1920 4268 petis
1986 4184 2245 4262 enfans,
2315 4204 2355 4248 a

394 4272 604 4340 voulu
657 4280 833 4338 ceste
887 4290 1220 4353 promesse
1276 4277 1450 4336 estre
1504 4270 1740 4335 8661166
1792 4291 1876 4335 66
1931 4268 2109 4335 leurs
2164 4290 2353 4352 corps

392 4378 524 4443 par
565 4356 956 4425 8661616661
991 4358 1345 4436 exterieur,
1382 4377 1508 4439 que
1542 4360 1700 4421 c’est
1743 4355 1895 4421 bien
1939 4357 2156 4421 raison
2192 4355 2353 4439 qu’il

389 4443 517 4528 n’y
562 4446 654 4509 ait
704 4464 825 4529 pas
880 4445 1092 4509 moins
1135 4441 1216 4508 de
1259 4442 1716 4509 confirmation
1761 4441 1989 4526 depuis
2032 4442 2096 4506 la
2140 4463 2352 4507 venue

393 4531 483 4597 (16
529 4529 784 4596 Christ:
838 4551 972 4596 veu
1024 4550 1149 4612 que
1203 4527 1272 4594 16
1327 4549 1576 4594 1668616
1630 4545 1964 4613 promesse
2021 4527 2348 4607 demeure,

387 4625 467 4684 et
520 4636 769 4683 mesme
823 4625 925 4682 est
977 4614 1128 4700 plus
1182 4614 1568 4681 clairement
1618 4614 1896 4680 testifiee
1948 4611 2030 4678 de
2082 4614 2348 4698 parelle,

386 4711 465 4770 et
502 4704 751 4769 ratifiee
796 4702 878 4769 de
918 4703 1093 4768 faict.

1243 4803 1506 4857 n'rmrm.

573 4872 745 4960 Ouy.
844 4873 939 4939 Et
1000 4871 1466 4957 d'advantage,
1533 4874 1683 4956 puis
1746 4894 1874 4956 que
1932 4876 2093 4938 e'est
2151 4872 2351 4939 611686

393 4961 656 5026 11616116
698 4979 823 5043 6116
878 4959 945 5024 16
995 4965 1193 5025 vertu
1238 4968 1304 5024 et
1349 4959 1415 5023 la
1466 4960 1818 5026 substance
1862 4958 1952 5024 du
1996 4959 2351 5042 Baptesme

391 5047 778 5130 appartient
831 5066 965 5110 aux
1020 5046 1191 5130 petis
1247 5045 1510 5126 enfans,
1567 5067 1651 5110 on
1695 5047 1841 5112 leur
1881 5047 2074 5112 feroit
2113 5045 2350 5126 iniure,

389 5132 483 5200 (16
526 5133 670 5198 leur
714 5131 942 5198 denier
979 5132 1043 5197 le
1087 5131 1276 5217 81366
1318 5131 1432 5216 qui
1472 5140 1575 5197 est
1613 5132 1945 5198 inferieur.

2632 4095 2746 4163 Sic
2801 4117 2957 4181 6136
3000 4098 3236 4162 sentis:
3289 4047 3520 4179 6111113111Ε
3522 4047 3721 4163 ΙΙ1’)6118
3782 4097 3903 4163 sub
3948 4098 4160 4162 veteri
4213 4105 4414 4164 testa-

2455 4191 2711 4262 mento,
2767 4190 2844 4248 ut
2897 4204 2969 4248 se
3019 4191 3276 4266 patrem
3320 4183 3746 4265 parvulorum
3794 4187 3912 4263 [fol.
3953 4188 4060 4264 76]
4112 4185 4415 4251 ostende·-

2455 4278 2589 4347 ret‚
2647 4269 2881 4335 salutis
2934 4270 3432 4352 promissionem
3476 4269 3549 4333 in
3594 4290 3820 4334 eorum
3876 4271 4256 4354 corporibus
4311 4273 4413 4337 in·

2454 4355 2775 4438 sculptam
2821 4375 2965 4421 6886
3008 4356 3292 4422 voluerit
3326 4356 3514 4437 signo
3556 4354 3816 4433 visibili,
3862 4357 4207 4441 indignum
4252 4358 4407 4435 fore,

2454 4442 2514 4507 si
2565 4442 2787 4506 minus
2842 4441 3356 4507 confirmationis
3402 4463 3442 4505 6
3485 4441 3734 4506 Christi
3784 4441 4076 4508 adventu
4124 4443 4410 4509 habeant

2453 4527 2714 4592 fideles:
2759 4528 3020 4610 quando
3065 4538 3133 4594 et
3175 4525 3403 4593 eadem
3449 4528 3646 4593 hodie
3690 4528 3877 4594 nobis
3910 4530 4250 4612 promissio
4293 4528 4406 4593 de-

2455 4613 2775 4693 stinatur,
2845 4635 3011 4696 61166
3064 4614 3221 4680 olim
3277 4615 3603 4697 patribus:
3673 4623 3742 4680 et
3797 4615 4040 4680 elarius
4097 4614 4407 4680 bonitatis

2453 4721 2613 4766 suae
2647 4700 2975 4783 specimen
3019 4700 3207 4767 nobis
3240 4700 3313 4765 in
3357 4700 3626 4767 Christo
3670 4701 3969 4766 exhibuit
4010 4697 4213 4766 Deus.

3352 4822 3507 4858 PUER-

2629 4868 2743 4936 816
2784 4873 3014 4937 866116.
3103 4873 3461 4938 Ρ16616166
3503 4892 3707 4956 quum
3750 4872 3911 4935 satis
3954 4877 4226 4951 constet,
4267 4874 4406 4939 vim

2454 4957 3048 5040 substantiamque,
3107 4968 3186 5023 ut
3240 4960 3332 5023 ita
3375 4957 3634 5041 loquar,
3690 4956 3997 5039 baptismi
4042 4957 4407 5025 infantibus

2454 5063 2598 5109 esse
2656 5064 3105 5111 communem:
3163 5045 3221 5112 si
3274 5045 3409 5110 illis
3461 5051 3819 5127 negaretur
3873 5044 4171 5129 signum,
4232 5043 4404 5126 quod

2452 5129 2734 5196 veritate
2777 5139 2880 5196 est
2919 5131 3215 5209 inferius,
3260 5138 3488 5214 aperta
3529 5129 3661 5195 illis
3702 5130 3944 5195 iniuria
3981 5132 4189 5195 fieret.

707 5423 767 5493 1)
807 5423 1092 5480 Guttam
1124 5422 1458 5480 mondavit.-
1489 5423 1778 5490 imminuta,
1814 5420 1964 5491 quod
1994 5429 2271 5491 nequeam
2305 5429 2613 5478 emanmt.
