4999 6179
2052 474 2795 546 PROLEGOMENA.
4179 480 4433 548 XXIX

396 665 775 747 hibuerunt,
817 686 1175 750 eorumque
1215 666 1561 733 molimina
1601 688 1737 732 non
1782 666 1912 732 alio
1957 675 2289 751 spectasse
2334 666 2773 746 demonstrat,
2828 667 2956 732 nisi
3014 674 3089 732 ut
3131 668 3441 735 ecclesiae
3485 676 3696 735 status
3741 690 3826 734 ex
3867 670 4151 752 pessimo
4195 670 4433 737 saltem

396 778 738 863 aliquanto
793 778 1026 844 melior
1077 780 1283 845 fieret.
1381 779 1517 845 Ubi
1570 779 1767 843 simul
1826 778 2355 845 adversariorum
2413 778 2778 845 calumnias
2832 778 3089 845 sortiter
3130 786 3198 845 et
3254 780 3530 847 feliciter
3586 780 3854 860 refellit,
3913 790 4109 865 atque
4166 782 4432 868 singula

394 896 695 956 recenset
736 889 1045 974 dogmata
1098 888 1335 973 quibus
1389 889 1578 973 plebs
1633 890 1995 958 christiana
2037 891 2123 957 ad
2173 890 2526 975 pristinam
2570 890 3018 973 apostolorum
3061 912 3365 958 normam
3420 893 3729 959 instituta
3781 914 3857 959 66
3912 893 4267 959 reformata
4309 902 4429 974 est,

392 1000 817 1086 singulosque
879 1001 1270 1087 perstringit
1330 1002 1600 1081 abusus,
1658 1001 1895 1086 quibus
1948 1002 2207 1069 abolitis
2273 1010 2340 1068 et
2401 1003 2633 1085 purior
2682 1001 2900 1068 cultus
2945 1008 3045 1068 est
3099 1005 3443 1071 restitutus
3500 1005 3568 1070 e‘t
3610 1005 3950 1090 regiminis
4007 1005 4431 1072 ecclesiastici

389 1113 625 1181 iustior
666 1120 734 1179 et
777 1114 1120 1181 honestior
1162 1113 1374 1179 forma
1415 1114 1647 1180 multis
1691 1114 1763 1178 in
1806 1114 1968 1180 locis
2011 1115 2317 1181 obtinuit.
2410 1113 2720 1197 Denique
2763 1096 3119 1180 Caesarem
3162 1117 3526 1182 obtestatur
3579 1137 3665 1182 ne
3710 1116 3959 1182 diutius
4006 1116 4272 1183 differre
4314 1138 4430 1184 ve-

388 1225 471 1290 lit
511 1224 969 1292 reformandae
1025 1226 1332 1292 ecclesiae
1389 1246 1615 1292 curam
1630 1277 1645 1304 ‚
1700 1246 1902 1309 quam
1946 1245 2173 1291 omnes
2229 1227 2491 1310 imperii
2550 1233 2763 1291 status
2807 1226 2879 1290 in
2920 1247 3178 1294 summo
3222 1227 3601 1295 discrimine
3658 1234 4028 1307 versantes,
4092 1229 4429 1296 unanimis

388 1337 563 1403 votis
607 1338 992 1423 efflagitent,
1039 1357 1253 1421 neque
1298 1358 1445 1403 eam
1480 1338 1551 1401 in
1596 1336 1946 1403 concilium
1990 1338 2369 1404 universale
2410 1337 2711 1417 reiicere,
2769 1337 2942 1421 quod
2992 1339 3101 1404 vel
3143 1360 3482 1423 nunquam
3527 1348 3824 1425 cogetur,
3862 1360 4240 1424 quanquam
4286 1361 4429 1406 sae-

386 1449 658 1532 pissime
712 1449 1145 1533 promissum,
1205 1449 1344 1528 vel,
1406 1448 1464 1515 si
1507 1454 1810 1533 cogatur,
1868 1449 2092 1513 omnia
2134 1449 2356 1532 potius
2399 1449 2782 1514 moliturum
2829 1450 2947 1527 sit,
3007 1470 3206 1533 quam
3250 1472 3603 1534 passurum
3649 1459 3727 1518 ut
3770 1452 4132 1536 collapsum
4176 1450 4429 1517 Christi

388 1581 677 1645 regnum
722 1560 997 1626 tandem
1040 1560 1391 1644 aliquando
1434 1566 1753 1645 resurgat.

697 1669 924 1738 Semel
955 1672 1066 1737 hic
1109 1672 1373 1739 Calvini
1410 1671 1673 1738 libellus
1719 1672 2075 1755 separatim
2120 1671 2380 1756 prodiit,
2425 1678 2492 1738 et
2534 1672 2831 1756 quidem,
2877 1680 2955 1738 ut
2998 1672 3291 1750 videtur,
3344 1675 3478 1739 iam
3525 1680 3680 1739 ante
3724 1682 4122 1759 congregata
4166 1674 4429 1739 comitia

383 1782 746 1869 Spirensia.
838 1785 993 1868 Ipse
1036 1784 1215 1849 enim
1260 1792 1449 1850 autor
1491 1785 1562 1848 in
1602 1782 1816 1849 literis
1861 1781 1919 1847 d.
1971 1788 2069 1847 25.
2112 1784 2343 1850 Martii
2391 1788 2556 1848 1544
2604 1784 2690 1849 ad
2724 1783 3065 1851 Farellum
3101 1783 3292 1863 datis,
3329 1804 3610 1868 quarum
3646 1786 4105 1870 autographon
4142 1786 4428 1852 habetur

378 1896 455 1960 in
499 1894 717 1962 codice
761 1895 1071 1962 Gothano
1117 1894 1246 1981 (ed.
1291 1894 1833 1962 Bretschncideri
1875 1916 2023 1980 pag.
2065 1895 2206 1980 25),
2267 1895 2432 1961 haec
2476 1894 2732 1962 scribit:
2799 1896 3029 1978 Nuper
3070 1894 3294 1960 David
3350 1917 3429 1961 ex
3480 1897 3838 1964 Germania
3878 1897 4085 1963 rediit.
4175 1897 4430 1963 Literas

379 2006 595 2073 amalit
647 2028 690 2073 a
742 2005 995 2073 Bueero
1008 2059 1022 2087 ,
1082 2006 1311 2090 quibu-s
1365 2007 1684 2074 indicabat
1737 2026 1803 2073 se
1846 2007 2161 2089 postridie
2220 2006 2487 2089 Spiram
2543 2007 2803 2072 iturum.
2902 2006 3214 2072 Libellum
3266 2028 3474 2073 meum
3529 2010 3670 2074 sine
3718 2010 4065 2092 exceptione
4106 2010 4421 2081 laudabat.

382 2118 647 2202 Inepte&
690 2140 833 2184 sum
872 2121 984 2202 qui
1026 2121 1241 2200 capita
1284 2119 1503 2202 resera,
1548 2139 1742 2201 quum
1785 2121 2111 2203 exemplar
2156 2118 2271 2184 aba·
2315 2119 2554 2184 mittere
2596 2121 2802 2185 satius
2843 2120 2943 2183 sit.
3032 2119 3138 2184 De
3182 2138 3466 2201 quonam
3512 2120 3620 2186 hic
3664 2120 3973 2205 loquatur
4014 2121 4256 2203 libello,
4303 2123 4425 2188 du-

378 2230 531 2298 bius
575 2231 847 2297 haerere
884 2251 1021 2296 non
1066 2230 1328 2314 poteris.
1418 2230 1685 2296 Titulus
1731 2230 1840 2297 hic
1885 2238 2012 2297 est:

693 2328 1265 2414 SVPPLEX
1346 2336 1358 2441 Ι
1434 2339 2056 2410 EXHORTATIO
2103 2342 2233 2408 AD
2278 2342 2411 2407 IN-
2431 2338 2749 2428 {vlcr1ss
2787 2351 3184 2407 CAESAREM
3230 2344 3648 2426 GA-1ROLVM
3687 2352 4029 2422 varvm
4063 2355 4160 2410 ET
4194 2345 4420 2435 1LLv-1

378 2454 585 2521 striss.
632 2454 999 2539 Principes,
1047 2454 1338 2538 aliosque
1372 2453 1657 2533 ordines,
1705 2451 1944 2537 Spirae
1980 2475 2157 2520 nunc
2202 2455 2324 2519 im·
2342 2453 2353 2541 Ι
2371 2453 2538 2537 perii
2583 2460 2986 2519 conuentum
3031 2460 3321 2538 agentes.
3385 2454 3482 2521 Ut
3525 2454 3972 2521 restituendae
4008 2456 4136 2522 Ec·
4153 2454 4164 2541 Ι
4181 2458 4417 2525 clesiae

376 2586 608 2632 curam
668 2568 841 2633 serio
888 2566 1100 2633 velint
1154 2565 1505 2648 suscipere.
1559 2566 1569 2649 Ι
1905 2567 1913 2650 Ι
1964 2567 2223 2632 Eorum
2266 2568 2567 2632 omnium
2625 2565 2893 2630 nomine
2935 2565 3143 2645 edita,
3204 2567 3315 2650 qui
3365 2565 3657 2656 omn-1
3680 2565 3936 2633 STVM
3980 2589 4260 2653 regnare
4303 2591 4418 2635 cu-

373 2678 587 2762 piunt.
642 2679 652 2762 1
988 2679 999 2762 Ι
1051 2676 1180 2743 Per
1223 2676 1310 2743 D.
1357 2677 1538 2745 Ioan.
1589 2676 1953 2745 Caluinum.
2012 2680 2020 2762 Ι
2070 2688 2373 2757 (Emblema
2407 2684 2774 2758 typographi.)
2855 2677 2863 2762 Ι
2923 2680 3105 2742 1543.

684 2790 932 2856 Forma
972 2790 1402 2874 quaternaria
1455 2789 1690 2856 minor.
1780 2790 2104 2876 Plagulae
2160 2798 2547 2857 octonarum
2599 2790 2996 2875 paginarum
3053 2789 3507 2876 duodeviginti
3565 2792 3805 2878 (a—s),
3860 2792 4145 2877 paginae
4189 2813 4422 2859 nume-

374 2910 560 2967 ratae
612 2905 753 2969 142.
840 2902 1096 2970 Ultimo
1150 2901 1306 2968 folio
1364 2909 1545 2969 recto
1605 2910 1827 2968 errata
1869 2902 2192 2968 nonnulla
2246 2902 2661 2968 emendanda
2704 2901 2930 2969 lectori
2986 2903 3462 2987 significantur.
3557 2903 3729 2988 'l'ypi
3776 2903 4162 2988 grandiores
4205 2912 4275 2970 et
4315 2906 4419 2970 in-

376 3014 616 3099 signes,
658 3013 891 3080 charta
933 3014 1244 3098 speciosa.
1334 3013 1762 3100 Typographi
1807 3036 2048 3081 nomen
2091 3034 2305 3098 neque
2347 3014 2419 3079 in
2463 3014 2660 3080 titulo
2702 3035 2916 3098 neque
2959 3014 3030 3079 in
3075 3015 3208 3079 fine
3252 3014 3516 3100 legitur.
3583 3014 3933 3081 Emblema
3975 3016 4233 3100 palmae
4269 3039 4420 3085 cum

374 3147 583 3211 puero
628 3147 950 3210 suspenso
995 3133 1064 3191 et
1108 3127 1344 3213 adagio
1388 3126 1760 3212 subscripto
1816 3127 2148 3213 (Pressa
2191 3126 2665 3209 valentior),
2712 3126 2793 3192 (16
2837 3147 2967 3210 quo
3005 3125 3294 3192 diximus
3336 3129 3407 3192 in
3451 3127 3758 3213 Prolegg.
3799 3129 3992 3194 Tomi
4034 3129 4247 3195 nostri
4291 3130 4418 3195 ΙΠ.

373 3258 523 3323 pag.
572 3237 934 3319 XXXIX„
996 3239 1178 3305 illam
1237 3241 1451 3323 ipsam
1509 3239 1840 3305 officinam
1883 3239 2133 3306 indicat
2174 3239 2241 3304 in
2289 3260 2418 3323 qua
2470 3245 2698 3322 postea
2739 3237 3016 3305 Iacobus
3059 3237 3428 3323 Bourgeois
3467 3239 3727 3322 prelum
3772 3241 4083 3306 exercuit.
4173 3241 4421 3307 Exem-

372 3351 524 3435 plar
569 3348 1176 3435 splendidissimum
1219 3351 1421 3418 huius
1464 3350 1673 3418 libelli
1717 3350 1845 3435 ipsi
1889 3349 2321 3435 possidemus.

688 3461 877 3527 Idem
922 3469 1243 3528 tractatus
1288 3469 1507 3529 exstat
1548 3462 1724 3547 apud
1770 3462 2143 3529 Gallasium
2187 3482 2335 3546 pag.
2376 3465 2716 3526 410—465
2735 3486 2750 3542 ;
2800 3461 2979 3546 apud
3020 3462 3265 3528 Bezam
3322 3481 3470 3546 pag.
3517 3464 3849 3544 63-1073
3906 3465 3977 3530 in
4030 3465 4317 3531 editione
4361 3487 4417 3531 a.

385 3578 548 3639 1597
595 3596 743 3660 pag.
786 3578 1077 3666 49-863
1115 3575 1189 3641 in
1232 3572 1583 3641 Stoeriana
1624 3594 1772 3660 pag.
1814 3577 2101 3656 43—-743
2142 3575 2212 3638 in
2258 3571 2861 3640 Amstelodamensi
2904 3594 3055 3658 pag.
3099 3575 3371 3637 37—64.

690 3685 952 3753 Gallica
1010 3686 1227 3755 versio
1285 3686 1566 3751 latinum
1617 3685 2054 3771 archetypum
2114 3687 2390 3752 minimo
2443 3686 2761 3769 temporis
2819 3686 3030 3769 spatio
3096 3684 3551 3752 intercedente
3607 3693 3885 3768 sequuta
3939 3709 4082 3755 esse
4137 3689 4417 3770 videtur,

377 3819 582 3882 quum
626 3799 845 3882 ipsum
889 3819 1140 3864 annum
1188 3801 1351 3862 1544
1396 3798 1688 3864 natalem
1732 3817 1891 3882 prae
1937 3820 2007 3863 se
2052 3798 2237 3864 ferat.
2329 3796 2539 3865 Cuius
2584 3799 2885 3878 unicum,
2943 3795 3116 3881 quod
3160 3795 3425 3879 quidem
3466 3797 3659 3863 nobis
3703 3798 4024 3878 innotuit,
4071 3801 4412 3884 exemplar

375 3909 853 3977 humanissime
916 3910 1262 3977 nobiscum
1324 3909 1835 3976 communicavit
1891 3909 2018 3974 Vir
2071 3910 2376 3995 egregius
2431 3911 2766 3976 Henricus
2822 3907 3216 3989 Lutteroth‚
3283 3907 3712 3989 Parisiensis,
3778 3911 3963 3977 cuius
4017 3909 4415 3978 bibliotheca

376 4043 695 4109 magnam
737 4021 1059 4087 librorum
1102 4021 1631 4089 calvinianorum
1674 4020 2152 4106 supellectilem
2196 4029 2511 4088 asservat.
2604 4020 2740 4104 Qui
2785 4029 2852 4087 et
2893 4022 3034 4105 ipse
3080 4020 3346 4103 scriptis
3393 4020 3611 4087 varias
3654 4020 3968 4087 historiae
4003 4023 4422 4107 evangelicae

376 4143 603 4219 partes
643 4134 1126 4201 illustrant-ibus
1170 4134 1479 4199 inclaruit
1496 4185 1514 4214 ,
1574 4154 1653 4198 eo
1696 4132 1911 4218 magis
1955 4140 2227 4217 propter
2271 4155 2459 4200 suam
2504 4132 2902 4200 industriam
2945 4130 3319 4198 laudandus
3336 4184 3354 4212 ,
3410 4130 3582 4216 quod
3626 4132 3930 4199 civilibus
3975 4135 4259 4218 negotiis
4305 4136 4420 4202 ad-

376 4247 653 4314 strictus
696 4267 910 4331 neque
954 4247 1027 4312 in
1069 4245 1525 4333 theologorum
1569 4245 1810 4312 scholis
1856 4244 2179 4332 γράμματα
2220 4246 2626 4330 μεμαθηκώς,
2687 4246 2982 4312 animum
3036 4251 3270 4328 sponte
3337 4266 3459 4310 sua
3515 4242 3858 4309 altioribus
3913 4243 4217 4312 advertit.
4308 4247 4419 4312 'ri-

379 4359 566 4425 tulus
610 4358 820 4426 libelli
863 4358 974 4424 hic
1016 4365 1146 4424 est:

696 4455 1342 4543 SVPPLIOA-
1365 4457 1373 4570 Ι
1394 4467 1619 4537 ΤΙΟΝ
1661 4469 1781 4534 ΕΤ
1824 4465 2586 4557 ΒΕΜΟΝ-ΙΒΤΒΑΝΟΕ,
2630 4479 2772 4536 svn
2804 4478 2903 4534 LE
2937 4477 3157 4534 mor
3209 4480 3219 4545 ι
3265 4477 3366 4532 DE
3401 4477 3502 4533 LA
3548 4476 4082 4548 οΗΒΕειΤῙΕΝΤΕ,
4128 4479 4228 4534 ET
4281 4469 4289 4553 Ι
4341 4467 4423 4535 de

381 4584 451 4650 la
495 4583 918 4649 reformation
965 4580 1046 4646 de
1088 4579 1381 4664 l’Eglise,
1426 4581 1619 4648 faicte
1664 4601 1750 4646 au
1797 4579 1807 4664 Ι
1855 4602 2013 4646 nom
2058 4580 2141 4646 (16
2184 4587 2333 4646 tous
2378 4587 2714 4646 amateurs
2770 4580 2858 4646 (111
2903 4582 3137 4664 Regne
3182 4578 3263 4644 (16
3304 4579 3409 4643 Ie·
3431 4583 3439 4664 Ι
3458 4599 3538 4643 su
3582 4577 3846 4659 Christ,
3899 4587 3942 4645 a
3983 4579 4423 4662 l'Empereur,

382 4705 457 4761 et
499 4715 633 4761 aux
676 4694 954 4760 Princes
1001 4691 1014 4777 Ι
1061 4699 1129 4758 et
1171 4699 1374 4757 estatz
1417 4700 1653 4758 tonans
1697 4693 2111 4759 maintenant
2153 4692 2421 4758 iournee
2464 4681 2589 4756 im·
2607 4692 2879 4775 iperiale
2924 4700 2967 4758 a
3010 4690 3226 4775 Spire.
3277 4691 3287 4774 Ι
3339 4696 3688 4764 (Εηιόῑὲηιε.)
3739 4692 3750 4772 Ι
3808 4694 3990 4755 1544.

698 4805 1048 4872 Emblema
1090 4803 1269 4871 idem
1313 4823 1388 4871 66
1432 4804 1505 4869 111
1546 4803 1753 4871 latino
1799 4805 2179 4889 exemplari.
2269 4803 2520 4870 Forma
2561 4803 2896 4869 octonaria
2946 4804 3182 4870 minor.
3272 4799 3761 4884 Quaterniones
3803 4800 4124 4867 tredecim
4166 4802 4422 4890 (a—n).

382 4919 683 5005 Paginae
728 4921 855 4983 206
899 4923 1301 4983 numeratae.
1390 4915 1717 4982 Ultimum
1763 4916 1987 4982 folium
2034 4937 2333 4983 vacuum.
2424 4913 2837 4998 Subscriptio
2877 4915 3076 4980 nulla.

698 5029 963 5095 Inserta
1017 5038 1119 5096 est
1171 5028 1337 5095 haec
1390 5029 1609 5094 versio
1658 5027 1922 5112 utrique
1988 5028 2241 5113 corpori
2298 5028 2725 5094 Tractatuum
2794 5025 3027 5111 gallico
3041 5078 3058 5108 ,
3126 5026 3390 5092 Bezano
3445 5046 3591 5110 pag.
3647 5026 3942 5089 506—57
3949 5027 3986 5087 9
3999 5048 4017 5106 3
4074 5023 4423 5092 Stoeriano

381 5163 535 5229 pag.
586 5145 950 5207 571—658.
