4999 6179
373 435 495 495 277

368 629 543 724 runt.
645 620 783 689 Sed
844 622 1006 723 haec
1057 623 1281 724 omnia
1322 645 1574 724 ‘parum
1616 623 1947 705 valerent,
1994 626 2126 692 nisi
2166 627 2332 695 haec

365 730 684 862 1616
698 707 2329 879 stbrnflfflffimrtxssssafflffi

366 902 444 949 eo
485 881 757 965 proinde
791 883 1083 967 graviter
1114 892 1341 966 peccat
1375 882 1678 967 Pighius,
1723 881 1898 967 quod
1931 883 2088 950 dum
2125 884 2329 952 eccle-

366 968 665 1036 siasticae
719 967 1091 1034 traditionis
1141 976 1494 1053 praetextu
1540 990 1580 1034 a
1637 970 1964 1053 scriptura
2008 991 2127 1037 nos
2172 991 2326 1036 avo-

365 1063 496 1135 cat,
553 1054 913 1121 divortium
963 1055 1123 1122 facit
1377 1062 1533 1120 tuae
1601 1054 1779 1121 illius
1833 1055 2324 1136 coniunctionis,

363 1142 507 1208 sine
547 1162 678 1224 qua
724 1161 957 1224 parum
1011 1141 1347 1207 firmitatis
1401 1141 1603 1208 habet
1653 1140 1963 1207 ecclesiae
2016 1142 2328 1227 magiste-

363 1228 556 1294 rium.
641 1227 707 1293 N
709 1226 930 1312 egabit
971 1227 1096 1293 hoc
1138 1249 1209 1294 se
1246 1228 1478 1307 facere,
1525 1227 1678 1310 quia
1712 1226 2075 1294 secundum
2121 1229 2327 1313 scrip-

363 1320 550 1379 turae
591 1313 808 1380 locum
848 1314 1162 1397 assignet.
1235 1312 1384 1379 Hoc
1417 1321 1538 1393 est,
1572 1312 1838 1392 scilicet,
1882 1334 2073 1379 suam
2109 1334 2326 1381 sacro-

361 1407 589 1466 sancto
629 1400 762 1466 Dei
805 1400 1003 1465 verbo
1045 1399 1319 1483 gloriam
1367 1398 1555 1478 dare,
1614 1406 1692 1463 ut
1732 1419 1934 1481 quum
1979 1399 2326 1466 hominum

359 1485 617 1569 placitis
668 1484 1071 1552 inviolabilis
1126 1485 1495 1551 eonstiterit
1546 1484 1885 1563 maiestas,
1954 1485 2038 1552 ad
2098 1507 2324 1551 eorum

357 1592 751 1638 consensum
801 1592 1063 1656 quoquo
1137 1570 1330 1636 modo
1403 1576 1632 1653 postea
1696 1568 2185 1655 detorqueatur,
2251 1576 2326 1636 ut

355 1655 490 1724 illis
533 1658 918 1725 subserviat.
1007 1658 1121 1722 An
1184 1677 1320 1722 non
1372 1657 1553 1723 enim
1603 1656 1728 1721 hoc
1785 1656 2051 1723 disertis
2105 1646 2324 1723 verbis

358 1742 712 1845 efprimit?
810 1742 1272 1810 Necessarium
1330 1750 1465 1844 est,
1530 1743 1778 1825 inquit,
1846 1739 2012 1807 illud
2076 1743 2321 1827 princi-

356 1829 711 1981 fffioassb
738 1828 1485 1999 fifflffifi‘ss‘azffi
1518 1828 1706 1980 1ῗίἱώ
1706 1833 2011 1980 3233·
2026 1832 2169 1980 81ῗέ
2215 1850 2323 1979 ἓζῐ

359 2003 606 2071 veritas
669 2000 1024 2082 credenda,
1088 2022 1256 2086 quae
1321 2002 1394 2066 in
1444 2000 1629 2067 nullo
1682 2000 1765 2066 ab
1829 2021 1908 2065 ea
1973 1998 2317 2066 discordat.

356 2088 465 2155 Ab
511 2087 635 2155 hac
676 2088 880 2172 igitur
916 2109 1035 2153 nos
1076 2088 1400 2172 inprimis,
1439 2093 1507 2152 et
1548 2094 1700 2153 ante
1739 2087 1976 2164 omnia,
2022 2085 2320 2151 exordie-

355 2173 858 2326 61ιὲᾙῇ
907 2172 2318 2343 161116066161111111

353 2355 433 2412 ut
473 2352 630 2412 sunt
671 2347 1059 2431 scripturae:
1114 2345 1404 2413 secundo
1456 2344 1885 2411 nihilominus
1926 2344 2068 2411 loco
2112 2346 2316 2428 scrip-

351 2440 656 2498 turarum
764 2453 980 2515 uoque
1043 2432 1440 2499 sententiam
1498 2431 2107 2497 demonstrabimus,
2205 2431 2315 2497 En

350 2518 692 2604 praeclara
782 2519 1020 2584 ominis
1061 2518 1420 2603 theologia:
1481 2515 1798 2601 quidquid
1837 2516 2137 2583 homines
2181 2524 2314 2584 sta-

348 2605 632 2685 tuerint,
697 2613 915 2671 ratum
980 2611 1046 2670 et
1120 2604 1576 2671 authenticum
1649 2624 1793 2670 esse
1868 2609 2155 2686 oportet,
2233 2602 2314 2669 de

350 2679 553 2757 vei-bo
594 2691 725 2757 Dei
761 2699 994 2775 postea
1028 2690 1408 2756 viderimus.
1499 2687 1681 2771 Quid
1721 2689 1781 2756 si
1822 2689 2170 2755 manifesta
2209 2690 2314 2754 in-

348 2776 613 2843 terdum
655 2778 1101 2863 repugnantia
1152 2778 1327 2842 inter
1378 2776 1722 2842 hominum
1765 2774 2029 2841 decreta
2071 2783 2141 2841 et
2184 2776 2314 2841 Dei

349 2863 616 2931 oracula
658 2885 730 2930 se
772 2861 1118 2930 ostendat?
1165 2883 1321 2928 nam
1357 2861 1426 2927 id
1459 2862 1803 2928 evidenter
1836 2883 1877 2927 a
1917 2863 2159 2928 nostris
2202 2861 2314 2928 de-

347 2956 789 3015 monstratum
833 2956 950 3015 est.
1026 2946 1264 3030 Qualis
1300 2950 1429 3013 erit
1471 2946 1724 3014 dissidii
1750 2948 2151 3032 compositio,
2200 2969 2315 3013 au-

347 3044 492 3102 tore
546 3036 632 3102 Pi
678 3035 816 3115 1116,
876 3036 988 3120 qui
1045 3035 1327 3102 verbum
1367 3033 1497 3100 Dei
1552 3034 1863 3102 inferiore
1919 3034 2061 3103 loco
2105 3033 2312 3101 subsi-

349 3121 504 3189 dere
547 3057 714 3202 vufft,
760 3122 892 3187 nisi
934 3129 1010 3187 ut
1049 3121 1150 3186 illi
1192 3120 1532 3187 silentium
1568 3121 1856 3187 indicat?

520 3208 624 3275 Ne
676 3215 904 3273 tamen
957 3207 1038 3273 de
1099 3228 1173 3271 re
1228 3228 1363 3273 non
1403 3207 1772 3274 necessaria
1813 3208 2065 3273 frustra
2107 3206 2315 3291 digla-

350 3293 625 3374 diemur,
669 3294 947 3360 lectores
983 3294 1264 3359 monitos
1301 3292 1519 3374 velim,
1565 3314 1696 3359 non
1742 3292 2092 3359 difficulter
2125 3314 2316 3376 posse

351 3379 524 3445 inter
581 3399 688 3445 me
745 3388 814 3445 et
856 3380 1176 3464 Pighium
1228 3378 1351 3445 hoc
1407 3378 1547 3445 loco
1591 3380 1968 3458 convenire,
2025 3379 2079 3444 61
2124 3377 2315 3445 modo

350 3466 659 3532 ecclesiae
704 3464 1123 3532 traditionem
1141 3516 1156 3545 ,
1213 3486 1298 3530 ex
1355 3471 1530 3530 certo
1573 3474 1643 3530 et
1697 3471 2015 3549 perpetuo
2059 3473 2314 3532 sancto·

349 3573 499 3617 rum
542 3558 608 3617 et
651 3551 1165 3617 orthodoxorum
1209 3571 1563 3630 consensu,
1622 3572 1756 3616 non
1796 3572 1881 3616 ex
1923 3552 2316 3617 testimoniis

351 3637 508 3702 hinc
549 3636 704 3703 inde
759 3637 934 3704 male
997 3637 1356 3721 excerptis,
1415 3637 1924 3704 demonstraret:
1980 3636 2214 3703 deinde
2261 3637 2315 3703 si

351 3723 433 3788 iis
474 3723 857 3807 simpliciter
895 3732 963 3790 et
1004 3721 1280 3790 candide
1322 3730 1622 3789 uteretur
1663 3721 1745 3788 ad
1789 3743 2019 3791 veram
2061 3731 2128 3789 et
2168 3744 2319 3807 ger-

352 3830 621 3875 manam
663 3809 975 3876 ecclesiae
1018 3807 1386 3875 doctrinam
1427 3807 2002 3894 comprobandam,
2059 3830 2194 3876 non
2234 3809 2319 3875 ad

353 3894 717 3981 pingendas
758 3895 994 3961 horum
1030 3903 1403 3980 temporum
1443 3895 1684 3980 impias
1727 3894 2060 3962 doctrinas
2094 3896 2319 3962 abute-

354 3988 553 4046 retur.
643 3981 941 4048 Ecclesia
980 3982 1289 4048 columna
1344 3988 1445 4048 est
1496 3987 1562 4047 et
1611 3982 2102 4048 firmamentum
2145 3983 2321 4048 veri-

356 4069 529 4147 tatis,
572 4069 788 4152 inquit
819 4068 1071 4135 Paulus
1114 4069 1178 4154 (l
1223 4070 1390 4135 Tim.
1432 4073 1490 4147 3,
1535 4069 1661 4151 15),
1710 4089 1947 4152 nempe
1980 4069 2136 4152 quia
2167 4089 2320 4134 ver·

357 4154 516 4219 bum
557 4175 755 4220 suum
797 4154 1129 4221 Dominus
1173 4176 1213 4220 a
1259 4155 1350 4221 ud
1394 4176 1540 4220 eam
1584 4154 1911 4238 deposuit,
1972 4154 2158 4220 ouius
2202 4154 2321 4221 mi·

359 4240 631 4306 nisterio
689 4239 1079 4306 traderetur.
1271 4263 1311 4307 a
1361 4242 1567 4325 igitur
1618 4238 1924 4308 habenda
1975 4249 2076 4307 est
2118 4241 2321 4308 66616-

359 4327 471 4406 616,
517 4346 684 4411 quae
727 4326 860 4391 fida
902 4333 1004 4392 est
1045 4335 1264 4394 custos
1310 4326 1494 4393 verbi
1537 4328 1692 4406 Dei,
1740 4347 1909 4410 quae
1953 4348 2196 4411 purum
2239 4327 2320 4392 il-

359 4412 473 4478 lud
516 4420 584 4479 et
638 4412 823 4478 nullo
866 4414 1188 4479 fermento
1232 4414 1551 4479 infectum
1595 4434 1712 4480 suo
1755 4413 2124 4479 ministerio
2169 4434 2322 4479 con-

361 4505 585 4565 servat
637 4506 705 4564 et
752 4497 834 4564 ad
889 4507 1181 4582 posteros
1238 4505 1575 4585 propagat.
1674 4498 1900 4564 Huius
1943 4500 2214 4567 honoris
2258 4506 2325 4566 et

361 4585 555 4652 officii
598 4586 964 4669 portionem
1009 4584 1294 4670 aliquam
1334 4585 1457 4652 sibi
1493 4584 1847 4654 vendicant
1882 4585 2184 4670 singulae
2218 4606 2323 4651 66-

362 4671 624 4738 clesiae:
685 4671 802 4737 sed
856 4693 988 4736 non
1043 4691 1304 4754 semper
1358 4673 1428 4737 in
1483 4670 1763 4738 solidum
1806 4670 1932 4737 hoc
1971 4670 2095 4737 sibi
2141 4693 2323 4738 arro-

364 4778 518 4840 gare
570 4757 808 4823 ausint.
892 4758 1090 4824 Nunc
1142 4757 1200 4823 si
1255 4779 1338 4823 ex
1400 4760 1658 4842 privato
1709 4777 2071 4840 paucorum
2125 4779 2325 4825 sensu

364 4863 781 4909 communem
820 4843 1129 4911 ecclesiae
1161 4861 1555 4910 consensum
1592 4844 1807 4910 facere
1841 4842 2005 4912 velit
2017 4843 2322 4928 Pighius,

365 4950 643 5013 eumque
684 4950 769 4994 ex
814 4929 1258 5014 apostolorum
1298 4928 1647 4994 traditione
1689 4937 1921 4996 natum
1960 4950 2106 4995 esse
2147 4949 2323 4997 asse-

365 5023 483 5095 rat,
529 5036 667 5080 non
708 5016 1037 5099 recipiam.
1127 5014 1341 5094 Dicet,
1388 5014 1767 5100 Origenem,
1814 5015 2321 5097 Tertullianum,

367 5107 433 5165 et
475 5101 638 5168 alios
681 5102 930 5169 similes
972 5103 1128 5169 huic
1172 5100 1520 5170 obiectioni
1556 5121 1914 5183 occurrere,
1960 5099 2119 5168 dum
2153 5103 2324 5169 nihil

369 5208 438 5253 se
482 5191 633 5269 [pag.
678 5194 787 5269 63]
845 5189 1138 5256 dicturos
1180 5189 1591 5273 praefantur,
1643 5186 1817 5273 quod
1854 5209 1987 5255 non
2031 5209 2323 5255 commu-

370 5274 538 5339 niter
590 5274 901 5342 ecclesiae
959 5275 1041 5342 ab
1095 5276 1258 5361 ipsis
1322 5275 1633 5360 apostolis
1687 5272 1951 5341 edoctae
2014 5277 2319 5342 sentiant

371 5357 548 5440 Quid
589 5367 808 5427 autem
823 5413 839 5443 ,
897 5362 953 5429 si
997 5362 1151 5429 huic
1190 5362 1524 5446 prooemio
1562 5384 1671 5429 res
1709 5381 1846 5428 non
1883 5360 2321 5446 respondeat?

1860 434 1990 503 DE
2035 435 2391 504 LIBERO
2434 437 2913 507 ARBITRIO.

4275 460 4405 525 278

2432 626 2579 693 11116
2634 649 2835 729 quum
2889 628 2961 695 in
3014 633 3230 715 praeci
3279 633 3382 700 uis
3436 635 3593 701 fidei
3656 638 3973 722 capitibus
4026 649 4176 726 post
4229 643 4403 712 hanc

2432 713 2910 796 praefationem
2961 738 3073 783 eos
3114 740 3183 783 m
3257 725 3401 785 tum
3444 743 3664 789 errare
3706 734 4009 806 constet,·
4092 750 4248 797 uam
4292 738 4402 797 tu-

2433 805 2580 863 tum
2634 807 2766 899 est,
2821 801 3007 867 nullo
3063 802 3437 872 discrimine
3491 816 3611 873 aut
3653 809 3908 878 delectu
3963 813 4053 879 ha
4095 815 4220 896 ito,
4278 837 4401 900 pro

2433 884 2749 985 ecclesiae
2784 886 3137 954 traditione
3172 892 3521 975 suscipere,
3562 894 3881 980 quidquid
3912 899 4040 982 ipsi
4074 901 4395 968 tradunt?

2436 969 2768 1072 Atque-1d
2809 980 2913 1038 est
2946 974 3118 1058 quod
3153 976 3311 1057 dixi,
3356 977 3440 1044 ad
3476 980 3605 1045 Dei
3648 982 3927 1048 verbum
3962 988 4404 1055 examinanda

2433 1076 2586 1157 esse·
2620 1057 2901 1159 singula,
2931 1060 3125 1159 ’unde
3164 1062 3383 1145 palam
3427 1065 3560 1147 fiet,
3599 1087 3763 1149 quae
3804 1070 3893 1135 sit
3932 1091 4253 1154 germana
4292 1095 4401 1141 66-

2432 1142 2671 1209 clesiae
2724 1142 3021 1226 traditio,
3078 1154 3145 1213 et
3198 1146 3355 1232 quid
3418 1173 3683 1218 rursum
3727 1155 3817 1220 sit
3868 1154 3950 1220 ab
3995 1178 4073 1223 ea
4113 1159 4222 1225 vel
4265 1159 4398 1227 dis-

2430 1235 2839 1328 sentaneum,
2875 1231 2985 1297 vel
3021 1238 3427 1302 extraneum.
3486 1237 3757 1322 Alioqui
3790 1239 3926 1321 illa,
3961 1263 4129 1325 quae
4169 1266 4398 1313 omnes

2427 1322 2679 1398 pariter
2733 1316 3184 1400 repudiamus,
3240 1322 3633 1389 Tertulliani
3689 1331 3758 1390 et
3809 1325 3931 1392 Ori
3980 1330 4121 1396 enis
4166 1329 4400 1398 deliria

2427 1421 2550 1483 pro
2614 1402 2895 1468 oraculis
2951 1405 3326 1489 recipienda
3378 1418 3589 1474 erunt.
3699 1408 3835 1476 Sed
3899 1413 3912 1426 ‘
3969 1414 4062 1479 ud
4110 1415 4395 1483 alterum

2425 1485 2637 1585 multo
2681 1488 3048 1554 etiamnum
3085 1499 3187 1557 est
3220 1494 3536 1577 iniquius,
3580 1502 3657 1561 ut
3696 1518 3862 1579 quae
3907 1520 3949 1564 a
3990 1502 4237 1568 sanctis
4278 1525 4395 1587 pa-

2425 1572 2642 1669 tribus
2687 1573 2862 1640 dicta
2904 1582 3062 1641 sunt
3105 1599 3237 1643 non
3279 1579 3470 1660 male,
3515 1582 3573 1646 si
3612 1602 3848 1651 sanum
3891 1584 4087 1652 modo
4130 1596 4200 1652 et
4240 1609 4395 1654 can-

2427 1656 2659 1756 didum
2724 1658 3011 1727 habeant
3081 1663 3542 1748 interpretem,
3620 1668 3914 1734 mixtura
3975 1677 4042 1737 et
4115 1674 4394 1739 artificio

2425 1742 2654 1842 Pighii
2700 1745 2894 1845 fucus
2947 1748 3137 1826 fiant,
3197 1749 3279 1815 ad
3332 1752 3660 1819 ornandas
3713 1762 3779 1821 et
3832 1755 4216 1824 colorandas
4270 1760 4395 1825 im-

2423 1849 2571 1910 pias
2609 1849 2981 1928 opmlones,
3039 1854 3204 1916 quas
3259 1835 3390 1919 ipsi
3440 1844 3662 1921 patres
3718 1841 3776 1905 si
3831 1841 4026 1908 hodie
4070 1844 4394 1925 viverent,

2425 1935 2561 1979 non
2599 1936 2821 1982 minus
2864 1937 3064 1999 quam
3107 1940 3249 2000 nos,
3296 1932 3812 1991 exsecrarentur.
3884 1926 4201 1996 Irenaeus
4236 1952 4395 2015 apo-

2425 2000 2744 2067 stolorum
2802 2001 3157 2087 discipulos
3212 2005 3495 2079 viderat.
3602 2010 3758 2093 Ipse
3826 2020 3894 2077 et
3945 2015 4394 2083 Tertullianus

2423 2107 2665 2169 paucos
2708 2088 3044 2188 episcopos
3085 2091 3404 2172 referunt,
3451 2095 3561 2177 qui
3606 2095 3691 2160 ad
3732 2117 3920 2163 suam
3964 2122 4171 2184 usque
4214 2110 4395 2169 aeta-

2425 2180 2559 2237 tem
2620 2173 2928 2256 apostohs
2983 2185 3457 2244 successerant.
3561 2181 3915 2265 Vivebant⁸
3966 2192 4110 2250 tum
4176 2187 4393 2255 adhuc

2421 2258 2619 2323 multi
2661 2281 2868 2340 senes,
2913 2261 3150 2343 quibus
3191 2264 3365 2329 vivis
3406 2263 3536 2348 ipsi
3578 2268 4019 2349 apostolorum
4058 2292 4392 2340 sermones

2420 2344 2834 2411 familiariter
2869 2367 2953 2411 ex
2986 2354 3249 2430 patrum
3276 2370 3547 2416 suorum
3582 2354 3965 2420 narratione
4000 2357 4141 2421 noti
4176 2367 4388 2425 erant.

2419 2430 2572 2496 Non
2615 2433 2863 2497 mirum
2902 2431 3125 2516 igitur,
3172 2433 3230 2500 si
3266 2456 3390 2525 pro
3434 2437 3790 2520 apostolica
3832 2440 4183 2508 traditione
4228 2444 4391 2509 obii-

2419 2517 2623 2598 ciunt,
2669 2516 2843 2602 quod
2887 2525 3046 2584 tunc
3078 2522 3515 2589 communiter
3557 2524 3629 2588 in
3662 2525 3893 2607 primis
3927 2527 4218 2593 ecclesiis
4256 2551 4389 2595 non

2419 2603 2615 2669 modo
2665 2611 3006 2688 receptum
3062 2612 3234 2686 erat,
3297 2605 3414 2673 sed
3469 2630 3585 2692 pro
3630 2615 3808 2676 certo
3861 2611 4015 2677 fidei
4060 2612 4386 2697 dogmate,

2417 2690 2595 2773 quod
2632 2690 2901 2770 Paulus,
2943 2691 3222 2771 Petrus,
3266 2699 3335 2757 et
3376 2694 3617 2778 reliqui
3659 2716 3887 2761 eorum
3932 2697 4219 2782 collegae
4262 2721 4390 2765 nu-

2417 2797 2540 2859 per
2593 2775 3070 2859 prodidissent,
3129 2779 3339 2844 fixum
3409 2787 3476 2845 et
3538 2779 3771 2848 stabile
3828 2783 4207 2849 habebatur.
4297 2785 4391 2850 Et

2419 2868 2642 2928 tamen
2693 2861 3040 2948 Origenes,
3097 2864 3211 2948 qui
3263 2872 3557 2949 tempore
3608 2887 3743 2933 non
3799 2868 4085 2935 multum
4131 2868 4214 2935 ab
4254 2870 4391 2937 illis

2420 2947 2800 3029 differebat,
2853 2950 3029 3015 inter
3093 2949 3246 3016 fidei
3312 2951 3636 3036 principia
3698 2962 4005 3020 numerat
4069 2954 4389 3039 quasdam

2418 3035 2813 3116 sententias,
2858 3036 3094 3120 quibus
3134 3037 3190 3104 si
3230 3058 3365 3104 non
3411 3039 3765 3105 anathema
3804 3039 4048 3106 dixerit
4088 3041 4387 3127 Pighius,

2419 3143 2461 3187 a
2504 3123 2640 3187 suis
2684 3143 2939 3206 quoque
2982 3123 3400 3206 lapidabitur.
3471 3125 3668 3192 Nunc
3709 3133 3859 3209 post
3900 3133 3998 3192 tot
4039 3134 4388 3212 tantasque

2418 3208 2906 3288 conversiones,
2965 3216 3116 3292 post
3157 3208 3357 3275 talem
3400 3209 3822 3277 ecclesiarum
3874 3211 4386 3296 dissipationem,

2418 3294 2551 3359 imo
2584 3293 2868 3372 ruinam,
2903 3294 3326 3377 supercilioso
3359 3295 3554 3375 fastu,
3593 3318 3714 3380 pro
3740 3296 4093 3364 traditione
4128 3307 4388 3383 aposto-

2416 3379 2546 3446 lica
2585 3379 2954 3460 venditare,
3002 3379 3321 3464 quidquid
3364 3402 3748 3466 quacunque
3788 3385 4159 3465 occasione,
4204 3384 4390 3452 nullo

2417 3472 2595 3532 certo
2655 3465 2763 3531 vel
2818 3473 3115 3552 tempore
3171 3466 3279 3533 vel
3333 3475 3581 3548 autore,
3635 3469 4017 3620 ‘’breffieffi'
4062 3477 4389 3555 quantum

2420 3550 2689 3618 obsecro
2747 3552 3115 3618 securitatis
3170 3552 3414 3620 habet?
3514 3555 3610 3620 At
3666 3554 3795 3640 Pig
3850 3556 3947 3622 'us
3972 3557 4022 3641 ¹)
4081 3578 4215 3622 non
4257 3557 4389 3624 nisi

2422 3641 2575 3716 [pag.
2613 3640 2721 3718 64]
2725 3639 3027 3789 &primos
3077 3637 3224 3704 illos
3287 3638 3597 3707 ecclesiae
3651 3661 3955 3725 proceres
4009 3643 4197 3722 citat,
4266 3642 4388 3709 sub

2423 3722 2659 3807 quibus
2811 3724 2941 3791 huc
2995 3724 3274 3789 florebat
3333 3724 3670 3810 religionis
3778 3729 4003 3794 uritas.
4114 3726 4252 3795 Sed
4314 3729 4389 3793 in

2423 3831 2619 3893 quem
2676 3808 2919 3875 finem?
2980 3811 3109 3876 nisi
3149 3817 3227 3875 ut
3278 3811 3563 3877 colorem
3578 3863 3595 3891 ,
3649 3833 3733 3877 ve
3799 3813 4055 3880 larvam
4098 3813 4391 3897 qualem-

2423 3915 2680 3978 cunque
2732 3896 2969 3961 crassis
3019 3895 3469 3979 impietatibus
3523 3896 3823 3976 inducat,
3891 3899 4126 3981 quibus
4183 3898 4392 3964 ullam

2422 3980 2833 4048 occasionem
2875 3977 3033 4047 dare
3073 4002 3413 4066 nunquam
3450 3984 3696 4049 sanctis
3736 3982 3867 4048 illis
3900 3984 4066 4049 viris
4098 3984 4170 4049 in
4205 4005 4392 4051 men-

2423 4074 2559 4133 tem
2613 4068 2824 4134 venit:
2889 4073 3151 4132 tantum
3213 4068 3399 4134 abest
3452 4077 3525 4134 ut
3579 4089 3755 4135 nunc
3819 4067 4028 4152 velini*¹
4076 4068 4208 4135 illis
4268 4091 4392 4137 sua

2421 4154 2667 4236 scripta
2716 4153 3087 4238 suffragari.
3185 4154 3476 4219 Tantum
3516 4154 3793 4220 lectores
3833 4154 4091 4235 hortor,
4157 4162 4233 4220 ut
4273 4177 4391 4221 ve-

2423 4246 2606 4305 tusta
2642 4238 2762 4305 illa
2794 4246 3094 4323 tempora
3128 4260 3279 4305 cum
3317 4240 3562 4305 nostris
3599 4241 3966 4306 conferant:
4010 4239 4247 4307 deinde
4290 4243 4391 4308 iu-

2427 4325 2645 4393 dicare
2771 4347 2807 4390 r
2850 4347 2921 4392 66
2962 4330 3294 4409 poterunt,
3341 4346 3471 4408 qua
3513 4325 3906 4406 sinceritate,
3945 4335 4060 4393 aut
4094 4348 4222 4411 quo
4264 4349 4390 4412 pu-

2426 4412 2603 4492 dore,
2647 4411 2697 4477 il
2725 4433 2915 4478 orum
2956 4411 3315 4495 patrocinio
3360 4431 3623 4477 causam
3668 4433 3856 4479 suam
3898 4412 4142 4479 fulciat.

2599 4496 2970 4563 Audiamus
3029 4505 3251 4562 tamen
3295 4517 3464 4582 quae
3521 4520 3603 4563 ex
3656 4497 3789 4564 illis
3842 4499 4219 4565 testimonia
4272 4498 4389 4564 ad-

2427 4583 2639 4650 ducat.
2728 4583 2813 4649 Id
2847 4592 3070 4649 autem
3111 4582 3316 4649 habet
3357 4584 3786 4668 propositum,
3832 4593 3906 4649 ut
3944 4585 4093 4650 illos
4136 4605 4385 4668 omnes,

2426 4690 2562 4735 uno
2605 4669 2803 4735 simul
2845 4690 2958 4735 ore
2972 4721 2988 4750 ,
3044 4669 3330 4735 liberum
3383 4670 3728 4736 arbitrium
3783 4691 4075 4737 asserere
4120 4670 4390 4739 demon-

2426 4762 2609 4823 stret.
2697 4754 2893 4822 Unde
2931 4762 3159 4840 postea
3201 4753 3331 4821 duo
3373 4756 3601 4823 infert:
3661 4776 3781 4822 nos
3822 4777 3965 4822 esse
4007 4757 4388 4827 manifestos

2425 4842 2817 4921 haereticos,
2874 4844 2989 4926 qui
3032 4864 3073 4908 a
3113 4848 3429 4926 perpetuo
3488 4841 3797 4909 ecclesiae
3841 4861 4198 4923 consensu,
4259 4843 4389 4913 hoc

2426 4935 2546 5008 est,
2591 4927 2946 4994 traditione
2989 4928 3343 5013 apostolica
3384 4928 3868 5007 dissentiamus,
3914 4935 3983 4994 et
4016 4950 4124 4996 me
4166 4930 4388 5014 impu-

2430 5014 2665 5081 denter
2703 5015 3059 5081 mentitum
3101 5035 3275 5096 esse,
3332 5015 3445 5099 qui
3494 5015 3847 5098 scriptores
3904 5034 4136 5082 omnes
4181 5016 4389 5085 eccle-

2568 5377 2627 5443 1)
2665 5377 2742 5432 At
2774 5394 2917 5434 nuuc
2952 5376 3191 5447 Pighiu8‚
3224 5381 3447 5445 praeter
3474 5376 3784 5446 principem
3819 5391 4003 5515 οηῖοέξε
4026 5376 4288 5432 scribunt.
