4999 6179
600 434 858 521 xxiv
988 396 995 403 ’
1792 422 2340 507 1810111108
2384 420 2976 490 1880800101
3016 419 3462 489 monas.
3580 504 3590 515 ‚

612 623 842 710 Pighii
893 600 1138 689 librum
1195 642 1279 687 80
1324 615 1697 687 Pontificiis
1757 613 2024 707 quidem
2067 614 2231 698 ipsis
2296 614 2459 679 satis
2513 614 2772 691 fecisse,
2829 610 2947 678 sed
3001 610 3339 696 Hispanos
3381 570 3876 697 Pelaginnismi'
3905 629 4060 705 eum
4101 616 4484 692 suspectum
4525 606 4649 675 ha-

611 738 833 832 buisse
876 743 944 802 et
987 734 1266 819 dignum
1307 732 1423 817 qui
1463 731 1538 795 in
1575 728 1879 796 Indicem
1919 727 2298 793 referretur.
2839 716 2852 725 “

922 872 1137 940 Unica
1177 869 1394 954 operis
1437 866 1658 946 editio,
1705 867 1788 932 ad
1832 865 2021 932 cuius
2063 861 2262 929 fidem
2306 870 2571 929 textum
2614 859 3065 928 recudendum
3108 860 3502 939 curabimus,
3549 861 3728 963 hunc
3766 858 3967 925 habet
4008 858 4308 924 titulum:

925 1001 1547 1090 DEFENSIO
1618 982 1633 1111 ι’
1701 988 2017 1079 sANAE‘
2065 1010 2185 1075 ΕΤ
2241 1007 2900 1074 ORTHODOXAE
2950 1007 2960 1091 ι
3014 1015 3443 1072 noemmin
3498 1016 3599 1071 DE
3653 1000 4069 1071 sermm
4119 1005 4129 1089 ι
4180 1006 4272 1078 et
4337 986 4653 1079 libera,-

614 1138 849 1222 tione
923 1134 1277 1219 humani
1359 1130 1723 1238 arbitrii,
1815 1127 2222 1211 adversus
2315 1123 2867 1237 08-111111111188
2992 1118 3324 1206 Alberti
3412 1122 3712 1234 Pighii
3797 1120 4315 1233 Campensis,
4373 1128 4401 1234 -Ι
4487 1117 4648 1211 Au·
4759 1126 4772 1135 ’

615 1272 838 1367 thore
893 1268 1190 1364 Ioanne
1249 1263 1573 1360 Caluino
1643 1266 1655 1370 Ι
1738 1287 2039 1356 (Emblema
2072 1281 2437 1356 typographi.)
2502 1283 2512 1351 Ι
2575 1281 2947 1351 GENEVAE,
2997 1269 3008 1348 Ι
3069 1259 3246 1343 Ρο1
3314 1260 3724 1343 Ioannem
3777 1260 4262 1371 gerardum.
4335 1264 4347 1370 Ι
4413 1263 4651 1344 1543.

929 1439 1280 1506 Emblema
1324 1434 1613 1503 Gerardi
1667 1432 2019 1499 lectoribus
2078 1431 2319 1497 nostris
2361 1430 2784 1495 notissimum
2834 1426 2943 1492 hic
2988 1424 3074 1491 ad
3125 1447 3272 1492 eam
3309 1426 3596 1493 formam
3639 1446 4031 1511 expressum
4076 1432 4178 1492 est
4219 1446 4421 1508 quam
4466 1427 4650 1493 Tom.

616 1553 746 1620 m.
803 1552 973 1636 Opp.
1021 1551 1306 1629 Calvini,
1350 1568 1499 1632 pag.
1544 1545 1760 1610 XXX
1803 1566 1887 1611 ex
1932 1542 2031 1609 ed.
2077 1540 2369 1610 secunda
2410 1539 2862 1606 Institutionis
2907 1539 3181 1623 gallicae
3235 1538 3717 1622 descripsimus.
3819 1537 4067 1603 Forma
4108 1535 4259 1602 libri
4304 1543 4655 1621 quaterna-

616 1665 722 1732 ria
772 1665 1008 1730 minor.
1088 1661 1283 1727 Folia
1322 1666 1604 1743 quatuor
1646 1663 1807 1723 sunt
1848 1654 2343 1739 praeliminaria
2386 1673 2519 1718 non
2563 1653 2823 1737 signata
2867 1671 3020 1717 cum
3061 1650 3254 1716 titulo
3296 1656 3366 1715 et
3398 1649 3675 1735 epistola
3724 1648 4145 1717 dedicatoria.
4216 1649 4466 1717 'sextus
4509 1650 4656 1735 ipse

616 1778 992 1845 continetur
1029 1774 1305 1860 triginta
1339 1771 1553 1856 plagis
1589 1769 1755 1854 (non
1793 1752 2363 1852 quaternionibus)
2400 1770 2871 1848 quaternorum
2905 1762 3214 1829 foliorum
3258 1762 3468 1848 (a-z.
3516 1761 3784 1846 A—G)‚
3829 1761 4089 1847 paginis
4121 1762 4484 1829 numeratis
4507 1765 4654 1830 239.

617 1889 874 1956 Ultima
906 1892 1009 1952 est
1050 1905 1276 1952 vacua.
1348 1882 1474 1949 Usi
1518 1902 1747 1948 sumus
1792 1878 2153 1962 exemplari
2197 1877 2518 1944 turicensi
2561 1897 2765 1960 quum
2806 1874 2997 1942 nobis
3037 1875 3200 1960 ipsis
3247 1873 3511 1940 emendi
3553 1872 3833 1940 alicuius
3872 1875 4059 1957 copia
4099 1871 4396 1939 nondum
4434 1876 4652 1943 fuerit.

617 2001 977 2068 Praeterea
1026 1996 1271 2082 legitur
1325 1995 1502 2060 idem
1554 1998 1875 2060 tractatus
1941 1990 2117 2074 apud
2177 1990 2552 2057 Gallasium
2607 2009 2757 2074 pag.
2823 1991 2947 2053 216
2971 2026 3042 2039 --
3066 1991 3223 2067 351;
3283 1985 3463 2072 apud
3513 1986 3765 2051 Bezam
3819 2005 3968 2070 pag.
4023 1986 4411 2066 188—286,
4471 1995 4540 2053 et
4580 1988 4654 2054 18

621 2111 910 2179 editione
952 2109 1162 2176 altera
1202 2129 1350 2193 pag.
1401 2108 1764 2185 155—2383
1808 2103 1882 2170 in
1925 2102 2213 2170 editione
2257 2098 2607 2168 Stoeriana
2648 2120 2796 2184 pag.
2842 2102 3205 2176 134-——204;
3251 2098 3326 2163 in
3369 2096 3967 2165 Amstelodamensi
4007 2118 4157 2182 pag.
4210 2101 4568 2167 116-177,

934 2236 1261 2314 Gallicam
1302 2245 1675 2311 versionem
1720 2241 1881 2308 olim
1916 2240 2272 2324 separatim
2315 2237 2634 2322 prodiisse
2674 2235 2988 2303 discimus
3031 2258 3114 2303 ex
3157 2236 3471 2322 catalogis
3506 2234 3941 2302 bibliothecae
3966 2235 4379 2304 Genevensis
4423 2243 4491 2303 et
4522 2236 4655 2304 Pa-

620 2360 916 2428 risiensis
981 2356 1357 2442 118110118118.
1448 2354 1714 2420 Titulus
1757 2346 1885 2419 est':
1953 2352 2377 2436 Response
2431 2348 2526 2415 de
2581 2348 2776 2414 Iean
2842 2347 3139 2416 Calvin
3220 2371 3376 2416 aux
3444 2348 3889 2415 calomnies
3947 2345 4209 2415 d’Alb.
4266 2348 4654 2434 Pighius,

620 2477 1083 2545 contenant
1135 2470 1212 2536 la
1267 2467 1640 2534 defense
1662 2463 1756 2530 de
1810 2463 1888 2529 la
1944 2463 2168 2530 saine
2210 2470 2289 2528 et
2349 2462 2676 2528 saincte
2734 2459 3115 2528 doctrine
3163 2467 3450 2527 contre
3515 2460 3589 2526 10
3644 2460 3894 2526 franc
3932 2460 4249 2528 81111110
4304 2459 4446 2526 (108
4499 2460 4655 2526 Pa·

622 2584 916 2672 pistes,
961 2601 1104 2665 par
1145 2577 1511 2673 laquelle
1554 2585 1685 2644 081
1726 2582 2089 2641 monstro
2132 2596 2283 2658 (180
2326 2574 2404 2639 la
2446 2572 2783 2639 volente
2827 2571 2921 2638 de
2975 2574 3028 2638 l’
3047 2573 3356 2639 homme
3417 2580 3544 2638 est
3599 2571 4252 2638 naturellement
4294 2592 4538 2639 serve
4578 2577 4658 2637 et

621 2695 952 2779 captive
980 2688 1099 2759 (10
1152 2690 1444 2776 peche,
1509 2698 1589 2755 et
1632 2689 1853 2754 aussi
1909 2694 2035 2753 081
2086 2686 2383 2751 traicte
2434 2705 2584 2769 par
2636 2684 2826 2769 quel
2881 2705 3171 2777 moyen
3226 2683 3388 2750 elle
3439 2685 3626 2753 vint
3684 2690 3726 2750 a
3789 2690 4010 2751 estre
4062 2683 4526 2751 affranchie
4579 2690 4658 2749 et

612 2807 821 2874 mise
881 2794 2379 2883 0811110110.(1011ον01181111810110
2424 2795 2519 2863 de
2569 2797 2649 2863 F.
2707 2795 3157 2865 Davodeau
3221 2803 3302 2863 et
3355 2795 3462 2881 Iq.
3527 2795 4008 2881 Bourgeois.
4095 2799 4279 2863 1560.
4347 2800 4406 2862 8.
4508 2796 4656 2863 Ηο0

618 2920 932 2987 volumen
997 2916 1187 2984 nobis
1242 2914 1326 2981 ad
1383 2935 1625 2980 manus
1689 2934 1824 2978 non
1879 2912 2034 2991 fuit,
2093 2910 2254 2976 satis
2312 2909 2711 3001 habentibus
2763 2916 3026 2974 textum
3078 2907 3358 2974 latinum
3403 2930 3556 2976 cum
3612 2906 3972 2991 exemplari
4017 2906 4252 2991 gallico
4297 2907 4651 2975 contulisse

616 3028 854 3119 quod
835 3053 908 3132 in
944 3030 1234 3113 Corpore
1276 3032 1683 3095 tractatuum
1725 3044 1783 3089 8.
1827 3026 1990 3088 1566
2035 3022 2280 3109 legitur
2321 3042 2468 3107 pag.
2519 3023 2878 3099 257-438,
2924 3025 2994 3085 01
3037 3042 3093 3085 8.
3139 3024 3292 3086 1611
3344 3041 3494 3107 pag.
3543 3023 3902 3085 287-494,
4021 3012 4032 3021 ’

902 3167 1290 3235 Caeterum
1333 3186 1496 3249 opus
1539 3185 1733 3230 suum
1778 3161 2097 3227 Calvinus
2138 3181 2272 3226 non
2313 3160 2540 3226 statim
2581 3157 2887 3238 absolvit,
2947 3159 3064 3225 sed
3105 3180 3225 3242 pro
3266 3168 3561 3246 tempore
3603 3160 4060 3245 imperfectum
4104 3156 4338 3239 edidit,
4393 3165 4472 3223 ut
4511 3159 4654 3243 ipse

620 3284 695 3349 in
740 3284 874 3349 fine
916 3281 1149 3357 refert,
1206 3277 1313 3344 his
1356 3276 1576 3345 verbis
1620 3293 1808 3340 usus:
1862 3271 2114 3338 Decem
2167 3270 2354 3338 libris
2408 3276 2668 3337 constat
2710 3292 2875 3354 opus
2915 3271 3177 3356 Pighii,
3240 3293 3520 3357 quorum
3578 3294 3697 3339 sex
3737 3272 3969 3356 primis
4013 3270 4094 3335 de
4134 3269 4340 3337 libero
4383 3270 4655 3337 arbitrio

620 3393 952 3480 disputat,
1018 3389 1288 3474 reliquis
1340 3395 1622 3472 quatuor
1676 3384 2343 3471 praedestinationem
2390 3399 2476 3449 ‘ac
2533 3382 3019 3467 providentiam
3060 3383 3193 3450 Dei
3244 3390 3503 3451 tractat.
3593 3383 3819 3466 Quum
3870 3383 4078 3468 igitur
4127 3380 4474 3449 distinctae
4517 3381 4652 3447 sint

619 3504 1053 3591 quaestiones,
1099 3503 1389 3585 priorem
1430 3499 1613 3565 illam
1656 3498 1995 3576 hactenus,
2042 3504 2121 3561 ut
2162 3496 2476 3577 temporis
2520 3495 2811 3562 brevitas
2855 3494 3129 3576 sinebat,
3175 3516 3324 3562 sum
3359 3485 3777 3581 exsequutus.
3865 3494 4162 3562 Alterius
4204 3517 4365 3563 vero
4404 3493 4652 3564 tracta-'-

617 3617 866 3683 tionem
910 3614 994 3681 ad
1037 3614 1372 3698 proximas
1429 3632 1641 3695 usque
1689 3609 2021 3674 nundinas
2079 3606 2514 3673 differendam
2556 3607 2786 3672 censui
2801 3658 2819 3687 ,
2874 3608 3028 3691 quia
3069 3613 3135 3672 et
3188 3607 3362 3673 nihil
3403 3616 3506 3674 est
3547 3587 3621 3673 in
3661 3628 3849 3674 mora
3887 3605 4165 3691 periculi
4208 3613 4276 3673 et
4316 3614 4477 3675 tunc
4521 3607 4651 3673 uti·

614 3729 764 3811 lior,
808 3724 1073 3794 volente
1117 3724 1405 3790 Domino
1419 3775 1436 3802 ,
1493 3721 1797 3806 prodibit.
1889 3719 2222 3802 Quoniam
2262 3725 2490 3785 tamen
2533 3717 2811 3784 verebar
2852 3741 2938 3785 ne
2952 3771 2969 3799 ,
3024 3720 3081 3784 si
3139 3719 3387 3786 diutius
3439 3726 3757 3801 tacerem,
3812 3718 4228 3804 quorundam
4271 3718 4492 3785 oculos
4534 3718 4651 3785 Pi-

615 3842 816 3927 ghius
857 3860 982 3905 sua
1015 3837 1134 3902 illa
1176 3835 1612 3900 ostentatione
1652 3832 2159 3917 perstringeret,
2214 3831 2341 3897 1100
2383 3831 2643 3896 1810108
2700 3827 2876 3895 edito
2932 3832 3289 3915 specimine
3338 3838 3406 3898 et
3456 3830 3636 3896 illius
3690 3832 4111 3898 insolentiam
4149 3830 4499 3917 paululum
4541 3852 4648 3899 re-
4690 3885 4700 3892 .

612 3954 927 4039 1111111οτ0,
986 3957 1056 4013 01
1095 3947 1421 4012 bonorum
1464 3965 1538 4009 ac
1583 3946 1843 4028 piorum
1884 3943 2316 4010 attentionem
2361 3941 2654 4008 excitare
2696 3941 2913 4008 visum
2957 3950 3086 4024 est,
3147 3950 3336 4010 caett.
3424 3942 3679 4010 Verum
3725 3964 3922 4028 quam
3971 3943 4081 4011 hic
4123 3943 4451 4027 promittit
4491 3940 4647 4008 reli-

614 4084 813 4148 quam
859 4059 1321 4145 disputationis
1368 4065 1628 4141 partem
1686 4055 2005 4141 proximis
2063 4053 2381 4121 nundinis
2425 4051 2779 4134 edendam,
2838 4077 2982 4121 eam
3028 4054 3174 4121 aliis
3217 4056 3550 4140 variisque
3593 4057 3767 4122 curis
3810 4063 3879 4121 et
3921 4055 4251 4121 laboribus
4294 4053 4646 4122 distractus

615 4175 698 4241 de
744 4173 848 4240 die
890 4173 961 4238 in
1006 4170 1182 4236 diem
1226 4167 1484 4234 distulit
1540 4175 1609 4233 et
1658 4168 1931 4252 longum
1975 4165 2242 4232 demum
2283 4173 2434 4248 post
2475 4166 2791 4248 temporis
2833 4166 3293 4249 intervallum,
3337 4175 3417 4233 ut
3471 4167 3607 4233 iam
3660 4188 3862 4251 supra
3920 4164 4240 4248 diximus,
4297 4167 4517 4251 aliqua
4557 4189 4644 4233 ex

611 4294 801 4372 parte
846 4281 1191 4368 promissis
1238 4280 1439 4347 stetit.

923 4412 1203 4478 Librum
1251 4432 1446 4475 suum
1486 4409 1850 4492 praemissa
1901 4404 2179 4491 epistola
2221 4404 2538 4489 Philippo
2579 4405 3084 4473 Melanchthoni
3137 4407 3475 4491 inscripsit
3527 4416 3746 4488 autor,
3802 4427 3969 4492 quae
4011 4407 4085 4474 in
4129 4408 4415 4475 editione
4456 4410 4645 4494 prin.-

611 4528 758 4609 cipe
800 4522 1064 4609 quidem
1109 4523 1252 4588 sine
1297 4521 1403 4587 die
1441 4527 1510 4586 et
1551 4519 1819 4588 consule
1861 4519 2066 4598 venit,
2112 4516 2291 4601 apud
2334 4517 2705 4583 Gallasium
2757 4538 3103 4602 perperam
3146 4517 3230 4584 ad
3274 4539 3524 4585 annum
3574 4523 3736 4585 1544
3793 4520 4002 4586 relata
4048 4521 4323 4606 legitur,
4380 4543 4421 4587 a
4460 4521 4650 4589 Beza‘

609 4636 883 4702 tandem
925 4634 1140 4700 mensi
1182 4633 1546 4699 Februario
1605 4636 1768 4697 1543
1828 4632 2136 4696 restituta
2178 4639 2310 4710 081,
2379 4650 2574 4713 (180111
2618 4649 2853 4695 verum
2896 4631 3036 4694 eius
3084 4631 3375 4697 natalem
3426 4631 3625 4696 fuisse
3669 4632 4012 4700 credimus.
4101 4633 4640 4700 Melanchthonis

609 4749 813 4817 etiam
858 4765 1267 4829 responsum,
1314 4743 1420 4809 die
1469 4748 1567 4809 11.
1614 4743 1780 4809 Maii
1823 4743 2119 4809 eiusdem
2175 4742 2333 4806 anni
2389 4740 2653 4821 datum,
2696 4739 2765 4805 id
2811 4742 3203 4807 confirmare
3247 4740 3522 4809 videtur.
3610 4743 3855 4811 Exstat
3905 4745 4029 4811 hoc
4085 4745 4263 4811 inter
4304 4744 4639 4828 Epistolas

610 4859 878 4928 calvini
918 4858 1349 4941 impressum,
1405 4856 1505 4922 ed.
1552 4855 1767 4921 Bezae
1810 4877 1958 4940 pag.
2008 4859 2086 4918 27
2095 4859 2163 4936 9,
2219 4852 2318 4918 ed.
2365 4853 2703 4920 Lausann.
2746 4873 2893 4937 pag.
2942 4857 3054 4933 89,
3113 4852 3212 4918 ed.
3258 4853 3519 4921 Hanov.
3563 4878 3710 4942 pag.
3764 4860 3917 4938 100,
3973 4856 4072 4923 ed.
4117 4858 4331 4923 Amst.
4376 4877 4438 4941 p.
4491 4860 4636 4924 174.

609 4970 715 5038 1111
771 4970 865 5035 Μ.
925 4968 1280 5054 Philippus
1344 4975 1650 5033 mutuum
1713 4968 1784 5031 in
1836 4966 2193 5034 Calvinum
2250 4985 2543 5031 amorem
2596 4961 2873 5030 candide
2929 4966 3288 5047 professus,
3347 4966 3527 5032 haud
3583 4955 3858 5037 obscure
3914 4968 4245 5054 significat
4299 4988 4372 5034 se
4437 4947 4634 5035 enixe

606 5088 834 5168 potare
877 5089 954 5146 ut
993 5079 1107 5146 ille
1151 5079 1590 5163 eloquentiam
1634 5101 1825 5146 suam
1864 5084 1931 5144 et
1972 5078 2223 5162 ingenii
2267 5077 2447 5142 vires
2501 5075 2587 5140 ad
2628 5075 3056 5141 illustrandas
3099 5098 3211 5143 eas
3254 5081 3665 5161 quaestiones
3708 5080 3992 5166 applicet
4043 5102 4128 5147 ex
4180 5082 4417 5165 quibus
4457 5089 4633 5148 trac-

605 5194 765 5260 tatis
806 5201 876 5258 et
927 5192 1230 5278 religioni
1274 5198 1341 5256 et
1393 5191 1701 5258 ecclesiae
1760 5161 2155 5256 cumulatior
2209 5189 2461 5254 fructus
2508 5185 2998 5253 redundaturus
3042 5188 3158 5268 sit,
3213 5190 3532 5275 neglectis
3586 5193 3837 5259 scilicet
3890 5194 3972 5258 iis
4013 5192 4096 5258 de
4140 5191 4375 5277 quibus
4420 5191 4631 5259 subti-

602 5305 735 5372 lius
778 5304 1045 5391 quidem
1088 5302 1423 5388 disputare
1466 5303 1702 5387 aliquis
1741 5304 1966 5387 possit,
2011 5321 2211 5385 quam
2255 5298 2339 5364 ad
2382 5297 2707 5383 regendos
2751 5280 3093 5378 hominum
3136 5304 3391 5371 animos
3444 5303 4007 5384 accommodatum
4047 5304 4366 5371 videatur.
4451 5305 4634 5380 ,Tum
