4999 6179
547 436 671 499 523

546 620 691 700 illo,
747 625 1065 700 tanquam
1108 612 1306 679 unico
1349 610 1593 694 capite,
1638 605 2004 693 pendeant,
2050 615 2119 672 et
2163 606 2247 672 ad
2288 605 2513 690 ipsum

546 706 944 772 referantur:
992 701 1066 765 in
1108 720 1239 783 qua
1279 698 1373 764 sic
1417 698 1589 762 inter
1624 717 1693 762 se
1729 695 2096 760 fraternam
2135 694 2513 759 societatem

547 790 798 869 colant,
858 795 934 853 ut
978 807 1110 852 non
1153 785 1283 851 alio
1325 783 1526 861 nodo,
1583 802 1782 866 quam
1830 782 1971 846 eius
2015 781 2321 858 veritate,
2379 779 2514 844 sint

548 875 866 962 colligati:
905 883 1050 939 tum
1092 892 1248 940 vere
1289 869 1472 936 nullo
1509 890 1645 934 non
1679 866 2098 932 anathemate
2134 865 2368 951 dignos
2411 865 2511 929 fa-

548 971 709 1043 tear,
754 962 814 1027 si
856 961 969 1044 qui
1009 964 1224 1036 erunt,
1271 957 1384 1040 qui
1428 977 1561 1020 non
1606 975 1754 1019 eam
1797 961 2178 1019 reverenter
2220 972 2511 1017 summa-

547 1069 675 1134 que
719 1045 1089 1113 obedientia
1132 1043 1497 1109 observent.
1587 1040 1774 1106 Haeo
1808 1059 1969 1105 vero
2010 1036 2297 1104 mendax
2332 1038 2511 1102 hier-

548 1134 810 1202 archiae
863 1132 1085 1210 larva,
1141 1150 1273 1213 qua
1327 1127 1743 1211 superbiunt,
1799 1124 1958 1208 quid
2001 1125 2268 1189 omnino
2311 1122 2514 1188 habet

548 1218 808 1288 simile?
881 1218 1074 1285 Unus
1118 1214 1580 1300 principatum,
1629 1210 1884 1279 Christi
1928 1211 2085 1288 vice,
2131 1216 2315 1275 tenet
2346 1230 2512 1292 pon-

550 1307 710 1374 tifex
756 1324 1099 1381 romanus,
1156 1302 1266 1384 qui
1309 1298 1553 1382 absque
1594 1298 1741 1382 lege
1787 1304 1855 1362 et
1891 1296 2111 1376 modo,
2167 1296 2513 1381 tyrannico

546 1412 763 1470 more,
814 1391 948 1454 imo
992 1386 1405 1454 dissolutiore
1456 1383 1898 1468 impudentia,
1945 1404 2141 1466 quam
2185 1393 2512 1466 tyrannus

546 1478 923 1562 quisquam,
993 1473 1388 1539 dominatur.
1478 1471 1836 1554 Reliquum
1894 1489 2131 1552 corpus
2197 1468 2282 1534 ad
2334 1467 2514 1532 illius

546 1563 762 1649 magis
821 1582 1150 1639 normam,
1222 1580 1419 1642 quam
1476 1555 1759 1634 Christi,
1830 1555 2282 1639 compositum.
2371 1553 2513 1618 Ex-

547 1650 869 1716 stinctum
923 1652 1072 1727 [pag.
1128 1650 1277 1725 122]
1338 1642 1504 1708 illud
1555 1643 1816 1717 lumen,
1883 1641 1965 1707 de
2031 1663 2158 1723 quo
2223 1638 2514 1723 loquitur

549 1735 962 1820 Cyprianus:
1006 1730 1350 1815 praeclusa
1382 1729 1583 1794 fontis
1621 1727 1985 1812 scaturigo:
2032 1727 2331 1809 denique,
2376 1726 2517 1790 sola

549 1820 800 1890 arboris
840 1819 1220 1905 proceritas,
1266 1835 1307 1880 a
1348 1814 1567 1880 radice
1609 1814 1922 1899 praecisa,
1969 1820 2355 1878 ostentatur.

721 1905 875 1972 Non
932 1905 1048 1971 abs
1104 1924 1176 1968 re
1232 1909 1353 1981 est,
1411 1901 1574 1980 scie,
1643 1900 1814 1984 quod
1868 1900 1948 1965 de
1993 1897 2345 1966 asserendo
2409 1918 2516 1962 ro-

549 2013 788 2059 manae
832 1989 1006 2058 sedis
1050 1990 1338 2072 primatu
1372 1986 1469 2051 ita
1501 1985 1805 2051 laborant
1838 1984 2227 2051 adversarii:
2274 1984 2349 2049 in
2383 2003 2514 2067 quo

550 2079 798 2145 scilicet
838 2075 1224 2153 consistere,
1271 2081 1339 2138 et
1382 2094 1480 2152 se,
1528 2080 1596 2139 01
1640 2093 1761 2138 sua
1804 2071 2074 2150 emnia,¹
2101 2069 2516 2136 animadver-

551 2170 719 2230 tunt.
812 2161 946 2229 Sed
988 2167 1288 2227 vestrum
1347 2166 1475 2238 est,
1536 2158 1972 2224 invictissime
2022 2157 2271 2224 Caesar
2313 2165 2380 2221 et
2435 2155 2515 2220 il-

550 2248 932 2317 lustrissimi
983 2247 1326 2329 Principes
1343 2297 1358 2324 ,
1422 2244 1740 2328 dispicere
1809 2265 1884 2310 ac
1941 2263 2333 2328 praecavere
2349 2261 2516 2326 „ne

550 2336 772 2415 vobis,
849 2333 1023 2399 sicut
1097 2331 1421 2416 imperitis
1499 2331 1714 2396 facere
1800 2329 1976 2395 soliti
2052 2335 2239 2407 sunt,
2328 2328 2517 2393 inani

550 2422 698 2489 fuco
762 2418 1065 2486 illudant.
1155 2416 1496 2500 Principio
1564 2416 1743 2482 1111110
1819 2436 2016 2499 (1110111
2070 2416 2318 2481 iactant
2378 2414 2515 2498 pri-

549 2514 838 2586 matum,
931 2504 1121 2570 nulla
1193 2503 1325 2569 Dei
1387 2502 1770 2580 autoritate,
1860 2500 1977 2567 sed
2055 2498 2231 2567 nudo
2303 2499 2515 2566 homi-

552 2616 713 2660 num
778 2591 1051 2658 arbitrio
1121 2590 1553 2656 constitutum
1609 2587 1842 2668 fuisse,
1927 2588 2063 2653 iam
2127 2587 2318 2653 fateri
2384 2586 2514 2670 ipsi

550 2700 805 2764 quoque
886 2683 1231 2762 coguntur.
1333 2673 1586 2740 Saltem
1660 2673 1732 2739 id
1807 2695 2012 2758 quum
2087 2670 2512 2754 ostendimus,

551 2764 809 2831 etiamsi
852 2784 987 2829 non
1030 2761 1253 2845 palam
1301 2759 1774 2841 assentiantur,
1829 2766 2058 2826 contra
2094 2773 2312 2824 tamen
2348 2781 2515 2845 pug-

550 2870 713 2917 nare
758 2846 1235 2933 quodammodo
1269 2866 1381 2913 eos
1419 2845 1642 2930 pudet.
1711 2846 1872 2911 Fuit
1923 2844 2188 2929 quidem
2234 2851 2513 2929 tempus,

553 2957 758 3020 quum
800 2933 1113 3000 audacter
1156 2933 1517 3016 scripturae
1553 2932 1963 3012 testimoniis,
2008 2930 2093 2997 ad
2135 2940 2274 2996 tam
2311 2932 2519 2998 crassi

551 3020 881 3088 mendacii
923 3019 1488 3086 confirmationem
1523 3017 1981 3084 abuterentur:
2029 3016 2145 3083 sed
2179 3015 2292 3083 ubi
2336 3038 2514 3085 com-

551 3111 771 3174 minus
815 3114 1138 3173 eertatum
1180 3107 1331 3186 fuit,
1387 3104 1575 3172 facile
1628 3105 1757 3171 fuit
1798 3112 2105 3171 excutere
2161 3105 2241 3170 de
2285 3125 2515 3171 eorum

550 3195 853 3260 manibus
898 3195 1212 3271 festucas,
1272 3214 1433 3276 quas
1486 3212 1606 3276 pro
1660 3190 1897 3276 gladiis
1950 3190 2178 3275 procul
2219 3198 2513 3258 ostenta-

552 3286 803 3349 verant.
892 3279 1126 3362 Itaque
1171 3278 1299 3343 Dei
1354 3277 1557 3345 verbo
1603 3277 1932 3358 destituti,
1992 3277 2385 3362 confugiunt
2427 3276 2514 3341 ad

553 3365 907 3434 vetustatis
951 3363 1336 3430 subsidium.
1412 3362 1550 3430 Sed
1590 3362 1746 3429 inde
1783 3365 1985 3430 etiam
2023 3363 2208 3430 nullo
2244 3363 2511 3447 negotio

553 3472 666 3518 eos
713 3449 1119 3533 depellimus.
1209 3449 1543 3515 Paulatim
1599 3450 1776 3515 enim
1816 3451 2160 3516 emersisse
2205 3469 2513 3514 romanos

551 3537 896 3621 pontifices
938 3535 1020 3600 ad
1067 3535 1190 3601 hoc
1236 3535 1506 3601 honoris
1550 3536 1914 3620 fastigium,
1976 3534 2148 3618 quod
2192 3535 2273 3601 ab
2316 3535 2511 3600 annis

552 3624 812 3691 circiter
867 3621 1369 3706 quadringentis
1425 3629 1860 3703 occuparunt,
1925 3621 2037 3687 vel
2088 3621 2308 3703 potius
2360 3628 2510 3686 astu

548 3709 796 3793 partim
838 3716 907 3773 et
947 3707 1142 3773 malis
1184 3706 1436 3772 artibus
1471 3707 1855 3791 obrepsisse,
1901 3706 2145 3791 partim
2189 3706 2512 3772 violenter

550 3795 919 3878 irrupsisse,
966 3802 1109 3859 tum
1152 3799 1528 3859 sanctorum
1569 3802 1833 3875 patrum
1871 3791 2136 3877 scripta,
2180 3799 2324 3857 tum
2363 3800 2512 3858 acta

549 3880 998 3959 conciliorum,
1045 3888 1185 3945 tum
1224 3878 1538 3945 historiae
1582 3877 1856 3961 planum
1900 3878 2165 3943 faciunt.
2253 3877 2511 3944 Verum

549 3973 628 4031 ut
683 3966 815 4033 illis
869 3972 1220 4049 utrumque
1274 3964 1721 4030 remittamus:
1781 3970 1885 4044 ut,
1939 3964 2244 4048 inquam,
2321 3965 2509 4031 nobis

548 4051 1050 4120 concedentibus
1116 4051 1484 4129 obtineant,
1543 4059 1610 4115 et
1664 4050 1972 4116 collatum
2028 4050 2347 4117 divinitus
2401 4073 2508 4116 ro-

548 4158 782 4203 manae
826 4135 966 4203 sedi
1007 4138 1383 4221 primatum,
1428 4145 1497 4203 et
1537 4138 1998 4203 confirmatum
2035 4144 2350 4221 perpetuo
2395 4159 2508 4203 ve-

547 4224 708 4290 teris
743 4223 1057 4289 ecclesiae
1092 4228 1240 4303 [pag.
1273 4228 1421 4304 123]
1458 4243 1781 4290 consensu
1814 4222 2041 4289 fuisse:
2087 4229 2248 4290 tunc
2284 4231 2509 4289 tamen

549 4309 816 4375 demum
859 4308 965 4374 his
1004 4318 1177 4374 esset
1210 4309 1409 4387 100118,
1454 4311 1510 4375 81
1543 4309 1762 4375 Roma
1795 4322 1863 4374 et
1898 4330 2129 4376 veram
2164 4309 2505 4376 ecclesiam

547 4395 850 4473 haberet,
899 4402 968 4459 et
1024 4416 1254 4461 verum
1307 4395 1700 4479 episcopum.
1787 4395 2021 4479 Neque
2074 4397 2250 4461 enim
2305 4395 2511 4477 stabit

549 4479 725 4547 sedis
768 4480 1000 4559 honor,
1043 4478 1162 4545 ubi
1202 4480 1386 4545 nulla
1421 4480 1705 4565 amplius
1744 4482 1873 4546 erit
1916 4481 2122 4548 sedes.
2195 4481 2506 4564 Obsecr0,

548 4588 678 4651 qua
723 4567 796 4631 in
840 4587 911 4632 re
956 4566 1331 4650 episcopum
1386 4589 1457 4632 se
1499 4574 1793 4651 praestat
1832 4569 2128 4652 pontifex
2172 4590 2502 4649 romanus,

548 4671 624 4719 ut
679 4653 828 4717 talis
885 4675 925 4718 a
981 4652 1170 4719 nobis
1227 4654 1616 4719 censeatur?
1707 4652 1959 4719 Notum
2013 4664 2114 4720 est
2154 4653 2319 4721 illud
2363 4656 2505 4722 Au-

547 4739 829 4823 gustini:
877 4739 1348 4823 Episcopatum
1391 4740 1587 4805 officii
1631 4760 1870 4804 nomen
1913 4761 2076 4819 esse,
2121 4762 2254 4806 non
2296 4740 2505 4808 heno-

545 4825 655 4889 ris.
742 4824 834 4889 Et
879 4824 1001 4890 has
1055 4846 1197 4891 esse
1251 4825 1540 4909 episcopi
1596 4838 1816 4908 partes
1872 4824 2196 4893 definiunt
2248 4835 2506 4895 veteres

546 4909 817 4995 synodi,
882 4931 1150 4996 pascere
1208 4909 1393 4978 verbi
1454 4910 1937 4995 praedieatione
1993 4912 2342 4996 populum,
2399 4936 2503 4980 sa-

547 5003 888 5063 cramenta
942 4995 1435 5078 administrare,
1497 4996 1752 5065 clerum
1806 5002 1874 5064 et
1931 4999 2248 5083 populum
2293 5003 2503 5066 conti-

545 5104 704 5149 nere
755 5084 829 5148 in
872 5091 1102 5149 sancta
1146 5084 1511 5169 disciplina,
1556 5092 1624 5150 et
1669 5106 1756 5150 ne
1799 5083 1881 5151 ab
1925 5084 2029 5152 his
2074 5085 2501 5167 distrahatur,

593 5169 837 5235 rofanis
906 5170 1207 5236 omnibus
1274 5169 1471 5237 huius
1527 5170 1769 5237 saeculi
1817 5172 1995 5239 curis
2063 5193 2133 5238 se
2177 5170 2498 5239 abdicare.

606 5256 872 5340 piscope
912 5254 1242 5321 adiutores
1282 5256 1352 5321 in
1390 5256 1495 5323 his
1529 5257 1833 5323 omnibus
1868 5257 2110 5324 debent
2143 5279 2286 5325 esse
2319 5280 2503 5342 pres-

543 5342 777 5427 byteri.
869 5341 1045 5424 Quid
1110 5342 1346 5408 horum
1411 5343 1623 5411 faeere
1686 5366 1757 5411 se
1818 5344 2135 5410 simulant
2196 5367 2370 5430 papa
2434 5352 2503 5423 et

2162 418 2293 484 DE
2337 412 2979 482 NECESSITATE

4456 410 4583 474 524

2616 601 3024 682 cardinales?
3114 601 3365 668 Dicant
3412 600 3620 686 igitur
3661 619 3788 684 quo
3831 598 4025 665 titulo
4068 598 4301 665 haberi
4345 619 4416 665 se
4460 620 4578 665 ve-

2613 691 2744 755 lint
2794 688 3122 774 legitimos
3177 696 3504 771 pastores,
3566 687 3679 771 qui
3736 686 3991 751 nullam
4044 684 4243 753 officii
4296 692 4573 768 partem,

2615 775 2723 842 vel
2777 775 3046 841 minimo
3102 774 3335 859 digito,
3392 795 3477 839 ne
3534 774 3606 838 in
3656 771 3943 856 speeiem
3999 770 4283 856 quidem,
4346 772 4548 837 attin-

2614 884 2755 948 gun
2786 947 3062 1025 Verum,
3087 954 3163 1013 ut
3205 945 3437 1011 demus
3489 946 3649 1011 haec
3692 945 3943 1011 omnia:
3997 935 4377 1027 episcopum
4412 964 4573 1023 0880,

2615 1035 2729 1118 (1111
2787 1033 2870 1100 ab
2926 1031 3109 1097 0111111
3162 1033 3360 1099 officii
3417 1032 3516 1098 sui
3569 1038 3756 1116 parte
3814 1032 3882 1095 in
3937 1037 4152 1095 totum
4216 1031 4574 1097 abstineat:

2616 1121 2958 1187 ecclesiam
3023 1140 3198 1196 0880,
3266 1139 3431 1202 (11100
3481 1127 3618 1182 10111
3674 1116 3858 1183 verbi
3909 1117 4308 1197 1111111810110,
4376 1139 4578 1201 (1110111

2617 1227 2782 1291 puro
2840 1215 3399 1271 sacramentorum
3441 1226 3567 1271 usu
3613 1210 3866 1270 careat:
3932 1201 4089 1285 quid
4145 1210 4395 1282 tamen,
4461 1204 4577 1269 ubi

2616 1295 2835 1359 omnia
2871 1299 3100 1358 eontra
3133 1290 3478 1375 pugnant?
3550 1290 3695 1355 Iam
3739 1289 3988 1372 aliquot
4030 1289 4311 1355 saeculis
4354 1289 4577 1356 sedem

2615 1379 2750 1444 11110
2808 1377 3189 1444 habuerunt
3243 1377 3484 1461 impiae
3549 1376 4077 1459 superstitiones,
4145 1389 4373 1458 aperta
4436 1377 4579 1442 ido-

2614 1465 2906 1544 lolatria,
2974 1485 3325 1547 perversae
3380 1461 3741 1529 doctrinae:
3811 1483 3891 1527 00
3952 1461 4287 1528 doetrinae
4343 1464 4576 1546 capita,

2616 1551 2852 1635 quibus
2924 1550 3344 1634 potissimum
3431 1549 3791 1615 christiana
3867 1547 4099 1634 religio
4179 1548 4575 1629 continetur,

2618 1659 2867 1704 eversa.
2955 1637 3344 1702 Prostitutis
3408 1635 3493 1701 ad
3557 1643 3822 1718 turpem
3888 1641 4233 1718 quaestum
4286 1635 4577 1720 aliasque

2618 1723 3013 1807 pollutiones
3076 1723 3536 1802 sacramentis,
3600 1731 3895 1786 extremo
3961 1719 4244 1786 ludibrio
4308 1720 4579 1788 habitus

2617 1809 2743 1875 fuit
2780 1809 3117 1887 Christus,
3161 1818 3231 1873 ut
3265 1808 3512 1872 iterum
3549 1805 4023 1891 quodammodo
4059 1807 4577 1892 crucifigeretur.

2617 1896 2855 1961 Eritne
2899 1895 3015 1961 illa
3068 1896 3364 1959 omnium
3417 1893 3841 1959 ecclesiarum
3897 1900 4141 1972 mater,
4201 1914 4367 1976 quae
4413 1893 4575 1961 adeo

2620 1982 2904 2061 nullam,
2973 2003 3106 2046 non
3176 1979 3318 2048 dice
3381 1980 3635 2059 faeiem,
3680 1977 3798 2046 sed
3865 2001 3947 2044 ne
3999 1979 4248 2045 lineam
4312 1980 4579 2064 quidem

2619 2068 2862 2133 retinet
2904 2087 3101 2133 verae
3148 2070 3296 2146 [pag.
3339 2071 3487 2145 124]
3547 2065 3887 2143 ecelesiae,
3946 2072 4024 2130 ut
4066 2086 4306 2132 nervos
4346 2087 4577 2134 omnes

2621 2161 2903 2232 sanetae,
2950 2175 3118 2237 quae
3160 2155 3335 2219 inter
3377 2150 3604 2217 fideles
3651 2173 3793 2218 esse
3838 2150 4049 2232 debet,
4095 2152 4578 2220 communionis

2620 2239 3011 2307 absciderit?
3111 2239 3308 2306 Nunc
3383 2239 3753 2305 renascenti
3830 2237 4158 2322 evangelii
4239 2238 4577 2307 doctrinae

2618 2346 2752 2392 nen
2805 2325 2997 2392 aliter
3051 2348 3121 2392 se
3179 2325 3447 2409 opponit
3502 2345 3819 2391 romanus
3871 2324 4195 2408 pontifex,
4266 2346 4462 2409 quam
4519 2327 4576 2393 si

2620 2411 2700 2478 de
2734 2414 2946 2498 capite
2981 2433 3102 2479 suo
3139 2419 3466 2496 ageretur.
3534 2411 3648 2476 An
3690 2431 3827 2476 non
3862 2432 3938 2476 eo
3973 2411 4115 2494 ipse
4151 2410 4574 2493 demonstrat,

2619 2519 2755 2564 nen
2809 2498 3002 2582 aliter
3055 2498 3308 2565 salvam
3362 2496 3488 2564 sibi
3530 2498 3667 2562 fore
3711 2518 3901 2563 suam
3945 2496 4197 2579 sedem,
4254 2499 4385 2564 nisi
4424 2519 4577 2583 pro-

2617 2585 2841 2670 fligato
2884 2584 3139 2652 Christi
3181 2582 3432 2669 regno?
3520 2582 3727 2649 Novit
3768 2590 3886 2648 tua
3926 2582 4263 2665 Maiestas,
4310 2583 4574 2666 Caesar,

2618 2679 2906 2755 quantus
2959 2671 3068 2737 hie
3124 2671 3290 2735 mihi
3346 2669 3606 2736 dicendi
3659 2691 3929 2753 campus
3969 2676 4211 2753 pateat.
4298 2668 4575 2752 Verum,

2616 2764 2694 2823 ut
2751 2758 3039 2824 breviter
3088 2757 3305 2824 locum
3357 2755 3536 2823 hune
3580 2754 3993 2822 concludam:
4053 2776 4221 2842 nego
4267 2758 4576 2841 apostoli·-

2618 2866 2766 2911 cam
2807 2865 2952 2910 esse
3001 2864 3147 2909 eam
3190 2841 3442 2923 sedem,
3489 2842 3602 2908 ubi
3644 2842 3815 2908 nihil
3859 2847 4123 2925 praeter
4178 2842 4577 2909 horrendam

2590 2930 3016 3015 apostasiam
3061 2930 3328 2996 visitur:
3376 2949 3546 3014 nego
3591 2929 3910 2995 vicarium
3955 2949 4098 2995 esse
4144 2928 4413 3010 Christi,
4459 2929 4577 3014 qui

2618 3016 3038 3102 evangelium
3113 3016 3354 3082 furiose
3431 3014 3880 3100 persequendo
3944 3014 4431 3082 Antichristum
4502 3037 4577 3083 se

2618 3125 2760 3170 esse
2795 3123 2990 3187 opere
3027 3103 3464 3169 demonstrat:
3503 3124 3674 3188 nego
3709 3124 3852 3168 esse
3887 3102 4073 3169 Petri
4113 3123 4574 3185 successorem,

2618 3192 2730 3275 qui
2796 3190 2882 3255 ad
2947 3189 3437 3255 demoliendum
3503 3186 3818 3273 quidquid
3892 3188 4266 3256 aedificavit
4329 3190 4574 3259 Petrus

2617 3285 2754 3343 teto
2813 3285 3052 3343 conatu
3116 3275 3467 3342 incumbit:
3537 3297 3705 3360 nego
3771 3283 3968 3359 caput
4032 3274 4344 3342 ecelesiae
4409 3298 4572 3357 esse,

2617 3364 2731 3446 qui
2773 3362 3120 3429 rescissam
3164 3385 3204 3427 a
3248 3362 3516 3428 Christo
3567 3382 3720 3428 vero
3766 3368 3832 3426 et
3875 3362 4066 3427 unico
4110 3361 4323 3446 eapite
4366 3362 4572 3430 eecle-

2617 3450 2782 3514 siam
2841 3470 2959 3515 sua
3006 3447 3359 3535 tyrannide
3411 3447 3723 3531 discerpit
3776 3468 3851 3514 ae
3905 3447 4169 3514 lacerat.
4258 3448 4367 3514 Ad
4410 3449 4574 3517 haee

2615 3536 2834 3600 omnia
2876 3534 3041 3599 mihi
3083 3534 3549 3618 respondeant,
3606 3533 3721 3617 qui
3764 3534 3857 3600 sic
3901 3533 4238 3616 alligatam
4282 3533 4425 3601 sedi
4464 3557 4570 3603 ro-

2614 3642 2851 3687 manae
2895 3643 3037 3687 esse
3082 3621 3321 3686 volunt
3362 3619 3671 3687 ecelesiae
3714 3620 4188 3701 hierarchiam,
4246 3629 4322 3686 ut
4361 3642 4572 3705 papae

2616 3708 2952 3773 autoritati
3010 3714 3257 3773 certam
3315 3730 3389 3774 ac
3456 3714 3767 3772 testatam
3820 3704 4146 3791 evangelii
4201 3706 4573 3774 doctrinam

2614 3792 3004 3876 posthabere
3070 3815 3204 3858 non
3269 3792 3588 3859 dubitent.
3692 3792 3838 3857 Imo
3893 3792 4062 3858 nihil
4123 3793 4567 3877 respondeant

2612 3881 2773 3964 ipsi:
2827 3886 3092 3944 tantum
3149 3900 3264 3945 vos
3308 3878 3690 3963 expendite,
3734 3879 4165 3946 invictissime
4210 3880 4457 3946 Caesar
4499 3887 4570 3946 et

2610 3965 3042 4118 11111181118811111
3086 3966 3459 4049 Principes,
3518 3986 3883 4048 aequumne
3937 3986 4022 4030 an
4074 3966 4376 4050 iniquum
4417 3988 4571 4051 pos-

2612 4059 2641 4116 t
2712 4074 2919 4118 emus.
3574 4054 3581 4059 ’

2782 4138 2963 4204 Η1110
2995 4158 3255 4221 (1110(1110
3289 4138 3519 4221 procul
3549 4135 3746 4203 dubie
3779 4144 4070 4203 statuere
4098 4137 4282 4204 vobis
4300 4159 4572 4224 promp-

2612 4232 2757 4290 tum
2826 4224 2977 4304 erit,
3047 4246 3243 4307 quam
3311 4245 3444 4290 11011
3510 4221 3834 4289 audienda
3900 4222 3989 4289 sit
4040 4221 4573 4292 adversariorum

2610 4320 2984 4378 nostrorum
3007 4309 3354 4389 calumnia,
3392 4311 3550 4376 dum
3586 4310 3824 4393 impiae
3849 4310 4260 4389 temeritatis,
4288 4318 4357 4377 01
4379 4311 4573 4394 quasi

2609 4395 3025 4481 inexpiabilis
3065 4396 3374 4463 audaciae
3418 4417 3540 4461 nos
3585 4404 3911 4474 accusant,
3958 4396 4113 4479 quia
4147 4395 4232 4462 ad
4274 4418 4570 4483 purgan-

2611 4482 2792 4561 dam,
2848 4490 2992 4548 tum
3036 4482 3400 4561 doctrinae,
3458 4488 3600 4546 tum
3646 4483 4208 4548 caeremoniarum
4259 4484 4571 4567 inquina-

2609 4571 2850 4637 mentis
2908 4568 3248 4635 ecclesiam
3266 4620 3281 4647 ,
3339 4590 3473 4633 non
3514 4575 3890 4651 exspectato
3936 4569 4261 4651 pontificis
4304 4570 4569 4636 romani

2610 4662 2760 4737 [pag.
2812 4661 2961 4734 125]
3022 4663 3216 4733 1111111,
3275 4653 3570 4738 aggressi
3622 4655 3846 4720 simus.
3936 4653 4016 4719 Id
4069 4676 4229 4721 vero
4285 4655 4567 4739 privatis

2607 4741 2984 4827 hominibus
3038 4741 3135 4806 fas
3180 4741 3381 4806 fuisse
3424 4748 3689 4824 negant.
3777 4742 3872 4806 At
3915 4761 4099 4820 vere,
4157 4741 4314 4824 quid
4359 4740 4439 4808 ab
4486 4763 4567 4809 00

2605 4826 3007 4913 sperandum
3052 4833 3211 4905 erat,
3257 4848 3449 4910 quem
3489 4827 3629 4892 leco
3664 4825 3894 4893 cedere
3935 4828 4294 4912 oportebat,
4339 4835 4415 4893 ut
4457 4850 4566 4895 ee-

2606 4916 2806 4983 clesia
2846 4915 2917 4979 in
2975 4920 3224 4978 statum
3267 4912 3604 4978 meliorem
3647 4913 3908 4979 restitui
3951 4913 4213 4997 posset?
4302 4913 4567 4981 Deinde

2608 5001 2902 5085 quisquis
2944 5000 3262 5064 memoria
3303 5006 3573 5084 repetet,
3620 5020 3788 5082 quae
3820 4999 4108 5064 Lutheri
4152 4999 4566 5085 aliorumque

2606 5088 2853 5153 fuerint
2891 5085 3109 5164 initia,
3167 5085 3280 5168 qui
3323 5094 3736 5169 progressus,
3790 5085 4042 5151 nullam
4087 5108 4128 5151 a
4169 5085 4359 5152 nobis
4450 5109 4565 5153 ur-

2606 5173 2937 5258 gationem
2966 5173 3270 5255 requiret.
3343 5169 3763 5256 Suppliciter,
3808 5193 4011 5255 quum
4045 5172 4305 5257 integra
4343 5194 4385 5238 a
4478 5195 4567 5241 uc

2607 5266 2828 5325 essent
2880 5258 3131 5337 omnia,
3187 5258 3400 5325 oravit
3445 5258 3820 5342 pontificem
3862 5258 4234 5337 Lutherus,
4289 5266 4366 5324 ut
4406 5281 4562 5346 gra-

2603 5343 2892 5412 vissimis
2936 5343 3246 5411 eeclesiae
3287 5345 3533 5411 morbis
3585 5345 3660 5409 in
3702 5345 3996 5410 animum
4036 5344 4381 5412 induceret
4421 5369 4562 5414 me-
