4999 6179
429 446 555 512 525

1782 446 2507 517 REFORMANDAE
2552 450 3098 519 EOOLESIAE.

4328 464 4454 527 526

425 631 586 701 deri.
675 631 857 715 Quid
899 634 1217 719 profecit?
1306 634 1412 699 Re
1466 634 1746 701 ulterius
1788 646 2130 721 provecta,
2190 637 2394 705 etiam
2498 638 2682 706 Satis
2737 639 3004 724 quidem
3061 643 3429 725 promittet,
3498 643 3756 728 quoties
3825 647 4194 731 rogabitur:
4263 649 4457 716 modo

428 722 485 786 si
537 727 789 786 taceret
846 720 1213 800 Lutherus,
1274 721 1435 787 satis
1493 742 1675 788 acres
1726 723 2030 790 stimulos
2083 724 2167 789 ad
2225 725 2390 792 inci-

423 805 705 873 tandum
759 807 1140 890 pontificem
1192 806 1479 873 habebat
1531 810 1887 876 necessitas
1902 862 1919 888 ,
1977 831 2061 875 ne
2104 811 2390 894 amplius

428 892 745 958 differret.
833 893 916 958 Id
959 894 1179 977 palam
1223 893 1576 961 universus
1632 895 1806 961 orbis
1861 895 2263 962 christianus
2306 897 2387 963 ab

426 1000 506 1046 eo
555 980 916 1065 flagitabat.
1006 980 1149 1046 Piis
1200 980 1496 1046 omnium
1538 983 1712 1047 votis
1757 982 2132 1048 satisfacere
2172 982 2274 1047 illi
2316 983 2390 1048 in

424 1087 632 1132 manu
666 1075 825 1132 erat.
897 1066 1009 1131 An
1044 1065 1239 1133 feeit?
1310 1067 1508 1133 Nunc
1550 1066 2020 1151 impedimenta
2055 1075 2385 1134 causatur.

425 1151 680 1218 Verum
694 1203 710 1231 ,
793 1154 852 1218 si
913 1154 1165 1219 fontem
1228 1153 1629 1238 investigare
1694 1153 1924 1235 libeat,
1984 1154 2387 1238 reperiemus

426 1258 581 1305 eum
615 1238 846 1320 solum,
893 1246 963 1304 et
995 1237 1137 1318 sibi,
1184 1247 1252 1304 et
1293 1239 1441 1305 aliis
1476 1239 1753 1319 obstare,
1799 1261 1886 1305 ne
1928 1240 2086 1324 quid
2131 1247 2384 1324 agatur.

424 1324 710 1405 Verum,
779 1324 941 1409 quid
1003 1325 1414 1409 argumentis
1477 1325 1621 1391 istis
1685 1325 2046 1392 levioribus
2108 1326 2386 1392 insisto?

427 1409 642 1493 Quasi
693 1432 851 1478 vero
909 1411 1033 1478 hoc
1086 1433 1326 1492 unum,
1396 1419 1515 1476 aut
1567 1431 1703 1477 non
1753 1413 1916 1478 satis
1972 1413 2059 1479 sit
2107 1413 2387 1494 illustre,

427 1505 544 1564 aut
607 1519 741 1563 non
806 1497 968 1563 satis
1043 1497 1517 1582 ponderosum:
1584 1496 1759 1581 quod
1812 1498 2072 1565 nullum
2130 1518 2170 1563 a
2204 1501 2386 1584 prin-

426 1584 598 1668 cipio
677 1583 1020 1668 hucusque
1110 1605 1336 1650 secum
1424 1583 1837 1669 transigendi
1922 1585 2120 1651 aliam
2198 1597 2385 1670 spem

422 1669 745 1750 ostendit,
787 1671 918 1736 nisi
961 1677 1067 1750 ut,
1123 1669 1378 1756 sepulto
1422 1692 1686 1736 rursum
1728 1671 2023 1751 Christo,
2071 1670 2385 1755 quidquid

422 1757 787 1842 impietatis
826 1757 955 1822 fuit
994 1777 1224 1841 quum,
1245 1777 1367 1823 nos
1401 1757 1473 1821 in
1508 1755 1801 1822 medium
1842 1757 2226 1841 prodiimus,
2269 1760 2384 1823 fir-

420 1843 741 1910 mioribus
797 1863 997 1927 quam
1048 1851 1203 1909 ante
1257 1842 1582 1909 machinis
1636 1842 1941 1909 stabiliat.
2029 1844 2218 1910 Haec
2260 1844 2385 1910 sci-

420 1928 580 1997 licet
622 1949 822 1996 causa
875 1938 1005 2009 est,
1074 1950 1192 1995 cur
1255 1929 1451 1994 hodie
1509 1950 1766 2013 quoque
1832 1931 2095 1996 fortiter
2158 1931 2385 2015 prohi-

419 2016 623 2084 beant
664 2013 1022 2084 adversarii
1076 2015 1390 2082 ecclesiae
1441 2017 1902 2081 instaurationi
1945 2037 2218 2082 manum
2270 2017 2385 2083 ad-

417 2122 714 2169 movere:
760 2123 895 2168 non
940 2103 1095 2185 quia
1136 2121 1407 2169 necesse
1450 2122 1586 2167 non
1630 2103 1719 2168 sit
1760 2101 1858 2180 (id
1901 2103 2080 2167 enim
2121 2123 2386 2188 negare,

418 2189 621 2256 nimis
661 2187 959 2272 perditae
1002 2187 1451 2273 impudentiae
1494 2187 1710 2274 foret),
1752 2187 1866 2254 sed
1903 2188 2057 2272 quia
2101 2195 2238 2255 tam
2283 2211 2388 2255 sa-

417 2274 631 2341 lutem
689 2273 997 2340 ecclesiae
1063 2296 1260 2359 quam
1313 2275 1660 2339 interitum
1714 2296 1799 2340 ex
1871 2274 2007 2340 solo
2063 2275 2389 2359 pontificis

418 2361 678 2427 romani
716 2360 987 2427 arbitrio
1031 2368 1330 2444 nutuque
1373 2382 1760 2445 suspensam
1803 2381 1947 2427 esse
1988 2362 2215 2429 velint.

596 2453 747 2528 [pag.
791 2451 939 2527 126]
976 2447 1175 2514 Nunc
1220 2445 1301 2512 de
1336 2446 1624 2513 remedio
1667 2445 2027 2528 videamus,
2075 2447 2248 2531 quod
2286 2469 2389 2514 so·

417 2534 564 2600 lum
627 2534 818 2600 nobis
886 2533 1307 2618 relinquunt,
1372 2534 1485 2616 qui
1543 2531 1828 2618 digitum
1895 2534 2146 2600 moveri
2204 2535 2390 2600 nefas

420 2641 566 2686 esse
612 2626 898 2700 censent,
944 2620 1439 2703 quibuscunque
1482 2619 1677 2685 malis
1720 2628 2064 2703 prematur
2098 2620 2387 2687 ecclesia.

417 2705 531 2772 Ad
573 2706 921 2774 concilium
963 2727 1088 2772 nos
1145 2706 1525 2772 universale
1566 2707 1893 2773 reiiciunt.
1985 2705 2206 2788 Quid?
2280 2709 2391 2773 An

420 2794 508 2874 si,
565 2793 912 2860 obstinatis
969 2793 1237 2872 animis,
1291 2793 1363 2858 in
1409 2814 1606 2858 suum
1663 2793 1943 2857 exitium
1987 2794 2193 2859 maior
2233 2814 2390 2877 pars

420 2887 597 2960 ruat,
661 2879 809 2946 ideo
865 2879 1055 2945 nobis
1109 2900 1363 2963 quoque
1411 2878 1614 2945 simul
1657 2878 1874 2963 perire
1927 2899 2195 2946 necesse
2243 2880 2388 2959 erit,

421 2987 628 3050 quum
671 2985 874 3050 penes
916 2986 1037 3031 nos
1080 2965 1275 3032 saluti
1318 2973 1580 3030 nostrae
1624 2963 2006 3031 consulendi
2052 2965 2140 3030 sit
2180 2965 2386 3033 facul-

418 3051 572 3119 tas?
661 3053 757 3119 At
803 3054 988 3120 nefas
1044 3058 1176 3133 est,
1232 3052 1574 3136 inquiunt,
1634 3051 2024 3136 abrumpere
2080 3053 2389 3119 ecclesiae

419 3139 779 3205 unitatem:
828 3161 997 3224 quae
1038 3145 1197 3205 tunc
1240 3138 1674 3222 abrumpitur,
1718 3139 1774 3204 si
1815 3158 2107 3204 seorsum
2146 3136 2387 3222 aliquid

418 3225 495 3291 in
551 3225 707 3291 fidei
750 3224 1048 3293 doctrina
1087 3246 1242 3309 pars
1284 3246 1448 3303 una,
1504 3246 1640 3289 non
1685 3222 1997 3291 adhibitis
2038 3223 2215 3304 aliis,
2275 3224 2387 3289 de-

418 3319 667 3379 cernat.
755 3313 1026 3393 Postea,
1071 3333 1239 3395 quae
1283 3309 1438 3376 inde
1482 3309 1897 3377 incommoda
1939 3317 2387 3393 nascerentur,

423 3398 856 3482 amplificant:
911 3397 1082 3463 nihil
1137 3404 1397 3482 praeter
1453 3395 1850 3463 horrendam
1908 3397 2288 3464 vastitatem
2323 3403 2391 3462 et

419 3486 769 3552 confusum
808 3485 1007 3551 chaos
1061 3504 1253 3568 posse
1295 3483 1690 3567 exspectari,
1762 3484 1818 3549 si
1872 3483 2210 3567 propriam
2265 3482 2386 3549 sibi

418 3571 578 3637 fidei
630 3572 911 3637 formam
965 3570 1272 3636 instituat
1339 3589 1767 3654 unaquaeque
1835 3590 1998 3654 gens
2067 3577 2136 3635 et
2187 3569 2384 3635 natio.

418 3658 609 3724 Haec
654 3656 925 3741 quidem
968 3658 1220 3735 merito,
1266 3662 1334 3720 et
1372 3655 1457 3720 ad
1498 3677 1642 3722 rem
1687 3656 1981 3740 apposite
2025 3662 2168 3720 tum
2215 3653 2385 3722 dice-

420 3752 687 3826 rentur,
744 3744 799 3810 si
857 3750 1092 3827 sponte
1144 3764 1214 3809 se
1269 3763 1479 3807 unum
1536 3742 1846 3809 ecclesiae
1888 3742 2261 3808 membrum
2304 3742 2387 3807 ab

420 3831 587 3912 aliis,
626 3836 1004 3913 contempta
1047 3828 1322 3908 unitate,
1361 3830 1716 3912 separaret.
1787 3827 2046 3895 Verum
2085 3827 2156 3892 id
2208 3849 2388 3894 nunc

418 3938 558 3984 non
602 3917 1000 4001 disputatur.
1059 3915 1336 3982 Utinam
1378 3915 1722 3999 impetrari
1764 3915 1891 3981 hoc
1936 3914 2202 3998 quidem
2238 3934 2387 3998 pos-

423 4012 556 4085 set,
601 4011 679 4070 ut
721 4010 951 4069 sancta
991 4001 1476 4085 conspiratione
1521 4000 1753 4066 omnes
1812 4000 2154 4067 christiani
2210 3999 2387 4067 orbis

421 4089 820 4156 monarchae
863 4096 940 4153 et
974 4089 1217 4172 populi,
1263 4087 1348 4153 ad
1380 4086 1814 4171 expetendam
1851 4088 1898 4170 ¹)
1943 4088 2389 4171 praesentium

418 4177 751 4244 malorum
803 4174 1326 4241 emendationem
1341 4225 1356 4253 ,
1439 4174 1638 4240 simul
1705 4173 1985 4258 digitum
2062 4172 2384 4239 tollerent.

421 4261 561 4332 Sed
594 4282 802 4346 quum
835 4260 994 4327 alios
1039 4259 1384 4326 videamus
1429 4282 1469 4326 a
1507 4260 1767 4326 meliori
1809 4266 1985 4326 statu
2012 4260 2385 4340 abhorrere,
2427 4277 2431 4280 ⁴

422 4349 584 4415 alios
619 4369 777 4414 vero
820 4354 937 4413 aut
968 4346 1157 4426 bello,
1205 4354 1322 4412 aut
1364 4347 1510 4412 aliis
1555 4348 1732 4412 curis
1765 4346 1976 4412 tenori
2018 4346 2384 4431 implicitos,

423 4435 776 4520 quominus
798 4435 929 4500 huc
951 4432 1244 4500 studium
1268 4453 1458 4498 suum
1484 4432 1815 4519 applicare
1838 4438 2108 4517 queant:
2144 4452 2387 4517 quous-

421 4543 549 4607 que
591 4520 860 4587 tandem
906 4519 1068 4586 alios
1100 4518 1539 4603 exspectando
1581 4518 1770 4587 nobis
1812 4518 2153 4587 consulere
2199 4517 2386 4583 diffe-

421 4606 692 4674 remus?
765 4607 987 4689 Atque
1021 4614 1098 4670 ut
1135 4603 1403 4671 liberius
1437 4604 1763 4672 malorum
1807 4606 2104 4671 omnium
2136 4605 2386 4670 fontem

424 4695 747 4779 aperiam:
807 4692 1110 4757 videmus
1162 4709 1511 4756 romanum
1555 4692 1955 4774 pontificem,
2014 4688 2230 4775 quoad
2270 4710 2386 4774 po-

425 4783 614 4862 terit,
656 4798 1001 4862 nunquam
1043 4798 1423 4862 passurum,
1480 4784 1558 4842 ut
1613 4778 2028 4843 consentiant
2074 4775 2388 4844 ecclesiae

424 4887 676 4946 omnes,
701 4887 834 4931 non
856 4864 1001 4930 dico
1024 4863 1107 4943 ad
1144 4863 1387 4929 iustam
1409 4862 1957 4930 consultationem
1992 4862 2386 4944 habendam,

425 4952 544 5021 sed
613 4951 884 5018 omnino
953 4948 1038 5015 ad
1101 4948 1430 5045 synodum
1495 4947 1947 5034 colligendam.
2040 4954 2189 5045 [pag.
2237 4964 2263 5013 1
2277 4953 2386 5029 27]

568 5262 630 5329 1)
667 5257 1029 5330 expetendam
1063 5256 1217 5312 1543.
1256 5256 1425 5327 1552;
1503 5273 1602 5313 our
1638 5258 1901 5313 chercher
1934 5258 2166 5327 quelque
2211 5260 2391 5316 bonne

426 5331 788 5389 reformation
828 5327 893 5383 G.
982 5325 1033 5380 Α
1205 5327 1412 5382 Βααηι
1460 5275 1691 5397 {quun-.-
1746 5327 2196 5396 exspectandam,
2248 5327 2396 5398 quod

426 5401 754 5460 recent-'ores
785 5410 998 5468 quoque
1139 5403 1243 5453 ent.

2495 729 2639 792 vias
2682 747 2909 793 omnes
2960 728 3365 811 praeclusas,
3424 735 3491 796 et
3549 728 3766 796 aditus
3823 753 4053 799 omnes
4109 734 4456 818 impeditos

2494 812 2737 878 videat.
2809 813 3066 878 Verum
3110 814 3311 881 habet
3352 815 3424 879 in
3467 838 3673 882 manu
3715 838 4027 900 remoras,
4075 840 4237 903 quas
4272 821 4458 888 iden-

2493 896 2701 963 tidem
2744 898 3026 979 obiiciat‚
3069 920 3154 965 ne
3197 923 3493 984 unquam
3538 901 3707 969 desit
3751 905 4229 989 tergiversandi
4265 929 4457 991 prae-

2492 991 2736 1050 textus.
2811 983 3217 1067 Cardinales,
3267 989 3620 1072 episcopos,
3667 989 3934 1056 abbates
3968 991 4169 1059 habet
4210 1014 4455 1075 omnes,

2490 1071 2718 1152 paucis
2761 1072 3073 1156 exceptis,
3120 1074 3607 1140 consentientes
3640 1075 3709 1140 in
3755 1074 3881 1143 hac
3915 1075 3988 1143 r'e
4033 1099 4274 1145 secum.
4349 1078 4458 1145 Si-

2493 1154 2757 1239 quidem
2800 1155 2924 1223 hoc
2967 1179 3178 1223 unum
3222 1160 3515 1245 cogitant
3536 1213 3552 1239 ‚
3610 1169 3687 1225 ut
3725 1161 4119 1245 plurimum,
4176 1165 4459 1248 qualiter

2490 1243 2970 1325 possessionem
3015 1245 3348 1310 retineant
3402 1244 3607 1312 semel
3649 1249 4003 1332 usurpatae
4049 1248 4454 1335 tyrannidis:

2491 1326 2931 1479 demeti-&osiae
2976 1330 3208 1410 salute,
3253 1331 3361 1399 vel
3397 1333 3619 1412 exitiO,
3666 1355 3750 1398 ne
3794 1335 4146 1401 minimum
4191 1336 4457 1420 quidem

2490 1434 2564 1479 so
2642 1434 2703 1480 ci
2759 1465 2773 1479 .

2661 1500 2815 1565 Non
2857 1520 3109 1581 vereor,
3153 1502 3587 1569 invictissime
3634 1502 3881 1570 Caesar
3915 1514 3986 1571 et
4028 1506 4460 1574 illustrissimi

2488 1585 2839 1669 Principes
2856 1637 2871 1666 ,
2933 1608 3019 1652 ne
3080 1586 3266 1653 vobis
3307 1587 3693 1655 incredibile
3710 1643 3727 1671 ,
3774 1597 3892 1656 aut
3934 1593 4132 1658 etiam
4179 1592 4263 1659 ad
4304 1615 4456 1678 per-

2492 1671 2911 1738 suadendum
2966 1672 3232 1740 difficile
3296 1675 3414 1755 sit,
3495 1674 3667 1758 quod
3735 1676 3896 1743 dico.
3988 1677 4171 1761 Quin
4234 1682 4457 1763 potius

2490 1765 2750 1825 vestras
2801 1759 3100 1825 omnium
3153 1761 3588 1827 conscientias
3646 1762 3935 1845 appello,
3993 1786 4082 1830 an
4126 1765 4306 1831 aliud
4334 1787 4457 1832 re-

2489 1845 2700 1910 feram
2742 1843 2875 1910 nisi
2918 1844 3088 1927 quod
3140 1852 3326 1919 ‚certo
3379 1848 3829 1930 experimento
3883 1858 4294 1934 compertum
4336 1851 4456 1918 ha-

2490 1930 2679 1997 betis.
2767 1930 3036 1997 Interea
3079 1931 3316 1998 ultimo
3374 1933 3446 1998 in
3503 1931 3880 2001 discrimine
3925 1935 4098 2003 iacet
4154 1938 4454 2004 ecclesia:

2487 2016 2792 2082 infinitae
2837 2017 3113 2098 animae,
3155 2039 3285 2101 quo
3330 2039 3400 2084 se
3445 2025 3706 2085 vertere
3756 2019 4037 2088 debeant
4067 2024 4455 2106 nescientes,

2488 2103 2732 2168 misere
2774 2111 3089 2187 aguntur:
3137 2103 3384 2168 multae
3429 2105 3627 2170 etiam
3670 2113 3881 2171 morte
3923 2117 4455 2193 praeoccupatae,

2490 2188 2621 2255 nisi
2655 2187 3047 2254 mirabiliter
3082 2210 3123 2255 a
3154 2190 3441 2255 Domino
3485 2199 3853 2271 serventur,
3893 2201 4203 2277 pereunt:
4241 2202 4458 2262 sectae

2494 2276 2717 2341 variae
2762 2275 3180 2340 exoriuntur:
3236 2276 3432 2340 multi
3476 2298 3756 2358 quorum
3809 2279 3997 2361 prius
4041 2280 4288 2346 latebat
4329 2282 4454 2347 im·-

2492 2362 2726 2444 pietas,
2774 2381 2858 2425 ex
2901 2362 3237 2445 praesenti
3279 2360 3683 2430 dissensione
3720 2363 4055 2430 licentiam
4100 2365 4272 2431 nihil
4314 2388 4456 2434 cre-

2494 2446 2695 2512 dendi
2756 2454 3055 2513 sumunt:
3147 2447 3362 2513 multa
3425 2448 3665 2532 alioqui
3736 2470 3872 2515 non
3948 2451 4128 2517 mala
4188 2454 4258 2517 in
4308 2454 4458 2519 enia

2493 2533 2980 2617 profanescunt.
3069 2532 3200 2599 His
3243 2533 3437 2599 malis
3479 2534 3854 2602 coercendis
3889 2536 4076 2602 nulla
4117 2545 4220 2604 est
4305 2538 4454 2605 isci-

2493 2619 2703 2704 plina:
2762 2620 2940 2685 inter
2981 2639 3133 2700 nos,
3187 2621 3299 2703 qui
3351 2621 3549 2687 unius
3594 2619 3848 2687 Christi
3905 2623 4172 2689 nomine
4217 2623 4456 2709 gloria·

2493 2726 2675 2785 mur,
2734 2713 2802 2771 et
2847 2704 3131 2772 eundem
3187 2706 3511 2773 habemus
3567 2705 3965 2791 baptismum
3980 2760 3997 2789 ,
4055 2709 4263 2776 nihilo
4305 2711 4458 2795 plus

2495 2800 2597 2858 est
2628 2792 3092 2872 consensionis,
3138 2812 3334 2875 quam
3376 2794 3431 2858 si
3465 2791 3763 2860 diversas
3795 2794 4064 2879 penitus
4108 2796 4457 2880 religiones

2492 2878 2972 2962 profiteremur.
3060 2878 3181 2958 Et,
3251 2878 3424 2963 quod
3487 2879 3784 2945 omnium
3840 2889 3942 2947 est
3992 2882 4456 2964 miserrimum,

2493 2965 2728 3044 instat,
2788 2971 2856 3030 et
2896 2965 3031 3030 iam
3072 2985 3277 3050 prope
3321 2967 3390 3030 in
3436 2973 3791 3050 conspectu
3835 2974 3936 3032 est
3982 2967 4311 3034 horrenda
4356 2975 4455 3034 to-

2493 3050 2626 3117 tius
2681 3050 2991 3118 ecclesiae
3047 3050 3417 3137 dissipatio,
3476 3053 3580 3118 cui
3633 3052 3881 3119 frustra
3924 3051 4215 3120 remedia
4256 3075 4455 3138 quae-

2492 3145 2744 3202 rentur.
2837 3135 3061 3218 Quum
3114 3138 3320 3222 igitur
3374 3137 3458 3203 ad
3517 3158 3706 3221 opem
3760 3139 4070 3206 ecelesiae
4111 3139 4453 3206 ferendam

2490 3222 2680 3288 nulla
2720 3225 2927 3305 possit
2969 3244 3145 3303 esse,
3201 3224 3271 3288 in
3314 3230 3503 3289 tanta
3545 3224 3944 3306 calamitate,
4000 3234 4068 3291 et
4113 3231 4262 3308 [pag.
4305 3230 4452 3306 128]

2491 3309 2563 3373 in
2605 3308 2813 3375 tantis
2855 3309 3181 3393 periculis,
3226 3308 3435 3375 nimia
3478 3308 3805 3391 celeritas,
3853 3312 3965 3396 qui
4006 3333 4131 3377 nos
4175 3311 4260 3378 ad
4299 3334 4454 3378 con-

2492 3394 2716 3461 cilium
2751 3395 3128 3462 universale
3160 3395 3486 3481 ablegant,
3531 3398 3717 3463 cuius
3761 3396 4049 3464 habendi
4076 3398 4262 3463 nulla
4302 3419 4453 3481 spos

2492 3490 2794 3566 apparet,
2854 3482 3014 3565 quid
3069 3480 3251 3547 aliud
3306 3504 3505 3567 quam
3550 3482 3695 3549 Deo
3751 3492 3818 3549 et
3873 3482 4249 3550 hominibus
4302 3484 4453 3550 illu-

2492 3567 2699 3632 dunt?
2811 3568 2940 3635 Aut
3010 3589 3169 3652 ergo
3236 3568 3696 3635 sustinendum
3772 3575 3874 3636 est
3938 3570 4065 3636 hoc
4139 3569 4455 3636 iudicium

2492 3653 2879 3732 Germanis,
2939 3655 3111 3738 quod
3171 3654 3426 3722 Christi
3479 3655 3823 3722 ecclesiam
3877 3656 3948 3720 in
4005 3676 4123 3720 suo
4177 3655 4455 3740 imperio

2490 3741 2634 3825 pati
2680 3740 3065 3822 maluerint,
3122 3762 3194 3806 se
3239 3741 3613 3808 videntibus
3660 3749 3727 3807 et
3768 3741 4284 3825 quiescentibus,
4339 3762 4455 3825 pe-

2491 3829 2654 3907 rire,
2715 3848 2919 3910 quum
2960 3825 3213 3893 mederi
3250 3834 3521 3912 possent
3563 3829 3703 3894 eius
3745 3827 4022 3893 morbis:
4072 3835 4188 3893 aut
4229 3828 4457 3893 statim

2492 3912 2578 3979 ad
2622 3912 3112 3996 suscipiendam
3156 3914 3297 3979 eius
3354 3934 3582 3980 curam
3635 3935 3706 3978 se
3752 3913 4130 3997 accingant,
4187 3932 4456 3980 necesse

2493 4007 2612 4065 est.
2703 3997 3102 4082 Quanquam
3157 3998 3335 4063 istud
3390 3996 3750 4065 secundum
3814 4019 4158 4082 nunquam
4212 3998 4458 4065 facient

2489 4087 2588 4151 ita
2640 4093 2930 4165 mature,
2985 4084 3149 4167 quin
3202 4084 3446 4150 nimiae
3509 4084 3889 4150 cessationis
3943 4084 4179 4150 merito
4223 4086 4456 4151 etiam-

2492 4193 2656 4238 num
2710 4169 3126 4236 damnentur.
3217 4168 3613 4254 Quicunque
3668 4191 3827 4238 vero
3844 4222 3861 4250 ,
3920 4170 4248 4255 generalis
4302 4192 4457 4238 con-

2493 4258 2628 4325 cilii
2670 4263 3047 4342 praetextu,
3104 4276 3361 4320 moram
3402 4258 3865 4340 interponunt,
3911 4278 4021 4323 eos
4063 4257 4234 4322 nihil
4277 4256 4458 4322 aliud

2492 4345 2715 4411 moliri
2759 4350 3047 4424 constat,
3104 4343 3232 4408 nisi
3273 4350 3353 4407 ut
3404 4341 3530 4409 hoc
3580 4341 3858 4409 artificio
3915 4350 4175 4427 tempus
4234 4351 4458 4408 extra—

2491 4429 2676 4497 hant.
2763 4429 2994 4495 Nihilo
3050 4428 3257 4514 igitur
3308 4429 3523 4513 magis
3567 4436 3722 4494 sunt
3775 4428 4106 4509 audiendi,
4153 4450 4352 4513 quam
4398 4429 4457 4493 si

2492 4516 2713 4585 verbis
2738 4517 3124 4595 faterentur,
3153 4514 3324 4598 quod
3351 4537 3424 4581 re
3449 4517 3595 4600 ipsa
3617 4515 4096 4593 demonstrant,
4121 4515 4247 4580 sibi
4281 4514 4459 4580 tanti

2490 4604 2828 4688 privatum
2869 4601 3336 4686 compendium
3379 4623 3549 4681 esse,
3593 4609 3673 4666 ut
3714 4601 3782 4667 id
3828 4601 4137 4669 ecclesiae
4183 4600 4459 4665 interitu

2491 4688 2816 4756 redimere
2860 4709 2991 4753 non
3035 4687 3354 4754 dubitent.

2667 4776 2762 4840 At
2802 4795 3007 4854 novo,
3052 4774 3381 4857 inquiunt,
3426 4773 3724 4857 exemplo
3769 4772 3838 4838 id
3883 4773 4088 4838 fieret.
4153 4771 4328 4836 Nam
4370 4778 4449 4836 ut

2496 4862 2578 4927 de
2622 4860 2958 4946 religionis
3003 4857 3437 4944 dogmatibus,
3485 4860 3542 4925 si
3584 4880 3715 4942 qua
3749 4860 3822 4923 in
3855 4858 3962 4923 his
4003 4858 4453 4924 controversia

2494 4949 2697 5015 fuerit
2749 4953 3008 5025 exorta,
3067 4946 3505 5031 cognitionem
3558 4944 3900 5029 provincia
3953 4966 4093 5010 una
4146 4944 4459 5027 suscipiat

2494 5054 2571 5102 ac
2611 5033 3023 5118 pronunciet,
3067 5054 3406 5115 nunquam
3437 5031 3738 5097 auditum
3782 5029 3925 5096 fuit.
3993 5029 4171 5113 Quid
4215 5027 4453 5095 audio?

2495 5141 2580 5186 an
2646 5119 2785 5186 solo
2860 5125 3028 5184 nutu
3099 5138 3490 5202 persuasum
3568 5117 3649 5181 iri
3724 5117 3973 5183 mundo
4050 5117 4457 5183 arbitrantur

2496 5204 2945 5285 mendacium,
3002 5204 3176 5288 quod
3225 5212 3597 5288 temporum
3649 5204 3948 5269 omnium
3998 5202 4295 5270 historiis
4348 5221 4453 5266 re-

2497 5291 2797 5358 fellitur?
2874 5290 3150 5373 Quoties
3192 5290 3463 5357 emersit
3504 5310 3678 5358 nova
3720 5290 3946 5376 aliqua
3978 5288 4291 5369 haeresis,
4340 5293 4456 5353 aut

2501 5378 2771 5445 dissidio
2815 5376 3035 5461 aliquo
3089 5376 3357 5443 turbata
3406 5375 3534 5443 fuit
3586 5375 3862 5445 ecclesia
3876 5428 3893 5457 ,
3952 5396 4172 5442 nonne
4230 5374 4456 5441 statim
