4999 6179
632 436 756 499 283

628 622 818 690 nobis
851 618 1018 685 nihil
1065 617 1225 683 facit
1266 635 1539 700 prorsus
1582 610 1859 697 reliqui?
1930 610 2062 677 Ubi
2104 628 2262 693 ergo
2304 605 2592 671 liberum

627 707 915 775 heminis
950 704 1311 781 arbitrium,
1350 706 1499 781 [pag.
1539 703 1645 776 70]
1699 697 1870 781 qued
1908 716 1948 761 a
1973 695 2312 780 Cypriane
2352 692 2591 757 astrui-

629 793 783 860 tur?
870 792 1125 874 Nempe
1166 789 1322 872 quia
1365 794 1598 871 sponte
1643 791 1710 850 et
1741 803 2011 867 peccare
2056 788 2123 846 et
2165 780 2332 845 bene
2374 777 2591 843 facere

628 880 967 947 hominem
1018 875 1461 975 intelligebat,
1524 880 1858 953 utcunque
1901 866 2233 951 peccando
2300 863 2592 931 Satanae

631 965 946 1044 serviret,
994 963 1114 1028 sub
1158 982 1346 1028 culus
1389 955 1738 1045 tyrannide
1783 955 2082 1039 captivus
2127 957 2481 1030 teneretur,
2528 954 2596 1015 et

632 1052 716 1117 ad
757 1052 928 1118 bene
973 1046 1333 1116 vivendum
1376 1044 1616 1129 spiritu
1655 1043 1782 1108 Dei
1828 1046 2198 1125 regeretur,
2261 1058 2394 1101 nen
2439 1055 2592 1120 pre-

629 1139 776 1222 prio
832 1136 1048 1202 carnis
1102 1138 1303 1198 motu.
1391 1131 1545 1195 Non
1610 1127 1690 1194 de
1745 1127 2012 1193 nemine
2069 1124 2178 1190 hic
2235 1122 2592 1207 quaeritur,

635 1222 751 1290 sed
810 1221 889 1287 de
933 1220 1245 1287 facultate
1299 1215 1488 1282 liberi
1544 1214 1813 1282 arbitrii.
1901 1212 2112 1278 Perre
2168 1207 2402 1293 quanti
2447 1228 2594 1272 eam

635 1307 1081 1375 aestimaverit
1103 1303 1495 1390 Cyprianus,
1533 1310 1678 1371 tum
1701 1298 2036 1383 praeclara
2070 1296 2186 1361 illa
2205 1315 2356 1373 vex,
2395 1314 2595 1377 quam

632 1413 847 1477 nuper
899 1391 1276 1468 retulimus,
1333 1389 1527 1453 toties
1572 1387 1652 1452 ab
1696 1384 2074 1469 Augustino
2118 1379 2468 1458 celebrata,
2528 1384 2596 1443 et

634 1501 765 1565 qua
806 1499 1000 1544 omne
1052 1496 1262 1562 genus
1306 1474 1526 1539 meriti
1570 1492 1838 1557 prorsus
1879 1464 2142 1535 excludi
2184 1465 2592 1550 pronunciat,

631 1573 780 1631 tum
821 1564 988 1630 alter
1028 1562 1213 1628 locus
1256 1558 1560 1626 ostendit.
1649 1555 1951 1639 Quando,
1988 1554 2220 1637 inquit,
2266 1571 2594 1635 regamus,

635 1673 723 1719 ne
763 1648 1130 1717 incidamus
1172 1648 1242 1712 in
1286 1646 1736 1723 tentationem,
1784 1641 2216 1708 admonemur
2254 1635 2594 1702 imbecilli-

633 1738 795 1804 tatis
851 1745 918 1802 et
960 1733 1366 1800 infirmitatis
1418 1737 1715 1796 nestrae:
1762 1727 1924 1793 dum
1968 1727 2061 1792 sic
2107 1743 2447 1809 rogamus,
2508 1741 2594 1785 ne

635 1824 782 1908 quis
825 1843 897 1888 se
940 1818 1304 1887 insolenter
1347 1816 1639 1895 extollat,
1685 1835 1769 1879 ne
1813 1814 1959 1897 quis
2000 1810 2128 1877 sibi
2171 1807 2450 1892 superbe
2494 1815 2595 1872 ate

680 1931 762 1975 ue
805 1912 1194 1992 arroganter
1236 1902 1486 1987 aliquid
1528 1905 1820 1968 assumat
1833 1950 1851 1979 ,
1912 1919 1997 1962 ne
2037 1898 2183 1980 quis
2201 1947 2218 1975 ,
2279 1900 2396 1960 aut
2439 1913 2594 1958 eon-

662 1994 942 2061 essienis
961 2045 976 2072 ,
1034 1999 1152 2056 aut
1192 1988 1517 2073 passionis
1561 1985 1839 2071 gloriam
1883 1980 2344 2067 suam‘ducat:
2389 2000 2597 2063 quum

634 2080 965 2147 Dominus
1031 2076 1301 2142 dixerit:
1358 2072 1652 2159 Vigilate
1720 2077 1788 2137 et
1839 2076 2053 2150 erate,
2110 2075 2254 2147 etc„
2308 2073 2387 2130 ut
2438 2064 2598 2130 dum

635 2163 973 2252 praecedit
1029 2160 1298 2228 humilis
1356 2165 1420 2226 et
1474 2158 1804 2226 submissa
1860 2155 2206 2232 cenfessie,
2279 2158 2347 2216 et
2400 2149 2597 2215 datur

635 2259 851 2319 tetum
893 2248 1216 2327 Domine,
1273 2242 1587 2330 quidquid
1631 2242 2011 2326 suppliciter
2055 2259 2206 2304 cum
2250 2237 2485 2302 timore
2530 2244 2597 2302 et

634 2339 887 2405 honore
929 2335 1057 2401 Dei
1102 2334 1368 2418 petitur,
1413 2331 1619 2415 ipsius
1654 2329 1897 2413 pietate
1938 2330 2326 2409 praestetur.
2415 2321 2597 2403 Quid

635 2424 748 2490 hic
792 2422 1236 2507 arrogantiam
1277 2427 1467 2484 vocat
1501 2415 1556 2482 O
1654 2412 1922 2479 rianus?
1969 2433 2102 2477 non
2144 2409 2339 2475 mede
2383 2414 2599 2473 tetum

638 2510 764 2577 sibi
807 2527 1137 2607 arrogare,
1182 2503 1297 2570 sed
1343 2502 1541 2585 aliqui
1631 2499 1894 2584 penitus
1938 2518 2215 2562 sumere.

808 2594 1028 2660 Veme
1084 2590 1170 2657 ad
1211 2589 1582 2655 Hilarium:
1629 2586 1814 2653 cuius
1871 2584 2124 2667 primus
2178 2583 2359 2648 locus
2401 2585 2598 2645 natu-

635 2701 782 2747 ram
848 2677 1167 2754 hominis,
1247 2674 1432 2740 nulla
1497 2670 1936 2754 corruptionis
2000 2670 2175 2734 facta
2245 2666 2597 2744 mentione,

640 2765 967 2832 describit.
1056 2762 1266 2845 Atqui
1309 2760 1472 2825 haec
1519 2757 1814 2841 exceptio
1855 2754 2022 2820 mihi
2066 2774 2324 2836 semper
2368 2758 2472 2817 est
2516 2749 2600 2816 ad

640 2870 944 2917 manum:
1036 2855 1152 2913 aut
1231 2846 1518 2911 noluisse
1606 2865 1759 2908 eum
1845 2861 2090 2925 negare
2176 2838 2595 2921 pravitatem,

641 2957 812 3022 quae
867 2956 949 3000 ex
998 2933 1304 3019 originali
1357 2936 1623 3014 peccato
1679 2927 1980 3011 ingenita
2032 2931 2134 2991 est
2188 2923 2595 2989 hominibus:

641 3031 759 3091 aut
811 3022 869 3088 si
915 3041 1160 3107 negare
1203 3017 1513 3098 veluerit,
1569 3016 1650 3081 ab
1694 3013 2004 3080 ecclesiae
2043 3031 2363 3078 censensu
2408 3008 2601 3073 dissi-

641 3111 813 3177 dere.
904 3106 1132 3188 Quum
1189 3111 1414 3171 autem
1467 3102 1635 3169 nihil
1687 3100 1822 3167 illie
1874 3098 2286 3183 prepositum
2339 3095 2600 3174 habeat,

640 3197 769 3262 nisi
812 3200 891 3260 ut
934 3192 1421 3258 excusationem
1463 3188 1657 3255 tollat
1699 3185 2099 3265 hominibus,
2145 3206 2229 3250 ne
2271 3182 2599 3248 malorum

640 3300 915 3347 suerum
959 3277 1219 3362 culpam
1267 3278 1338 3341 in
1382 3277 1602 3341 Deum
1657 3273 1984 3350 reiiciant,
2044 3269 2212 3335 nihil
2254 3268 2499 3333 mirum
2542 3266 2600 3332 si

642 3368 727 3432 ad
783 3366 1065 3449 primam
1108 3384 1297 3429 suam
1340 3362 1661 3446 originem
1704 3380 1816 3425 ees
1859 3365 2152 3435 revocat,
2211 3375 2338 3440 que
2383 3375 2454 3418 se
2497 3354 2597 3436 ip·

640 3474 747 3519 sos
762 3502 779 3532 ,
834 3469 1156 3533 suumque
1220 3448 1502 3514 liberum
1558 3446 1906 3513 arbitrium
1976 3462 2283 3509 accusare
2324 3439 2597 3519 discant,

641 3540 752 3607 cui
802 3541 1146 3618 acceptum
1199 3535 1370 3600 ferre
1414 3531 1683 3612 debent,
1752 3528 1925 3614 qued
1978 3527 2139 3593 mali
2197 3535 2369 3593 sunt.
2460 3524 2601 3592 Sed

640 3646 760 3691 cur
802 3622 884 3688 de
918 3621 1250 3686 humanae
1294 3626 1571 3684 naturae
1606 3617 1816 3696 ruina,
1862 3637 1981 3681 cur
2015 3611 2097 3679 de
2141 3614 2280 3679 eius
2315 3632 2435 3695 per
2469 3611 2598 3676 Dei

641 3710 927 3795 gratiam
981 3705 1394 3790 reparatione
1437 3703 1695 3767 nullum
1739 3699 2061 3769 verbum?
2151 3698 2440 3776 Viderit,
2497 3698 2599 3762 in-

640 3816 868 3880 quam,
915 3796 1057 3877 ipse
1101 3791 1422 3869 Hilarius,
1467 3787 1790 3873 quomode
1830 3785 2086 3852 consilii
2130 3786 2235 3851 sui
2273 3784 2599 3850 rationem

639 3880 893 3949 reddat.
980 3878 1155 3944 Mihi
1196 3877 1359 3943 satis
1392 3883 1522 3955 est,
1569 3875 1626 3940 si
1669 3874 1889 3958 palam
1928 3871 2126 3949 facie,
2173 3892 2305 3936 nen
2346 3871 2442 3934 ita
2483 3890 2602 3935 ne-

638 3967 742 4034 bis
787 3965 1153 4043 adversari,
1198 3964 1370 4029 sicut
1424 3960 1621 4046 fingit
1660 3958 1960 4046 Pighius.
2051 3962 2199 4038 [pag.
2249 3960 2356 4036 71]
2404 3954 2604 4039 Quod

642 4062 865 4119 autem
910 4050 1237 4118 voluntati
1277 4070 1410 4114 nen
1454 4047 1858 4114 coactionem
1873 4096 1890 4124 ‚
1937 4051 2055 4111 aut
2098 4044 2236 4109 vim
2277 4044 2601 4109 extrinse-

644 4161 812 4219 cam,
856 4135 974 4204 sed
1016 4136 1473 4203 necessitatem
1516 4135 1807 4219 opponit,
1848 4131 2014 4197 nihil
2056 4129 2460 4195 difficultatis
2506 4135 2608 4195 est

645 4227 716 4291 in
761 4246 838 4291 ea
882 4243 973 4288 re.
1062 4220 1408 4306 Siquidem
1450 4219 1861 4287 necessitatis
1906 4217 2189 4296 nemine,
2238 4238 2372 4281 nen
2407 4216 2604 4281 mise-

645 4312 841 4390 riam,
896 4309 1003 4373 cui
1041 4306 1342 4376 addictus
1383 4314 1486 4373 est
1528 4306 1722 4371 home
1765 4327 1884 4389 per
1917 4311 2286 4389 peceatum,
2333 4301 2449 4367 sed
2488 4324 2604 4367 ex-

646 4405 908 4462 ternam
952 4413 1251 4474 causam,
1307 4413 1477 4476 quae
1520 4400 1712 4476 cegat
1754 4390 1900 4457 fieri
1941 4386 2114 4474 qued
2154 4389 2250 4468 fit,
2296 4388 2439 4454 sine
2484 4388 2607 4454 du-

642 4483 753 4549 bie
809 4481 1154 4567 significat.
1246 4477 1552 4545 Secundo
1605 4478 1776 4556 lece,
1820 4498 1957 4542 nen
2010 4474 2166 4560 quid
2221 4474 2441 4541 valeat
2486 4474 2605 4539 ho-

644 4569 845 4635 minis
889 4567 1236 4633 arbitrium
1253 4616 1269 4646 ,
1326 4564 1598 4630 exclusa
1635 4564 1767 4629 Dei
1813 4562 2059 4647 gratia,
2116 4560 2441 4645 disputat,
2488 4558 2604 4626 sed

643 4653 899 4721 homini
951 4659 1089 4719 teto
1153 4652 1327 4718 vitae
1381 4651 1750 4734 praesentis
1804 4668 2005 4714 cursu
2052 4648 2337 4731 spatium
2388 4653 2455 4711 et
2508 4647 2606 4711 le-

644 4761 797 4807 cum
854 4738 1000 4805 dari
1052 4742 1523 4804 commemorat
1573 4734 1928 4802 confitendi
1971 4735 2146 4800 Dee:
2192 4755 2360 4818 quae
2401 4732 2608 4799 facul-

645 4835 751 4892 tas
795 4831 1012 4890 morte
1055 4824 1347 4889 finiatur.
1418 4821 1502 4887 Id
1544 4823 1682 4889 suis
1717 4820 1939 4888 verbis
1974 4820 2166 4885 aliter
2202 4817 2466 4905 quidem
2489 4840 2606 4884 ex-

644 4911 908 4996 primit,
971 4909 1148 4976 hune
1206 4917 1430 4975 tamen
1485 4930 1629 4975 esse
1684 4929 1951 4975 sensum
1997 4908 2375 4985 verberum,
2433 4904 2607 4970 iudi-

643 5017 796 5064 care
845 4996 1056 5064 cuivis
1121 5002 1497 5081 promptum
1554 4996 1768 5062 fuerit.
1868 4994 2047 5060 Loco
2107 4992 2331 5073 tertie,
2394 5011 2610 5075 neque

643 5083 885 5162 tribuit
937 5083 1190 5168 gratiae
1236 5082 1366 5150 Dei
1422 5089 1745 5166 quantum
1789 5080 2091 5158 decebat,
2147 5086 2216 5144 et
2268 5078 2351 5144 ad
2393 5077 2609 5142 hemi-

645 5190 800 5236 nem
837 5168 1185 5250 transfert,
1242 5167 1418 5254 qued
1458 5169 1643 5237 Deus
1688 5179 2006 5252 tanquam
2050 5186 2246 5231 suum
2286 5162 2607 5231 vindicat:

645 5276 890 5340 nempe
952 5275 1064 5323 cer
1131 5255 1450 5323 inclinare
1515 5256 1585 5321 in
1652 5253 2088 5322 obedientiam
2146 5250 2330 5335 legis.
2421 5247 2611 5331 Quae

648 5350 877 5408 autem
920 5364 1072 5410 eum
1131 5364 1335 5410 causa
1383 5342 1752 5426 impulerit,
1811 5345 1884 5405 ut
1929 5339 2026 5406 sie
2080 5346 2227 5403 tum
2269 5336 2406 5417 hic,
2461 5343 2611 5403 tum

1936 416 2465 491 RESPONSIO
2512 412 2890 484 CONTRA
2932 413 3349 482 PIGHIUM

4527 408 4653 472 284

2693 605 2993 690 proxime
3056 603 3202 670 loce
3217 654 3233 682 ,
3306 603 3486 666 inter
3533 598 3756 666 Deum
3810 605 3879 665 et
3940 597 4279 663 hominem
4333 594 4656 661 bonerum

2693 712 2967 776 eperum
3032 689 3295 755 laudem
3352 685 3679 753 divideret
3693 737 3708 764 ,
3779 685 3920 768 ipse
3965 685 4185 750 refert.
4275 681 4657 747 Laborabat

2694 778 2765 843 in
2821 773 3180 843 refellenda
3247 793 3475 840 eorum
3526 771 3948 856 improbitate
3962 822 3979 850 ,
4046 769 4156 853 qui
4210 767 4656 834 excusationis

2694 865 3044 929 materiam
3081 868 3150 926 et
3182 867 3600 945 praetextum
3639 879 3724 923 ex
3758 857 3975 924 earnis
4010 853 4460 921 imbecillitate
4502 873 4656 937 cap-

2696 951 2947 1016 tabant.
3039 945 3264 1029 Quum
3332 945 3525 1011 aliter
3569 943 3881 1028 expedire
3932 963 4002 1008 se
4058 962 4193 1006 nen
4259 946 4510 1025 posset,
4570 939 4657 1005 ad

2699 1036 2871 1101 hanc
2906 1034 3396 1117 responsionem
3421 1031 3733 1115 confugit,
3782 1030 3876 1096 sie
3912 1027 4172 1111 operari
4202 1027 4276 1092 in
4309 1026 4498 1092 nobis
4522 1025 4656 1092 Dei

2698 1122 3012 1207 gratiam,
3084 1128 3157 1185 ut
3208 1118 3461 1202 aliquas
3521 1117 3712 1183 nobis
3763 1122 3988 1200 partes
4044 1114 4243 1179 simul
4294 1113 4652 1196 relinquat:

2698 1209 2933 1293 quibus
2976 1207 3035 1271 si
3076 1205 3222 1290 quis
3265 1204 3465 1282 desit,
3510 1223 3646 1268 nen
3690 1203 3821 1266 nisi
3863 1199 4159 1266 secordia-
4201 1207 4270 1264 et
4311 1196 4654 1283 negligen-

2698 1294 2796 1358 tia
2838 1313 2961 1359 sua
3029 1312 3297 1376 peccare
3342 1288 3514 1355 dicit.
3601 1290 3827 1372 Atque
3885 1285 3956 1352 id
3999 1294 4131 1366 est,
4175 1284 4350 1369 qued
4392 1286 4467 1349 in
4506 1305 4660 1351 mea

2699 1379 3123 1445 Institutione
3176 1374 3457 1461 prodidi:
3516 1374 3684 1439 mihi
3729 1382 3987 1441 veteres
4041 1393 4116 1438 ee
4159 1370 4432 1457 consilio
4478 1370 4655 1436 vires

2698 1465 3024 1531 humanas
3066 1463 3216 1547 plus
3261 1465 3430 1528 iuste
3473 1459 3688 1525 videri
3730 1459 4068 1538 extulisse,
4114 1479 4200 1522 ne
4243 1458 4301 1523 si
4333 1458 4658 1539 impoten-

2698 1552 2861 1615 tiam
2904 1550 3147 1615 diserte
3191 1555 3412 1615 essent
3445 1546 3742 1626 confessi,
3788 1546 4078 1629 primum
4111 1542 4659 1626 philosopherum

2694 1638 2987 1720 ipserum
3029 1634 3400 1713 cachinnos,
3444 1633 3832 1716 quibuscum
3876 1637 4211 1697 certamen
4252 1636 4414 1696 tunc
4454 1629 4659 1696 habe-

2698 1723 2879 1799 bant,
2925 1727 3339 1787 excuterent:
3389 1716 3627 1784 deinde
3669 1719 3870 1798 carni,
3912 1724 4144 1801 suapte
4178 1722 4414 1799 sponte
4458 1715 4658 1782 nimis

2700 1808 2784 1872 ad
2849 1807 3099 1872 bonum
3141 1807 3459 1890 torpenti,
3535 1826 3778 1871 nevam
3857 1802 4147 1869 desidiae
4244 1801 4659 1867 occasionem

2699 1894 3109 1979 praeberent.
3198 1893 3374 1958 Tum
3433 1891 3742 1956 continue
3788 1897 3937 1974 pest
3991 1888 4292 1956 subiiciet
4340 1887 4525 1972 Ergo
4571 1907 4657 1953 ne

2698 1979 2858 2063 quid
2895 1979 3228 2045 communi
3262 1978 3607 2044 hominum
3641 1977 3881 2042 iudicio
3903 1973 4263 2042 absurdum
4296 1973 4657 2054 traderent,

2701 2067 3063 2149 scripturae
3131 2064 3500 2131 doctrinam
3580 2084 3731 2129 cum
3806 2062 4063 2146 phileso
4108 2060 4261 2126 hiae
4332 2059 4658 2144 dogmati·

2700 2152 2825 2217 bus
2892 2149 3162 2216 dimidia
3225 2171 3311 2215 ex
3374 2158 3562 2234 parte
3638 2149 3988 2216 conciliare
4055 2148 4068 2163 '
4130 2148 4143 2162 '
4248 2166 4443 2214 curae
4507 2145 4652 2211 fuit.

2699 2237 3063 2321 Praecipue
3103 2243 3328 2302 tamen
3361 2235 3524 2301 illud
3568 2234 3927 2301 secundum
3964 2240 4310 2318 spectasse,
4355 2253 4441 2298 ne
4485 2230 4659 2297 desi-

2701 2323 2848 2389 diae
2890 2322 3106 2389 leeum
3163 2323 3484 2402 facerent,
3539 2343 3624 2386 ex
3666 2342 3891 2387 eorum
3935 2318 4158 2387 verbis
4197 2339 4282 2402 ap
4330 2325 4490 2384 aret.
4578 2315 4657 2384 Si

2698 2409 2826 2476 hec
2869 2430 3005 2474 nen
3043 2429 3282 2488 essem,
3325 2416 3392 2474 et
3429 2407 3691 2473 disertis
3731 2406 3973 2487 verbis,
4020 2413 4088 2471 et
4130 2405 4300 2489 simp
4331 2406 4409 2469 'ci
4451 2404 4657 2470 animi

2700 2494 3001 2575 candore,
3047 2501 3208 2561 tunc
3240 2500 3392 2574 [pag.
3435 2500 3541 2575 72]
3580 2494 3932 2577 professus,
3974 2493 4119 2556 iure
4160 2510 4341 2556 nunc
4375 2490 4654 2573 Pighius

2698 2581 2772 2647 in
2830 2603 2937 2647 me
2991 2581 3434 2648 inveheretur.
3521 2581 3718 2647 Nunc
3772 2586 3996 2646 autem
4046 2576 4204 2662 quid
4256 2596 4493 2643 causae
4536 2577 4653 2642 ha-

2701 2665 2840 2747 bet,
2898 2688 3015 2734 cur
3057 2688 3165 2732 me
3219 2673 3356 2731 tam
3397 2667 3704 2732 atrociter
3747 2665 4026 2750 singulis
4078 2663 4341 2748 paginis
4390 2662 4654 2744 laceret,

2704 2755 2892 2836 quasi
2937 2752 3017 2818 de
3050 2753 3378 2820 veteribus
3421 2753 3738 2818 mentitus
3761 2751 4017 2829 fuerim,
4065 2771 4268 2835 quum
4303 2761 4531 2815 tamen
4557 2750 4659 2814 ni-

2705 2838 2801 2903 hil
2856 2861 2940 2904 ex
2995 2838 3269 2906 adverso
3315 2840 3636 2923 preferat,
3696 2838 3867 2921 qued
3926 2858 4060 2902 nen
4113 2836 4463 2902 conveniat
4506 2855 4657 2900 cum

2704 2925 2868 2991 meis
2911 2924 3177 2991 verbis?
3266 2926 3606 3009 Proponit,
3647 2924 3985 2989 Hilarium
4029 2922 4222 2989 liberi
4265 2920 4520 2986 arbitrii
4558 2923 4658 2989 vi·

2703 3011 2889 3077 ribus
2961 3011 3248 3077 tribuere
3314 3031 3467 3077 suas
3532 3019 3755 3096 partes
3810 3031 3962 3077 eum
4019 3009 4149 3074 Dei
4202 3007 4434 3094 gratia.
4523 3008 4659 3074 Re-

2702 3096 2995 3250 :32:253
3041 3097 3271 3251 &3133
3305 3099 3512 3269 {³3:3⁰
3506 3099 3684 3251 0313.ss
3726 3094 4660 3248 ssssffiffissssmfissssffiffifzffiss

2701 3270 3055 3354 impulerit,
3099 3271 3378 3337 eandem
3419 3271 3620 3337 fuisse
3655 3235 4034 3348 ostendunt,
4050 3203 4275 3352 ’qillam
4318 3266 4455 3334 illie
4499 3288 4660 3352 que·

2704 3377 2832 3441 que
2886 3357 3179 3441 exposui.
3277 3358 3370 3422 Et
3434 3363 3656 3422 tamen
3730 3353 4154 3439 impudenter
4218 3374 4324 3420 me
4387 3354 4659 3420 mentiri

2700 3442 2977 3509 subinde
3023 3445 3432 3511 vociferatur.
3506 3443 3603 3509 At
3644 3442 3782 3508 dixi
3818 3441 3926 3509 vel
3961 3441 4320 3519 obscurius,
4366 3440 4476 3506 vel
4517 3461 4659 3507 ma-

2702 3530 2805 3613 gis
2859 3530 3040 3595 varie
3090 3530 3273 3614 loqui
3315 3536 3599 3608 veteres,
3659 3548 3856 3612 quam
3900 3533 3979 3592 ut
4020 3533 4198 3594 eerte
4242 3525 4467 3612 colligi
4506 3547 4659 3612 pes-

2703 3615 2792 3681 sit
2829 3617 3126 3699 ipsorum
3160 3616 3506 3681 sententia.
3577 3616 3672 3682 Hi
3717 3620 3936 3681 autem
3979 3613 4104 3681 leci
4150 3612 4348 3689 nihil,
4392 3614 4499 3679 vel
4544 3614 4658 3681 eb-

2704 3703 3053 3782 scuritatis,
3099 3703 3207 3769 vel
3252 3702 3616 3783 varietatis,
3676 3701 3937 3767 habent.
4027 3697 4441 3783 Respondee,
4485 3699 4658 3784 quod

2702 3808 2812 3853 res
2857 3789 3090 3855 habet:
3135 3788 3470 3855 Hilarium
3486 3841 3503 3869 ,
3560 3810 3763 3872 quum
3815 3787 3890 3852 in
3944 3784 4259 3852 diluenda
4298 3786 4660 3854 obiectione

2703 3874 3161 3959 impediretur,
3239 3877 3296 3941 si
3348 3875 3632 3941 liberum
3696 3872 4042 3940 arbitrium
4109 3892 4334 3937 carere
4388 3893 4658 3956 prorsus

2706 3962 2952 4028 virtute
2996 3962 3330 4029 confessus
3371 3962 3542 4027 feret
3555 4013 3572 4042 ,
3629 3961 3768 4028 vim
3824 3958 3922 4024 illi
3962 3958 4225 4042 quidem
4269 3959 4656 4025 nonnullam

2704 4048 3117 4128 attribuisse,
3161 4047 3277 4115 sed
3321 4047 3466 4114 sine
3509 4056 3689 4114 certa
3726 4045 4133 4124 definitione,
4180 4064 4309 4128 qua
4358 4046 4654 4125 sciretur,

2707 4142 3032 4219 quantum
3066 4154 3269 4218 penes
3303 4134 3638 4200 homiuem
3672 4140 3863 4199 esset.
3934 4131 4090 4200 Nun
4136 4153 4292 4196 uam
4327 4152 4461 4216 ego*
4484 4153 4658 4212 sane,

2709 4222 2870 4306 quin
2918 4220 3203 4286 liberum
3253 4220 3595 4286 arbitrium
3648 4219 3897 4303 passim
3949 4237 3994 4300 p
4157 4217 4332 4283 ’cent
4384 4224 4660 4302 veteres,

2710 4316 2778 4373 et
2816 4307 2915 4372 illi
2957 4306 3107 4390 plus
3149 4327 3347 4389 quam
3391 4326 3514 4391 par
3555 4307 3641 4371 sit
3683 4306 3996 4384 tribuant,
4042 4304 4299 4388 negavi.
4374 4300 4515 4370 Sed
4547 4303 4658 4369 ad-

2710 4394 2963 4473 monui,
3027 4391 3199 4478 quod
3256 4394 3619 4458 etiamnum
3670 4392 4011 4470 confirmo,
4067 4390 4162 4456 sic
4224 4395 4342 4455 aut
4382 4391 4659 4469 variare,

2708 4488 2825 4547 aut
2867 4479 3200 4557 vacillare,
3245 4485 3362 4543 aut
3396 4478 3709 4561 perplexe
3754 4477 3948 4562 loqui,
3993 4481 4072 4540 ut
4103 4477 4267 4541 certi
4309 4476 4448 4542 fere
4491 4475 4661 4542 nihil

2708 4566 2953 4634 referre
2997 4586 3083 4630 ex
3124 4563 3257 4630 illis
3298 4564 3509 4630 liceat.

2878 4652 2990 4718 Ex
3031 4648 3280 4717 Basilio
3324 4649 3487 4716 dues
3520 4650 3694 4716 locos
3730 4650 3907 4728 citat,
3953 4669 4235 4733 querum
4322 4649 4457 4713 rier
4496 4647 4664 4714 nihil

2712 4737 2892 4806 aliud
2946 4737 3242 4802 eontinet
3258 4789 3275 4817 ,
3332 4758 3530 4820 quam
3584 4736 3916 4801 humanae
3960 4743 4236 4800 naturae
4323 4735 4661 4818 eseriptie-

2711 4847 2884 4904 nem,
2930 4822 3144 4908 qualis
3180 4845 3219 4889 a
3252 4821 3399 4888 Dee
3431 4824 3560 4888 fuit
3591 4821 3874 4902 condita,
3919 4842 4005 4886 ne
4037 4819 4361 4886 malorum
4396 4841 4660 4888 suerum

2713 4911 2974 4994 culpam
3038 4909 3338 4976 homines
3406 4910 3478 4974 in
3533 4909 3758 4975 Deum
3821 4907 4241 4974 transferant.
4328 4907 4664 4992 Principio

2713 4998 2943 5081 igitur,
3001 5004 3345 5080 peecatum
3401 5002 3606 5081 negat
3658 4993 4063 5061 substantiae
4117 4992 4406 5059 heminis
4461 4994 4663 5060 fuisse

2712 5083 3049 5163 innatum,
3093 5082 3209 5149 sed
3242 5083 3511 5167 propria
3551 5081 3652 5147 illi
3696 5081 3889 5165 culpa
3932 5078 4272 5147 accidisse:
4330 5079 4505 5164 qued
4546 5099 4663 5146 nes

2714 5190 2847 5235 nen
2891 5169 3178 5234 fatemur
3217 5169 3410 5235 mede
3425 5221 3442 5249 ,
3495 5167 3613 5235 sed
3654 5166 4008 5252 diligenter
4050 5173 4335 5232 tuemur.
4424 5166 4665 5231 Postea

2716 5255 3031 5324 virtutem
3076 5254 3239 5322 dicit
3278 5276 3421 5322 esse
3462 5254 3925 5333 voluntariam,
3969 5260 4037 5319 et
4076 5274 4212 5318 nen
4254 5273 4340 5317 ex
4380 5253 4661 5320 necessi·

2718 5348 2870 5408 tate.
2959 5341 3026 5408 N
3026 5342 3167 5408 obis
3212 5348 3434 5407 autem
3478 5341 3694 5407 inesse
3734 5339 4019 5432 liberum
4063 5339 4428 5407 arbitrium.
4510 5338 4659 5419 Hie,
