4999 6179
577 453 700 515 287

576 638 783 722 Atqui
829 634 1274 703 voluntarium
1314 635 1699 720 intelligunt
1751 655 2009 712 omnes,
2066 630 2235 716 qued
2293 633 2362 697 in
2418 654 2536 716 po·

575 730 812 790 testate
856 730 1080 787 nostra
1123 728 1241 799 est,
1285 730 1360 787 ut
1399 723 1487 787 sit
1518 721 1625 787 vel
1670 740 1807 785 11011
1847 721 1959 785 011;
2007 741 2127 785 1100
2162 719 2539 783 necessitati

575 810 933 877 subiicitur.
1026 809 1280 881 Verum
1336 808 1508 891 quod
1565 807 1757 871 aliter
1800 805 2192 872 Ambrosius
2244 805 2388 887 ipse
2431 804 2536 868 in-

575 894 868 980 telligat,
937 916 1071 959 non
1124 893 1320 959 altius
1381 891 1828 959 testimonium
1885 898 2131 973 petam,
2200 911 2395 973 quam
2452 912 2537 955 ex

577 980 809 1048 eadem
851 979 1122 1064 pagina,
1170 1001 1254 1044 ex
1296 1001 1422 1062 qua
1467 979 1750 1062 sumpsit
1790 977 2072 1061 Pighius
2116 976 2289 1060 quod
2332 975 2538 1041 addu-

579 1067 688 1134 cit.
776 1066 952 1131 Nam
989 1087 1192 1148 quum
1237 1065 1317 1130 de
1360 1087 1487 1130 usu
1528 1064 1695 1149 legis
1740 1069 1997 1142 tractat,
2038 1062 2144 1127 his
2179 1061 2396 1128 verbis
2433 1061 2538 1127 in-

575 1160 681 1218 ter
719 1150 847 1216 alia
889 1152 1123 1216 utitur:
1169 1150 1466 1217 Accessit
1508 1149 1849 1216 vinculum
1867 1201 1881 1228 ,
1926 1170 2065 1213 11011
2108 1149 2371 1213 001011οε
2423 1146 2539 1212 0(1-

579 1237 717 1302 (1110
759 1244 860 1302 001
903 1242 1318 1319 peccatorum
1359 1236 1608 1320 agnitio
1622 1288 1639 1315 ,
1694 1257 1831 1301 non
1874 1235 2190 1300 remissio,
2277 1234 2543 1299 Profuit

580 1331 804 1390 tamen
869 1323 1063 1387 mihi:
1147 1324 1328 1405 coepi
1393 1322 1689 1388 confiteri
1753 1321 1930 1403 quod
1995 1319 2347 1403 negabam,
2415 1329 2535 1385 etc.

577 1410 776 1475 Item:
822 1407 997 1474 Illud
1043 1429 1298 1492 quoque
1341 1408 1510 1473 mihi
1552 1407 1850 1490 prodest,
1907 1405 2077 1489 quod
2120 1427 2257 1471 non
2300 1405 2540 1471 iustifi-

579 1516 808 1562 camur
864 1515 948 1559 ex
1001 1494 1309 1577 operibus
1365 1493 1550 1578 legis.
1641 1494 1792 1558 Non
1850 1492 2028 1557 enim
2090 1491 2299 1557 habeo
2364 1490 2540 1556 unde

578 1581 847 1666 gloriari
888 1581 962 1644 in
1003 1580 1309 1662 operibus
1354 1585 1501 1661 [pag.
1543 1584 1649 1658 76]
1694 1579 1858 1644 meis
1903 1577 2185 1660 possim:
2244 1599 2377 1642 non
2420 1577 2539 1641 ha-

574 1668 699 1733 beo
743 1665 920 1731 unde
963 1688 1071 1731 me
1112 1665 1385 1744 iactem,
1443 1672 1510 1730 et
1561 1662 1707 1730 ideo
1766 1663 2094 1748 gloriabor
2135 1665 2205 1728 in
2251 1662 2537 1728 Christe.

577 1753 692 1818 An
726 1752 889 1818 haec
934 1758 1204 1831 starent,
1251 1752 1382 1816 nisi
1416 1750 1732 1834 peccandi
1767 1750 2138 1815 necessitati
2182 1749 2379 1814 homo
2415 1748 2539 1813 sibi

577 1838 849 1904 relictus
908 1836 1386 1903 subiiceretur?
1477 1837 1609 1902 Hic
1663 1857 1914 1919 quoque
1971 1835 2136 1899 mihi
2211 1834 2541 1900 succurrit

576 1923 1026 2009 Augustinus:
1096 1924 1209 2006 qui
1274 1922 1575 1989 adductis
1645 1920 1855 1986 tribus
1923 1920 2312 1986 testimoniis
2371 1919 2540 1984 nihil

575 2010 799 2075 minus
843 2009 1129 2075 sensisse
1173 2009 1598 2075 Ambrosium
1652 2007 1927 2085 evincit,
1981 2027 2179 2089 quam
2220 2005 2397 2089 quod
2438 2005 2540 2070 illi

580 2094 842 2179 affingit
897 2094 1193 2178 Pighius.
1283 2094 1614 2172 Primum,
1682 2093 1837 2177 quia
1900 2092 1974 2156 in
2025 2091 2193 2158 libro
2246 2091 2326 2157 de
2383 2092 2543 2175 fuga

579 2180 840 2259 saeculi,
888 2179 1046 2243 dum
1091 2179 1173 2244 ad
1212 2177 1661 2263 quaerendum
1696 2179 1828 2244 Dei
1871 2177 2195 2242 auxilium
2227 2198 2349 2241 nos
2384 2176 2540 2241 hor-

578 2274 763 2331 tatur
778 2317 795 2345 ,
854 2285 990 2331 non
1035 2265 1107 2330 111
1146 2272 1472 2363 potestate
1517 2270 1744 2331 nostra
1786 2284 1928 2329 esse
1971 2284 2084 2329 cor
2125 2269 2428 2328 nostrum
2474 2270 2543 2329 et

577 2360 840 2417 nostras
899 2352 1326 2436 cogitatlones
1383 2350 1604 2435 palam
1661 2351 2027 2415 confirmet:
2095 2347 2332 2414 deinde
2388 2348 2543 2431 quia

576 2438 648 2503 in
697 2437 954 2503 Lucam
999 2437 1093 2501 ita
1136 2438 1405 2503 scribat:
1462 2437 1615 2501 Non
1656 2435 1954 2500 humana
1995 2440 2259 2499 tantum
2304 2434 2540 2500 volun-

575 2529 713 2590 tate
766 2523 1031 2589 videtur
1089 2521 1262 2605 quod
1318 2522 1565 2587 bonum
1630 2530 1758 2599 est,
1827 2519 1944 2585 sed
2009 2520 2179 2586 sicut
2232 2519 2539 2585 Christus

578 2609 863 2688 dederit,
922 2609 1037 2691 qui
1090 2613 1167 2672 ut
1221 2606 1289 2672 id
1344 2607 1518 2691 quod
1569 2606 1815 2671 bonum
1870 2612 1998 2684 est,
2053 2606 2244 2672 nobis
2285 2628 2540 2690 quoque

575 2695 793 2761 videri
840 2694 1084 2758 bonum
1138 2692 1347 2775 possit
1398 2700 1735 2775 operatur:
1789 2712 1984 2776 quem
2040 2693 2215 2756 enim
2268 2693 2540 2758 misere-

578 2787 720 2859 tur,
763 2788 830 2844 et
871 2788 1078 2845 vocat.
1168 2778 1401 2861 Itaque
1445 2800 1649 2860 quum
1692 2779 1837 2862 quis
1888 2776 2087 2842 fidem
2132 2799 2201 2842 sc
2259 2778 2542 2843 voluisse

577 2865 822 2932 habere
886 2864 1075 2942 dicit,
1143 2886 1277 2929 non
1338 2872 1539 2948 negat
1603 2863 1825 2927 Deum
1887 2862 2184 2927 voluisse.
2275 2864 2339 2928 A
2395 2864 2541 2927 Deo

580 2952 759 3018 enim
814 2957 1249 3034 praeparatur
1295 2949 1616 3015 voluntas.
1704 2949 1801 3015 Ut
1854 2949 2032 3013 enim
2090 2949 2276 3013 Deus
2335 2949 2541 3013 hono-

579 3044 764 3105 retur
807 3056 847 3102 a
890 3035 1154 3116 sanctis,
1201 3037 1340 3101 01110
1384 3036 1598 3121 gratia
1639 3042 1756 3101 est.
1845 3034 2049 3100 Item:
2099 3032 2316 3115 Quem
2355 3035 2543 3101 Deus

580 3123 913 3210 dignatur,
960 3126 1178 3188 vocat:
1227 3129 1294 3186 et
1329 3143 1524 3205 quem
1565 3121 1724 3201 vult,
1767 3120 2149 3204 religiosum
2194 3121 2364 3187 facit.
2431 3122 2541 3186 Ex

580 3211 686 3276 his
739 3208 962 3277 verbis
1017 3207 1324 3292 colligere
1378 3231 1512 3273 non
1577 3206 1833 3273 dubitat
1887 3207 2335 3290 Augustinus,
2405 3215 2541 3272 tam

579 3294 765 3373 fidei,
834 3314 1030 3377 quam
1084 3292 1408 3358 bonorum
1474 3314 1778 3376 operum,
1845 3299 1981 3358 tam
2046 3293 2540 3377 cogitationum,

579 3400 780 3464 quam
821 3379 1141 3445 bonorum
1187 3379 1538 3445 affectuum
1583 3385 1650 3445 01
1691 3378 1957 3444 1111110111
2003 3388 2071 3443 01
2111 3399 2541 3462 perseveran-

580 3468 744 3533 tiam
788 3464 909 3531 soli
954 3465 1099 3529 Deo
1141 3465 1569 3531 Ambrosium
1622 3463 1943 3542 tribuere,
2001 3463 2381 3530 hominibus
2424 3486 2541 3530 au-

579 3554 771 3619 ferre.
861 3549 1069 3616 Cuius
1111 3551 1211 3614 rei
1256 3551 1313 3616 01
1356 3550 1502 3634 0010
1546 3550 1712 3614 1111111
1758 3548 1956 3614 fidem
1997 3570 2134 3613 11011
2174 3549 2403 3629 1101101,
2459 3549 2541 3614 li-

578 3640 778 3705 brum
817 3633 898 3701 de
943 3637 1112 3702 bono
1155 3636 1684 3718 perseverantiae
1727 3633 1921 3718 legat.
2498 3665 2503 3669 ·

754 3721 840 3787 In
899 3719 1162 3788 citando
1220 3720 1691 3805 Chrysostemo
1756 3742 1841 3784 ne
1902 3719 2187 3784 multum
2251 3719 2540 3799 sudaret,

577 3810 798 3875 locum
837 3806 1165 3874 duntaxat
1206 3826 1247 3870 a
1270 3826 1376 3870 me
1410 3804 1765 3870 adductum
1795 3806 2268 3888 transscripsit:
2315 3804 2430 3870 ubi
2464 3814 2544 3870 ut

581 3917 775 3962 omne
831 3892 1272 3960 excusationis
1329 3890 1807 3975 subterfugium
1850 3891 2304 3974 peccatoribus
2361 3891 2541 3956 clau-

582 3980 727 4060 dat,
781 3980 1026 4045 bonum
1085 3985 1151 4043 et
1193 3977 1448 4043 malum
1489 3977 1831 4043 constituit
1873 3976 1944 4041 in
1988 3976 2278 4041 heminis
2322 3983 2540 4060 potes-

580 4073 745 4132 tate:
804 4064 973 4129 nihil
1022 4085 1176 4148 ergo
1212 4063 1343 4129 illis
1378 4063 1668 4142 obstare,
1712 4063 1845 4127 nisi
1879 4062 2034 4147 quia
2066 4062 2303 4127 nolint:
2351 4085 2542 4145 posse

581 4155 780 4232 enim,
817 4151 871 4216 si
900 4149 1117 4216 velint.
1195 4149 1362 4214 Mali
1397 4170 1664 4214 causam
1698 4169 1834 4214 non
1870 4149 2024 4214 alibi
2060 4148 2306 4231 quaeri,
2340 4170 2541 4231 quam

579 4238 654 4302 in
671 4261 676 4266 ·
695 4236 964 4320 propria
1003 4233 1291 4300 hominis
1331 4234 1694 4315 voluntate,
1742 4256 1824 4300 110
1860 4233 1990 4299 0110
2026 4233 2287 4317 culpam
2323 4241 2539 4300 trans-

578 4320 847 4388 ferendo
890 4341 1250 4387 exonerare
1293 4343 1363 4386 00
1399 4320 1579 4400 velit,
1626 4319 1794 4385 mihi
1847 4319 2106 4402 placere
2160 4341 2292 4384 non
2336 4320 2542 4386 semel

576 4416 856 4475 testatus
899 4427 1065 4472 sum.
1157 4404 1336 4487 Quin
1390 4407 1589 4471 etiam
1646 4426 1853 4472 unum
1907 4405 2033 4471 hoc
2076 4411 2178 4472 est
2221 4427 2305 4471 ex
2345 4427 2539 4489 prae-

579 4494 791 4578 cipuis
835 4491 1190 4575 capitibus,
1237 4492 1473 4574 quibus
1515 4492 1588 4556 in
1631 4513 1780 4556 mea
1818 4491 2245 4557 Institutione
2287 4492 2534 4558 insiste.

581 4578 776 4662 90οᾶ
813 4597 972 4644 vero
1006 4577 1196 4643 liberi
1231 4575 1490 4642 arbitrii
1511 4577 1830 4644 virtutem
1864 4575 2025 4642 adeo
2061 4577 2285 4643 evehit
2318 4577 2537 4662 Chry-

579 4673 925 4742 sostomus,
971 4684 1106 4728 non
1149 4661 1560 4729 dissimulavi
1600 4662 1737 4729 illic
1777 4662 1936 4746 quid
1978 4663 2146 4728 mihi
2182 4663 2534 4730 videretur.

751 4751 918 4816 Post
959 4749 1133 4815 hanc
1175 4748 1704 4814 testimoniorum
1760 4749 2164 4833 congeriem,
2221 4750 2410 4833 quasi
2462 4771 2537 4815 re

580 4836 896 4914 confecta,
938 4834 1111 4917 quod
1155 4833 1237 4900 ab
1277 4834 1466 4899 initio
1507 4855 1625 4917 pro
1673 4841 1935 4901 osuerat
1976 4834 2245 4901 demum
2285 4835 2539 4921 colligit

580 4920 892 5006 Pighius:
934 4925 1081 5000 [pag.
1121 4924 1227 4998 77]
1270 4941 1471 5003 000111
1506 4918 1588 4984 (10
1671 4922 1893 4986 01110111
1928 4921 2182 4988 arbitrii
2218 4922 2538 4989 servitute

577 5009 968 5092 profitemur
1023 5005 1418 5072 sententiam
1432 5057 1449 5085 ,
1514 5027 1648 5071 uno
1711 5007 1971 5091 piorum
2033 5009 2359 5088 omnium,
2424 5008 2540 5090 qui

580 5092 857 5160 saeculis
901 5092 1204 5158 omnibus
1247 5092 1677 5174 exstiterunt,
1721 5113 2048 5159 consensu
2089 5093 2423 5160 damnari:
2470 5101 2540 5158 et

580 5200 805 5246 meum
845 5176 1267 5244 mendacium
1312 5176 1650 5245 evidenter
1692 5178 2022 5246 detectum
2065 5201 2229 5259 esse,
2274 5178 2390 5261 qui
2422 5178 2535 5259 ita,

582 5272 700 5331 aut
753 5264 1027 5332 obscure
1085 5273 1204 5330 aut
1255 5263 1435 5334 varie
1488 5265 1551 5330 lo
1596 5271 1789 5332 uutes
1843 5264 1925 5330 de
1976 5265 2102 5331 hac
2154 5286 2228 5329 re
2278 5270 2537 5331 veteres

582 5351 894 5431 dixerim,
952 5357 1030 5416 ut
1080 5349 1243 5417 certi
1299 5351 1437 5416 fere
1491 5351 1557 5416 n'
1618 5352 1631 5365 '
1704 5373 1789 5418 ex
1833 5371 2062 5418 eorum
2113 5350 2377 5436 scriptis
2430 5372 2536 5418 re-

1880 443 2410 512 REsPONSIo
2453 442 2832 511 (1οΝ1οΑ
2872 439 3291 509 10001011
3398 391 3405 397 ’

4471 440 4598 503 288

2640 634 2810 697 ferre
2853 631 3062 697 liceat.
3154 628 3379 695 Velim
3423 637 3644 694 autem
3685 628 4032 712 ignoscant
4082 625 4247 691 mihi
4300 626 4599 707 lectores,

2641 719 2696 783 si
2747 719 2818 782 in
2872 713 3325 800 respondendo
3380 714 3736 780 cothurnos
3790 713 3936 778 illos
3991 712 4253 778 altiores
4308 732 4443 778 non
4495 713 4601 778 in-

2641 804 2858 882 duam,
2883 800 3133 885 Ι(1011100
3169 803 3239 866 in
3274 821 3395 866 nos
3429 801 3715 884 insurgit
3749 798 4213 865 adversarius.
4248 798 4399 864 Non
4422 798 4599 864 enim

2640 887 3203 974 magniloquentia
3245 908 3397 952 cum
3442 907 3546 964 00,
3604 883 3719 951 0οᾶ
3764 886 4045 951 veritate
4100 891 4351 950 certare
4405 885 4599 951 insti-

2643 977 2773 1041 tui:
2821 995 2989 1058 quae
3029 981 3107 1038 ut
3148 981 3250 1038 est
3293 972 3603 1055 simplex,
3650 972 3746 1037 ita
3787 969 4047 1054 placida
4087 970 4399 1036 orationis
4441 972 4600 1036 sim-

2643 1061 2936 1144 plicitate
2981 1066 3289 1125 contenta
3342 1067 3459 1124 est.
3549 1057 3888 1140 Principio
3943 1056 4176 1140 igitur,
4236 1076 4442 1139 quum
4495 1078 4602 1123 ee-

2642 1147 2877 1214 clesiae
2919 1166 3308 1211 consensum
3353 1145 3540 1209 nobis
3584 1143 3893 1223 obiectat,
3950 1142 4122 1208 hanc
4165 1141 4290 1207 sibi
4331 1163 4602 1227 respon-

2645 1235 2894 1299 sionem
2935 1253 3069 1297 uno
3112 1232 3316 1298 verbo
3370 1230 3634 1296 habeat:
3695 1251 3830 1294 non
3883 1249 4024 1294 0000
4080 1227 4390 1294 000100100
4445 1250 4601 1294 0011-

2644 1339 2941 1397 sensum,
3008 1317 3137 1383 nisi
3201 1317 3313 1401 qui
3374 1324 3810 1400 congruenter
3864 1320 4147 1397 apteque
4210 1334 4329 1397 per
4380 1315 4604 1380 omnia

2645 1404 2846 1471 verbo
2901 1404 3029 1469 Dei
3094 1411 3196 1468 est
3259 1412 3754 1468 consentaneus.
3810 1401 3998 1475 ‚Non
4062 1420 4205 1466 esse
4269 1421 4465 1483 porro
4492 1399 4602 1466 -ad

2643 1490 2986 1556 hominum
3038 1488 3282 1571 placita
3330 1485 3799 1571 torquendum,
3855 1485 4028 1570 quod
4083 1486 4354 1569 spiritus
4411 1506 4603 1552 sane-

2644 1583 2782 1654 tus,
2841 1577 2953 1659 qui
3008 1575 3254 1640 scilicet
3295 1575 3582 1657 optimus
3625 1578 3727 1638 est
3768 1570 4073 1656 loquendi
4126 1571 4394 1650 artifex,
4447 1592 4600 1654 pro-

2643 1663 2861 1746 phetis
2918 1668 2985 1726 01
3038 1659 3349 1743 0110010110
3406 1660 3551 1724 sine
3604 1657 3801 1724 dubio
3857 1658 4230 1724 dictaverit:
4289 1656 4484 1740 idque
4527 1659 4602 1723 in

2644 1770 2796 1814 eum
2840 1749 3072 1825 finem,
3129 1752 3208 1810 ut
3260 1745 3415 1810 inde
3459 1765 3686 1810 01111100
3730 1752 3798 1810 01
3839 1744 4184 1810 hominum
4226 1751 4294 1810 et
4335 1743 4600 1828 angelo-

2643 1855 2795 1899 rum
2848 1832 3183 1899 doctrinae
3236 1832 3762 1897 aestimarentur.
3850 1828 4130 1912 Quoties
4192 1850 4267 1894 er
4410 1851 4602 1896 suam

2642 1920 2826 1985 illam
2870 1918 3265 1984 cantilenam
3308 1917 3476 1981 mihi
3519 1917 3788 1995 occinet,
3835 1916 3916 1982 de
3960 1917 4233 1981 univers
4306 1915 4319 1928 “
4392 1915 4601 1982 00010-

2640 2007 2781 2071 siae
2832 2024 3188 2082 consensu,
3249 2003 3557 2069 continuo
3617 2002 3969 2086 excipiam,
4025 2022 4371 2085 perperam
4412 2022 4599 2085 sepaf

2644 2091 2810 2171 rari,
2879 2111 3047 2175 quae
3101 2091 3285 2155 Deus
3337 2097 3656 2173 perpetue
3699 2110 3875 2153 nexu
3934 2087 4295 2171 copulavit:
4352 2094 4420 2153 et
4462 2108 4599 2153 me-

2644 2176 2804 2242 liore
2853 2198 3079 2254 sensu,
3141 2197 3216 2240 ac
3269 2174 3706 2240 commodiore
3761 2174 3901 2239 loce
3953 2174 4379 2257 proverbium
4432 2171 4600 2239 illud

2644 2262 2897 2329 Christi
2940 2263 3008 2326 in
3052 2282 3209 2326 eum
3251 2261 3665 2344 retorquebo:
3713 2259 3846 2327 Ubi
3888 2259 4186 2338 cadaver,
4232 2259 4369 2325 illic
4412 2258 4600 2343 aqui·

2642 2349 2765 2414 lae.
2852 2348 3027 2413 Nam
3086 2355 3161 2411 ut
3210 2346 3504 2412 fidelium
3554 2346 3920 2413 sententiae
3970 2367 4088 2429 pro
4132 2351 4451 2430 perpetuo
4493 2365 4600 2411 ec-

2644 2434 2879 2500 clesiae
2936 2453 3257 2499 consensu
3308 2432 3703 2510 habeantur,
3773 2452 3883 2498 eas
3936 2431 4224 2514 primum
4282 2437 4603 2514 tanquam

2644 2521 2895 2603 aquilas
2950 2519 3036 2584 ad
3088 2518 3371 2585 cadaver
3423 2520 3495 2584 in
3539 2517 3793 2585 Christi
3845 2519 4196 2584 veritatem
4250 2517 4604 2584 convenire

2642 2614 2711 2671 et
2765 2607 2952 2690 quasi
3017 2605 3377 2671 coalescere
3441 2623 3711 2672 necesse
3775 2610 3892 2669 est.
3980 2604 4209 2687 Neque
4261 2612 4606 2689 praeterea

2642 2692 2712 2756 id
2755 2691 2930 2776 quod
2972 2712 3092 2774 pro
3145 2692 3438 2757 confesso
3494 2690 3726 2768 sumit,
3784 2689 3888 2754 illi
3935 2688 4247 2768 concedo,
4302 2695 4380 2753 ut
4429 2686 4607 2771 qued

2645 2799 2762 2843 sex
2806 2778 2913 2843 vel
2958 2785 3102 2849 octo
3147 2778 3408 2860 scriptis
3452 2775 3891 2859 prodiderint,
3946 2796 4064 2858 pro
4108 2784 4286 2840 certo
4332 2780 4399 2839 et
4442 2774 4602 2840 defi-

2644 2864 2784 2928 nite
2848 2862 3158 2929 ecclesiae
3223 2882 3545 2928 censensu
3604 2863 3903 2944 protinus
3980 2860 4431 2945 recipiendum
4495 2862 4601 2925 sit.

2641 2950 2873 3032 Neque
2917 2970 3072 3014 vero
3117 2955 3192 3012 ut
3245 2946 3595 3014 concedam
3613 3001 3626 3026 ,
3688 2948 3803 3012 illa
3857 2967 3965 3012 me
4019 2953 4396 3030 perurgent.
4487 2946 4604 3011 An

2646 3035 2726 3101 de
2769 3056 2842 3101 re
2876 3038 3049 3100 inter
3083 3054 3309 3100 omnes
3345 3055 3464 3100 suo
3500 3041 3792 3118 tempore
3827 3034 4091 3117 cognita
4125 3039 4190 3097 et
4225 3033 4384 3098 trita
4415 3053 4603 3098 men-

2644 3122 2757 3186 tiri
2823 3120 3186 3187 auderent?
3289 3118 3486 3202 Quod
3550 3122 3607 3186 si
3672 3120 3804 3185 illis
3866 3141 3998 3184 non
4062 3118 4345 3185 habetur
4404 3117 4603 3185 fides:

2645 3208 2839 3290 quale
2917 3206 3200 3289 amplius
3270 3206 3543 3272 restabit
3616 3205 4025 3289 antiquitatis
4102 3203 4599 3271 testimonium?

2642 3295 2788 3378 Ege
2832 3314 3022 3371 vere,
3068 3313 3281 3376 neque
3320 3290 3644 3358 mendacii
3688 3313 3798 3357 ees
3841 3290 4180 3371 insimulo,
4238 3311 4451 3374 neque
4503 3291 4603 3357 sic

2643 3380 2714 3444 in
2759 3385 2974 3444 tetum
3028 3377 3328 3461 repudi0,
3384 3377 3557 3460 quod
3600 3375 3681 3442 de
3724 3377 4057 3444 communi
4099 3376 4410 3443 ecclesiae
4451 3382 4602 3456 [pag.

2647 3471 2755 3544 78]
2799 3464 3095 3530 doctrina
3136 3470 3495 3541 testantur,
3550 3471 3624 3527 ut
3666 3484 3785 3545 pro
3824 3461 4049 3540 nihile,
4094 3463 4284 3545 quasi
4326 3483 4458 3528 non
4500 3461 4603 3527 di-

2644 3556 2921 3627 ceretur,
2986 3548 3282 3614 habeam.
3385 3550 3671 3613 Tantum
3739 3545 3823 3613 ad
3863 3548 4130 3632 plenam
4194 3555 4262 3613 et
4325 3546 4605 3614 solidam

2643 3635 3107 3702 certitudinem
3150 3636 3450 3700 sufficere
3490 3655 3678 3720 nege.
3743 3634 3974 3717 Neque
4017 3634 4196 3699 enim
4239 3632 4603 3700 absurdum

2644 3721 2855 3787 videri
2897 3719 3117 3799 debet,
3175 3721 3232 3786 01
3286 3719 3458 3803 (10οᾶ
3511 3729 3665 3787 1000
3716 3720 4152 3786 001111110111101
4191 3720 4265 3784 111
4306 3719 4597 3786 ecclesiis

2644 3813 2983 3890 receptum
3026 3815 3187 3886 erat,
3231 3806 3327 3871 ita
3369 3827 3481 3871 eos
3525 3807 3770 3872 referre
3815 3805 4061 3886 dixere,
4101 3813 4179 3870 ut
4220 3803 4469 3889 aliquid
4511 3828 4599 3871 ex

2642 3894 2904 3976 proprio
2950 3913 3153 3958 sensu
3194 3891 3531 3975 affingant.
3621 3889 3783 3959 Sive
3822 3891 3996 3976 qued
4039 3899 4357 3975 concepta
4393 3891 4601 3958 semel

2643 3979 2948 4062 opinione
2983 3979 3445 4061 praeoccupati
3477 4000 3612 4043 non
3646 3977 3839 4042 aliter
3856 3983 4202 4061 poterant:
4250 3978 4392 4043 sive
4425 3976 4600 4061 quod

2640 4065 2907 4148 propria
2961 4064 3296 4129 interdum
3338 4071 3407 4129 et
3448 4064 3795 4147 perspicua
3848 4062 4157 4147 loquendi
4198 4063 4599 4147 proprietate

2643 4148 3184 4217 destituebantur.
3285 4149 3485 4216 Unde
3549 4149 3727 4216 enim
3789 4149 4065 4215 Irenaeo
4078 4200 4096 4228 ,
4163 4148 4597 4228 TertullianO,

2641 4236 2901 4301 Hilario
2940 4236 3275 4318 spinosum
3320 4235 3490 4300 illud
3543 4242 3611 4300 et
3676 4234 4137 4318 confragosum
4180 4234 4441 4301 dicendi
4483 4256 4599 4319 ge-

2642 4321 2809 4388 nus?
2856 4321 2989 4386 nisi
3032 4318 3205 4404 quod
3247 4320 3547 4405 linguam
3586 4320 3962 4403 impositam
4011 4321 4379 4401 habebant,
4434 4342 4597 4405 quo-

2640 4409 2882 4485 minus,
2919 4406 3092 4490 quod
3125 4406 3451 4486 volebant,
3494 4407 3959 4491 exprimerent.
4023 4406 4404 4473 Plurimum
4437 4428 4598 4474 vero

2640 4495 2956 4560 interesse
3020 4514 3212 4559 nemo
3277 4492 3513 4572 nescit,
3580 4492 3818 4577 quibus
3882 4490 4169 4577 quidque
4222 4493 4442 4560 verbis
4495 4492 4598 4559 di·-

2639 4586 2844 4646 catur.

2812 4663 2924 4730 Ad
2975 4664 3139 4730 haec
3186 4662 3579 4747 respondeat
3630 4663 3797 4729 mihi
3847 4663 4132 4748 Pighius
4145 4716 4165 4746 ,
4222 4664 4459 4750 plusne
4512 4664 4599 4730 de

2640 4750 2952 4817 ecclesiae
3007 4771 3329 4838 cepsensu
3383 4750 3642 4832 privato
3707 4750 3960 4816 homini
4023 4748 4423 4817 credendum
4486 4751 4597 4830 sit,

2641 4857 2839 4920 quam
2883 4835 3182 4919 pluribus
3225 4834 3421 4902 simul
3461 4836 3536 4901 in
3576 4835 3907 4920 synodum
3950 4835 4266 4916 collectis,
4320 4836 4434 4920 qui
4488 4857 4599 4903 ec-

2641 4922 2878 4989 elesiae
2919 4923 3205 5003 nomine,
3249 4928 3318 4986 et
3353 4928 3674 5005 tanquam
3716 4944 3800 4987 ex
3839 4923 4046 5005 ipsius
4088 4943 4229 5001 ere,
4276 4922 4450 5005 qued
4486 4922 4596 4988 in-

2641 5015 2744 5073 ter
2785 5029 2856 5073 se
2899 5006 3316 5088 contulerint,
3359 5006 3841 5091 pronuncient?
3916 5007 3981 5073 N
3982 5027 4112 5073 unc
4155 5006 4240 5074 ad
4280 5027 4597 5091 praesen-

2640 5100 2776 5158 tem
2819 5093 3288 5176 quaestionem.
3375 5093 3712 5161 Hilarium
3765 5095 3858 5161 sic
3910 5095 4288 5178 loquentem
4342 5091 4602 5162 inducit

2638 5177 2945 5263 Pighius:
2982 5178 3418 5246 Voluntatem
3450 5187 3747 5246 nostram
3780 5180 3907 5247 hoc
3938 5180 4281 5265 proprium
4321 5201 4406 5246 ex
4448 5201 4597 5248 sese

2637 5264 2901 5344 habere,
2946 5271 3022 5330 ut
3062 5266 3252 5332 velit:
3306 5268 3529 5333 Deum
3570 5285 3732 5332 vero
3786 5265 4131 5352 incipienti
4172 5264 4332 5332 dare
4377 5265 4594 5334 incre-

2638 5358 2939 5418 mentum
2953 5403 2972 5433 ,
3036 5353 3475 5436 meritumque
3538 5351 3999 5437 complementi
4061 5374 4147 5419 ex
4198 5351 4391 5419 initio
4441 5373 4595 5421 0000
