4999 6179
587 410 709 472 231
1890 396 2422 467 RESPONSIO
2466 397 2845 466 CONTRA
2884 398 3318 466 PIGHIUM.
4477 399 4601 463 232

584 601 810 660 ratum
844 600 1002 658 sunt
1042 592 1311 671 intenti,
1358 597 1425 656 et
1467 587 1869 675 colligendas
1912 589 2162 673 copias,
2207 608 2370 670 quas
2412 586 2648 653 deinde
2690 607 2809 671 per
2855 607 3043 652 suam
3088 586 3643 671 opportunitatem
3687 588 3758 652 in
3800 606 3925 652 nos
3969 586 4294 667 emittant,
4343 587 4401 651 si
4445 587 4606 671 quid

582 705 988 788 fatigationis
1043 703 1340 768 sentiunt
1383 722 1466 768 ex
1521 723 1654 767 uno
1697 720 2085 785 congressu,
2139 700 2426 782 quietem
2482 706 2552 763 et
2604 697 2902 764 inducias
2956 705 3114 765 tunc
3169 718 3423 782 quoque
3477 718 3598 781 pro
3655 720 3774 764 suo
3820 697 4091 764 arbitrio
4147 696 4268 764 sibi
4314 707 4604 779 sumunt,

587 815 792 881 donec
835 814 1095 881 refectis
1139 813 1378 880 animis
1420 820 1489 879 et
1529 812 1781 881 viribus
1836 812 2079 877 iterum
2133 810 2217 876 ad
2268 830 2390 876 nos
2433 809 2846 893 impetendos
2889 809 3201 875 instructi
3245 818 3403 875 sunt
3445 830 3520 874 ac
3561 811 3793 892 parati.
3888 811 4044 876 Huc
4089 811 4289 875 etiam
4334 810 4602 891 accedit,

584 926 759 1009 quod
795 926 999 992 tantis
1040 924 1332 991 locorum
1369 924 1600 1008 spatiis
1646 923 1868 1004 divisi,
1922 922 2037 988 illa
2082 921 2300 1005 etiam,
2345 919 2524 987 unde
2574 942 2709 986 non
2750 938 2987 1005 parum
3039 920 3384 987 levationis
3440 920 3836 1004 sperandum
3891 907 4089 1003 foret,
4147 921 4608 989 commoditate

586 1036 1039 1117 destituimur,
1093 1034 1616 1103 communicandi
1673 1034 1920 1101 scilieet
1974 1034 2148 1099 inter
2194 1054 2344 1114 nos,
2410 1033 2806 1116 consiliaque
2859 1053 2979 1116 pro
3048 1052 3271 1098 rerum
3328 1042 3394 1097 et
3462 1039 3836 1116 temporum
3891 1034 4145 1099 ratione
4211 1035 4603 1101 conferendi.

585 1148 802 1227 Haec,
861 1155 939 1213 ut
982 1121 1181 1238 dixi,'
1206 1169 1341 1213 non
1384 1148 1528 1214 sine
1585 1147 1838 1232 gemitu
1883 1147 2208 1229 sortisque
2259 1151 2527 1211 nostrae
2584 1144 3032 1227 deploratione
3077 1150 3310 1228 reputo
3363 1164 3625 1210 mecum
3667 1165 3742 1211 00
3784 1144 4136 1228 perpendo,
4228 1143 4607 1227 Caeterum,

587 1260 938 1343 quominus
981 1260 1110 1325 ista
1153 1259 1548 1345 cogitatione
1596 1260 1884 1342 frangar,
1930 1258 2215 1323 occurrit
2258 1279 2342 1322 ex
2386 1256 2596 1321 altera
2634 1262 2821 1338 parte
2865 1277 2996 1321 non
3039 1256 3387 1320 minimum
3432 1256 3756 1322 solatium.
3844 1256 4152 1322 Primum
4196 1256 4353 1341 quia
4389 1263 4607 1324 statuo

586 1392 709 1437 nos
753 1392 885 1437 11011
929 1372 1070 1437 51110
1115 1379 1291 1437 certo
1333 1370 1465 1436 Dei
1513 1370 1798 1449 consilio,
1844 1376 1912 1434 et
1954 1366 2195 1434 talibus
2237 1366 2521 1433 obsideri
2564 1367 2900 1451 premique
2943 1367 3283 1452 angustiis,
3330 1374 3395 1431 et
3438 1368 3558 1459 iis,⁸
3582 1387 3751 1450 quae
3793 1368 4177 1435 humanitus
4216 1369 4450 1436 iuvare
4484 1389 4609 1437 nos

584 1488 882 1565 possent,
940 1482 1248 1549 subsidiis
1292 1482 1512 1548 defici:
1576 1488 1653 1545 ut
1693 1479 1930 1545 melius
1973 1479 2416 1563 expergefacti
2471 1479 2797 1561 respicere
2839 1480 2911 1543 in
2951 1478 3172 1561 ipsum
3218 1478 3431 1543 solum
3479 1478 3823 1546 discamus.
3911 1479 4174 1546 Deinde
4219 1481 4373 1563 quia
4415 1489 4607 1548 vetus

583 1594 709 1660 hoc
754 1615 894 1659 esse
946 1593 1322 1676 exemplum
1378 1614 1529 1659 cum
1584 1593 1803 1657 animo
1846 1612 1993 1656 meo
2021 1594 2073 1675 ¹)
2129 1590 2449 1657 recordor.
2541 1590 2773 1654 Refert
2813 1590 2991 1654 enim
3037 1609 3221 1656 sacra
3259 1589 3552 1669 historia,
3596 1589 3955 1672 Israelitas,
4016 1613 4220 1676 quum
4266 1613 4351 1658 ex
4395 1592 4604 1676 capti-

583 1704 786 1770 vitate
840 1706 1126 1770 restituti
1195 1706 1530 1771 civitatem
1584 1710 2030 1781 exstruerent,
2089 1703 2233 1785 pari
2286 1700 2669 1766 difficultate
2712 1700 3060 1767 laborasse.
3147 1700 3324 1767 Nam
3367 1722 3571 1785 quum
3613 1702 3759 1785 ipsa
3814 1703 4030 1786 operis
4082 1702 4475 1789 magnitudo
4529 1726 4608 1772 ao

584 1815 822 1895 moles,
878 1837 1084 1899 quum
1127 1817 1443 1899 temporis
1489 1816 1831 1900 angustiae
1874 1814 2023 1897 plus
2064 1814 2224 1880 satis
2269 1833 2377 1878 eos
2421 1818 2764 1896 urgerent,
2811 1811 2893 1878 ab
2938 1813 3234 1879 hostibus
3277 1812 3610 1895 aliquanto
3652 1814 3805 1898 plus
3851 1816 4098 1900 negotii
4142 1815 4609 1900 molestiaeque

585 1928 1013 1993 sustinebant.
1103 1928 1198 1992 Et
1244 1936 1466 1994 tamen
1510 1925 1809 1993 videmus
1863 1925 1931 1990 id
1973 1946 2106 1991 non
2149 1925 2511 2003 obstitisse,
2570 1924 2922 2007 quominus
2967 1932 3344 1991 constanter
3386 1926 3812 2010 infractisque
3855 1926 4093 1993 animis
4135 1933 4494 2013 pergerent
4533 1926 4608 1993 in

581 2058 807 2120 opere,
875 2059 1082 2122 usque
1127 2037 1283 2103 dum
1339 2039 1422 2104 ad
1473 2045 1843 2104 extremum
1900 2037 2227 2103 constanti
2270 2056 2496 2101 eorum
2556 2033 2938 2101 assiduitate
2992 2036 3281 2101 hostium
3335 2036 3718 2123 improbitas
3774 2046 3839 2103 et
3882 2038 4095 2105 rabies
4148 2041 4586 2125 frangeretur.

580 2146 922 2232 Siquidem
974 2150 1096 2215 11οο
1138 2171 1269 2214 11011
1290 2150 1348 2234 ²)
1396 2150 1668 2233 vulgare
1714 2154 1856 2214 erat
1908 2147 2316 2213 fortitudinis
2365 2147 2728 2231 specimen,
2786 2146 3023 2231 gladiis
3069 2148 3392 2215 accinctos
3433 2155 3849 2214 caementum
3893 2156 3961 2215 et
4004 2150 4242 2218 lateres
4288 2173 4585 2236 compor-

578 2268 747 2325 tare:
805 2261 1013 2326 altera
1055 2283 1262 2326 manu
1305 2270 1529 2326 tenere
1572 2259 1905 2344 gladium,
1950 2260 2162 2325 facere
2220 2278 2412 2340 opus,
2471 2258 2871 2341 trullamque
2914 2279 3182 2324 versare
3238 2259 3471 2324 altera:
3528 2268 3724 2342 atque
3777 2260 3873 2325 ita
3913 2262 4386 2330 architecturae
4431 2263 4590 2330 dare

575 2391 884 2454 operam,
929 2380 997 2437 et
1039 2371 1238 2437 simul
1293 2372 1374 2437 ad
1431 2372 1756 2455 praelium
1802 2391 1944 2436 esse
1996 2369 2336 2454 expeditos
2382 2367 2473 2451 (N
2478 2368 2685 2459 ehem.
2736 2374 2807 2448 4,
2874 2370 3000 2455 17).
3088 2370 3254 2436 Eius
3300 2370 3613 2436 historiae
3655 2372 4103 2441 recordatione
4147 2377 4425 2443 excitari
4469 2396 4592 2443 nos

576 2503 831 2566 quoque
877 2483 1090 2561 docet,
1138 2492 1213 2548 ut
1252 2484 1428 2548 inter
1471 2491 1570 2548 tot
1615 2482 2053 2563 difficultates,
2100 2503 2264 2566 quae
2309 2503 2429 2546 nos
2474 2481 2559 2547 ad
2605 2480 3123 2563 desperationem
3172 2481 3550 2563 sollicitant,
3598 2484 3892 2549 animum
3937 2485 4368 2553 nihilominus
4412 2488 4593 2553 coui-

573 2614 827 2676 gamus.
919 2593 1144 2674 Quum
1199 2593 1484 2659 mirabili
1542 2615 1662 2658 sua
1713 2599 1855 2657 tum
1909 2595 2229 2676 potentia,
2289 2604 2432 2658 tum
2476 2594 2770 2659 bonitate
2809 2593 3140 2659 Dominus
3201 2592 3282 2658 ab
3336 2593 3664 2659 horrenda
3722 2595 3837 2660 illa
3879 2597 4275 2665 Antichristi
4333 2602 4591 2666 romani

576 2703 926 2788 tyrannide
971 2725 1092 2769 nos
1138 2702 1537 2785 liberaverit,
1585 2705 1871 2771 civitatis
1900 2726 2056 2770 suae
2083 2712 2346 2771 sanctae
2388 2705 2771 2783 Ierusalem,
2819 2703 3033 2789 idest,
3081 2704 3391 2771 ecclesiae
3433 2706 3902 2773 instaurandae
3945 2711 4351 2791 provinciam
4395 2711 4590 2777 hodie

574 2814 759 2881 nobis
803 2816 1089 2880 mandat.
1179 2815 1485 2880 Arduum
1531 2836 1689 2881 sane
1731 2838 1852 2901 per
1895 2836 1965 2881 se
2009 2837 2172 2899 opus
2216 2837 2291 2881 ac
2332 2815 2761 2881 laboriosum:
2804 2824 2879 2880 ut
2922 2816 3092 2881 nihil
3134 2816 3398 2882 aliunde
3439 2820 3864 2901 superveniat
3896 2819 4365 2904 impedimenti.
4454 2823 4592 2889 Ve-

573 2947 723 2990 rum
761 2925 1049 2992 Satanae
1102 2927 1387 2993 ministri
1432 2933 1499 2991 et
1542 2926 1891 3007 satellites,
1953 2926 2189 3010 quibus
2234 2926 2303 2992 id
2347 2936 2448 2992 est
2489 2927 2929 3011 propositum,
2991 2948 3077 2992 ne
3122 2927 3427 2994 ecclesiae
3472 2929 4025 3011 aedificationem,
4077 2933 4289 3017 quoad
4303 2934 4362 3019 ⁸)
4407 2936 4476 2999 in
4520 2957 4593 3002 50

574 3038 730 3118 erit,
777 3059 1048 3124 surgere
1090 3040 1459 3123 patiantur,
1507 3038 1786 3107 assiduis
1829 3038 2298 3106 certaminibus
2341 3059 2461 3105 nos
2506 3038 2839 3120 vexando,
2895 3039 3048 3125 plus
3092 3037 3305 3106 adhuc
3355 3040 3599 3127 negotii
3645 3042 3993 3109 facessunt.
4083 3044 4345 3130 Itaque,
4388 3067 4593 3132 quum

574 3170 873 3218 securam
935 3152 1015 3216 ab
1074 3150 1220 3217 aliis
1273 3151 1470 3217 rebus
1514 3151 1922 3217 vacationem
1979 3152 2269 3235 requirat
2322 3150 2691 3218 ordinarius
2747 3151 3151 3235 reparandae
3208 3152 3517 3219 ecclesiae
3561 3151 3776 3233 labor,
3836 3156 3939 3220 cui
3982 3177 4136 3244 1105,
4195 3156 4454 3242 quando
4497 3160 4595 3226 ita

569 3261 860 3328 Domino
903 3262 1123 3328 visum
1179 3268 1308 3342 est,
1364 3262 1676 3328 destinati
1722 3283 1977 3343 sumus,
2036 3262 2235 3328 simul
2281 3269 2480 3346 atque
2541 3262 2823 3346 lapidem
2868 3285 3075 3329 unum
3119 3264 3449 3349 coepimus
3491 3264 3749 3346 tollere,
3806 3266 3920 3330 isti
3964 3267 4234 3335 classico
4280 3268 4363 3335 ad
4405 3292 4597 3355 prae-

568 3370 730 3437 lium
773 3394 892 3439 nos
932 3375 1154 3439 citant.
1225 3373 1451 3454 Quum
1485 3395 1604 3440 nos
1651 3375 1892 3459 exigua
1919 3374 2124 3441 simus
2168 3375 2517 3440 hominum
2561 3395 2815 3455 manus,
2870 3375 2967 3441 illi
3007 3377 3344 3461 ingentem
3383 3376 3630 3441 faciant
3670 3378 4064 3443 exercitum:
4111 3380 4225 3463 qui
4266 3384 4597 3467 possimus

572 3490 640 3549 ot
681 3485 988 3552 resistere
1047 3484 1246 3551 simul
1290 3484 1456 3566 illis,
1513 3493 1581 3551 et
1627 3507 1862 3552 manus
1906 3485 2148 3552 habere
2204 3506 2464 3570 semper
2505 3488 2576 3550 in
2630 3507 2824 3570 opere
2869 3487 3256 3571 occupatas?
3317 3487 3445 3552 nisi
3486 3487 3672 3553 nobis
3727 3489 3800 3553 in
3850 3498 4139 3556 mentem
4184 3494 4438 3573 veniat,
4497 3497 4593 3562 sic

572 3617 753 3662 1111110
793 3611 988 3681 agere
1032 3594 1252 3661 Deum
1268 3648 1285 3676 ‚
1344 3603 1423 3660 ut
1464 3595 1720 3680 pridem
1765 3596 1999 3663 solitus
2044 3604 2161 3676 est,
2209 3619 2337 3681 quo
2394 3598 2818 3664 illustriorem
2874 3619 3110 3665 manus
3149 3618 3304 3665 suae
3347 3601 3711 3682 potentiam
3757 3599 4017 3667 reddat:
4065 3604 4253 3670 nobis
4290 3605 4593 3673 sufficere

572 3707 699 3773 hoc
742 3706 1009 3787 debere,
1066 3707 1238 3791 quod
1282 3709 1479 3773 etiam
1523 3709 1579 3774 si
1634 3729 1868 3791 parum
1912 3710 2227 3792 proficere
2270 3730 2450 3775 nunc
2492 3709 2837 3776 videamur
2875 3710 3095 3777 labore
3135 3717 3378 3792 nostro,
3432 3710 3511 3777 de
3558 3732 3861 3780 successu
3904 3721 4149 3796 tamen,
4197 3716 4469 3798 perinde
4512 3737 4591 3782 00

572 3819 629 3884 51
675 3820 808 3884 10111
853 3826 1161 3898 exstaret,
1209 3820 1415 3885 simus
1460 3820 1641 3898 certi,
1688 3819 1948 3904 quando
1992 3821 2116 3887 sub
2161 3821 2303 3886 eius
2346 3820 2592 3887 vexillo
2637 3822 3066 3905 auspiciisque
3106 3822 3485 3890 militamus.
3577 3822 3774 3906 Quod
3818 3826 3873 3889 si
3915 3825 4260 3891 hominum
4303 3849 4597 3913 quorun-

574 3930 727 3995 dam
771 3930 1352 4014 reprehensionem
1397 3953 1532 3997 non
1588 3931 1861 4016 effugiat
1904 3940 2129 3998 nostra
2173 3931 2485 3998 sedulitas
2542 3931 2650 4019 (ut
2691 3933 2988 4017 plerique
3032 3934 3229 4000 hodie
3272 3940 3430 4001 sunt
3472 3936 3671 4001 nimis
3716 3936 3979 4003 delicati
4022 3944 4089 4005 et
4129 3940 4399 4024 morosi)
4440 3943 4598 4024 quia

568 4040 1057 4108 festinationem
1093 4041 1333 4110 alicubi
1378 4042 1666 4126 resipiat,
1712 4043 1876 4110 haec
1921 4064 2040 4110 nos
2086 4043 2483 4110 conscientia
2527 4046 2850 4111 sustineat
2889 4066 2965 4111 ae
3007 4048 3367 4128 confirmet,
3413 4045 3586 4132 quod
3608 4049 3752 4114 Deo
3795 4048 3994 4115 iudici
4039 4056 4282 4130 nostro,
4329 4051 4600 4119 Christo

578 4153 841 4222 domino
886 4176 961 4222 ac
1027 4154 1206 4234 duci,
1264 4155 1635 4238 sanctisque
1693 4155 1945 4240 angelis
1991 4176 2138 4221 eam
2181 4156 2423 4223 scimus
2468 4155 2831 4241 approbari.
2923 4155 3120 4239 Quod
3177 4158 3262 4224 ad
3316 4179 3425 4226 me
3479 4161 3791 4244 privatim
3848 4159 4088 4227 attinet
4112 4212 4128 4241 ‚
4183 4181 4387 4244 quum
4438 4163 4601 4230 satis

577 4267 682 4330 cui
743 4267 1027 4333 serviam
1083 4268 1414 4333 noverim:
1474 4268 1546 4332 in
1617 4267 1743 4334 hac
1784 4266 2028 4334 fiducia
2081 4274 2258 4334 totus
2303 4269 2670 4352 acquiesco,
2727 4268 2904 4354 quod
2946 4269 3043 4335 illi
3074 4258 3361 4354 'placere
3417 4271 3798 4356 obsequium
3853 4291 4076 4337 meum
4139 4273 4600 4358 qualecunque

574 4376 745 4442 nihil
780 4376 1022 4443 dubito.
1111 4377 1499 4458 Caeterum,
1555 4381 1610 4445 si
1656 4379 2001 4444 hominum
2039 4378 2349 4446 iudicium
2394 4382 2763 4464 quaeritur,
2810 4393 3000 4447 tuum
3044 4383 3240 4449 unius
3282 4383 3448 4448 mihi
3490 4384 3701 4448 instar
3743 4385 4034 4450 omnium
4078 4384 4377 4450 futurum
4423 4408 4600 4453 sem·

578 4509 697 4573 per
740 4495 858 4569 est,
904 4489 1075 4554 sicut
1116 4490 1351 4554 merito
1396 4511 1539 4557 esse
1585 4490 1793 4557 debet.
1814 4489 1875 4574 ⁴)

890 4746 949 4811 1)
987 4761 1124 4814 mee,
1159 4745 1357 4814 leyt'tur
1391 4745 1454 4799 in
1488 4746 1607 4800 sola
1642 4743 1723 4798 ed.
1750 4745 2020 4814 principe.

888 4830 951 4985 ἐξ
986 4847 1125 4986 ἒεὲἓ
1147 4832 1597 4987 iri-{egm'necgqcum
1630 4829 1715 4886 ed.
1757 4829 2022 4902 Gallam,
2055 4847 2219 4903 quam
2255 4839 2560 4904 sequuntur
2592 4834 2849 4905 reliquae.
2922 4835 3193 4904 Princeps
3226 4835 3427 4892 omittit
3458 4851 3526 4892 ex
3559 4837 3693 4894 vitio
3728 4853 4033 4908 operarum.

890 5001 952 5066 4)
992 5002 1188 5058 Editio
1217 5003 1477 5071 princeps
1509 5000 1958 5070 subscriptionem
1992 5019 2105 5059 non
2140 5004 2316 5060 addit.
2390 5004 2675 5060 Gauasius
2705 5004 2890 5061 habet.-
2924 5006 3115 5062 Mense
3151 5006 3450 5063 Februario
3486 5008 3794 5065 MDXLIV.
3832 5011 3983 5080 quod
4014 5027 4293 5067 erroneum
4341 5028 4457 5068 esee
4494 5031 4600 5083 pa-

584 5095 659 5145 tet
691 5104 857 5159 quum
892 5089 1086 5143 titanus
1131 5088 1263 5143 libri
1304 5103 1510 5144 annum
1548 5084 1685 5140 1543
1729 5088 1965 5143 natalem
2004 5089 2352 5158 profiteatur.
2434 5091 2623 5146 Verrio
2652 5091 2857 5160 yallica
2906 5091 3017 5157 (ed.
3054 5090 3249 5161 1566).·
3315 5092 3386 5149 Ce
3421 5096 3559 5150 mois
3596 5094 3665 5150 de
3700 5094 3924 5151 Fevrier
3967 5096 4131 5168 1543,
4179 5105 4229 5155 et
4271 5100 4353 5155 eie
4386 5116 4604 5172 qaoque

579 5175 919 5232 recentiores.
