4999 6179
649 384 772 449 643
1494 380 1624 448 DE
1669 375 2121 446 VITANDJS
2169 374 3094 446 SUPERSTITIONIBUS.
3186 374 3795 445 APPENDIOES.
4546 382 4666 444 644

648 577 762 642 aut
810 569 1133 637 Christum
1187 574 1243 634 et
1282 566 1502 634 Belial
1544 567 1921 651 coniungere.
2012 564 2194 630 Iubet
2234 583 2501 645 sperare
2535 583 2609 629 ac
2659 571 2665 628 1
2714 566 2818 632 lus
2854 567 3065 633 doctor
3101 567 3395 650 qerttium,
3417 566 3801 648 praesertim
3822 568 3886 629 2.
3918 563 4130 630 Thess.
4150 568 4212 629 2.
4236 570 4292 630 et
4315 570 4373 630 1.
4407 565 4666 632 Timoth.

633 664 844 742 petere
887 675 1061 739 opem
1105 655 1420 732 divinam,
1475 674 1552 717 ne
1606 653 1971 734 deficiamus
2015 653 2087 715 in
2130 650 2489 727 tentatione,
2547 650 2609 714 si
2659 635 2664 712 !
2717 657 2776 718 4.
2802 658 2858 716 et
2875 657 2940 716 2.
2966 651 3229 718 Timoth.
3256 656 3315 717 3.
3346 657 3406 716 4.
3453 651 3633 717 Idem
3661 653 3947 736 qraviter
3979 651 4238 716 deterret
4262 649 4672 718 Corinthiosa

648 744 897 829 quidem
928 759 1075 808 caro
1105 740 1431 807 imbecillis
1465 744 1570 818 est,
1613 740 1800 804 etiam
1833 757 2028 820 quum
2057 736 2329 820 spiri-tus
2349 754 2608 815 promp-
2658 735 2664 832 Ι
2713 738 3131 803 communione
3172 736 3661 819 idolothytorum,
3712 739 3901 803 etiam
3928 737 4189 802 scientes
4236 736 4476 803 idolum
4510 737 4671 804 nihil

649 837 749 895 tus
793 834 897 895 est.
988 826 1287 908 Requirit
1335 826 1684 907 simplicem
1727 829 1788 888 et
1836 828 2120 905 apertam
2162 820 2609 901 confessionem
2712 844 2842 889 esse
2886 822 2948 907 (1
2993 822 3143 889 Gor.
3185 826 3243 901 8,
3286 821 3414 906 10).
3504 822 3710 889 Iudas
3754 842 3991 904 quoque
4043 822 4359 905 apostolus
4418 822 4528 888 hoc
4570 845 4670 889 ar-

645 918 752 981 sui
795 913 1082 982 nominis.
1102 916 1161 977 et
1199 913 1499 991 veritatis,
1545 931 1621 975 ac
1650 929 1927 990 prorsus
1967 909 2227 975 damnat
2268 926 2388 972 non
2429 907 2608 972 modo
2706 915 3069 994 yumentum
3121 914 3344 996 versat.
3422 907 3723 975 Danielis
3774 917 3983 974 autem
4023 907 4395 990 prophetias
4445 928 4670 974 accom-

650 1001 1140 1084 abneyationem,
1193 999 1305 1064 sed
1356 997 1543 1061 etiam
1598 994 2166 1060 dissimulationem
2220 991 2608 1056 christianae
2710 995 2996 1068 modatas
3040 1014 3170 1061 esse
3212 994 3577 1059 novissimis
3618 995 4019 1077 temporibus,
4064 999 4136 1058 ut
4175 993 4462 1059 ecclesiae
4500 994 4673 1074 filios

645 1086 990 1170 reliqionis.
1065 1082 1365 1166 ‘Imperat
1401 1082 1717 1147 mordicus
1759 1081 2020 1145 retinere
2055 1078 2191 1158 illa,
2237 1097 2398 1159 quae
2431 1076 2607 1142 nobis
2710 1081 3051 1160 instruant,
3097 1081 3454 1162 confitentur
3484 1082 3596 1161 pii
3628 1100 3854 1160 omnes,
3898 1086 3968 1146 ut
4010 1100 4143 1162 cap.
4192 1084 4250 1144 7.
4301 1083 4361 1145 8.
4402 1085 4507 1145 11.
4562 1079 4664 1145 12.

646 1195 690 1240 a
754 1172 892 1239 Deo
969 1170 1208 1237 tradita
1284 1170 1356 1234 in
1420 1167 1759 1249 scripturis
1816 1167 2055 1232 sanctis
2127 1168 2287 1228 certo
2349 1162 2604 1230 sci'onus.
2714 1164 3068 1231 Zacharias
3110 1185 3347 1246 quoque
3389 1167 3707 1232 vaticiniis
3745 1167 3888 1232 suis
3929 1164 4137 1232 erudit
4178 1184 4292 1231 nos
4335 1166 4669 1231 adversum

644 1257 867 1325 Dictat
908 1256 1319 1337 patientiam,
1384 1275 1511 1336 qua
1566 1252 1843 1317 homines
1886 1250 2300 1332 possidebunt
2352 1249 2607 1313 animas
2710 1253 3025 1317 doctrinas
3031 1251 3392 1333 pestiferas,
3426 1257 3500 1316 ut
3527 1271 3663 1332 cap.
3692 1257 3751 1318 5.
3788 1257 3843 1315 et
3869 1257 3971 1317 11.
4009 1258 4065 1318 et
4103 1254 4207 1316 12.
4245 1255 4304 1316 et
4340 1255 4444 1316 13.
4482 1258 4539 1316 et
4563 1257 4664 1317 14.

645 1363 828 1410 suas.-
870 1344 1063 1407 dictat
1096 1340 1630 1423 perseverantiam
1675 1338 1743 1401 in
1782 1337 1974 1417 finem
2013 1356 2235 1417 usque,
2277 1355 2440 1416 quae
2478 1333 2607 1398 sal-
2656 1303 2662 1390 ἶ
2888 1336 3051 1401 Sunt
3112 1343 3317 1402 autem
3386 1340 3667 1418 exempla
3730 1357 3961 1421 maqna
4021 1344 4080 1403 et
4134 1337 4445 1417 illustria,
4511 1359 4668 1419 quae

647 1449 760 1493 vos
813 1428 1048 1510 efficiet.
1139 1424 1457 1490 Hortatur
1509 1424 1738 1489 luctari
1781 1443 1901 1505 per
1957 1427 2288 1504 anqustam
2328 1424 2606 1500 portam,
2656 1397 2661 1498 Ι
2710 1423 3057 1488 doctrinam
3099 1422 3258 1488 hanc
3298 1423 3604 1489 muniant.
3678 1423 3761 1488 In
3803 1425 3991 1489 veteri
4033 1422 4197 1488 enim
4240 1423 4496 1488 ecclesia
4517 1443 4667 1504 pro-

647 1521 702 1580 et
749 1513 994 1597 inqredi
1024 1531 1148 1592 per
1192 1527 1431 1576 arctam
1474 1512 1647 1575 viam
1691 1529 1849 1590 quae
1893 1507 2060 1572 ducit
2109 1507 2192 1572 ad
2235 1507 2459 1585 vitam,
2510 1505 2608 1569 de·
2655 1505 2661 1596 ἶ
2700 1508 2927 1590 phetae
2984 1528 3175 1590 usque
3229 1509 3380 1573 adeo
3424 1529 3548 1574 non
3600 1529 3922 1576 assensere
3977 1508 4275 1575 doctrinis
4327 1507 4549 1591 falsis,
4609 1516 4666 1575 et

629 1602 879 1682 ‚clinare
923 1603 1127 1664 autem
1171 1598 1513 1677 spatiosam
1559 1596 1758 1673 viam,
1803 1599 1859 1657 et
1900 1594 2098 1657 latam
2129 1595 2399 1674 portam,
2435 1610 2607 1688 *quae
2657 1607 2662 1700 i
2713 1595 2944 1659 ritibus
2986 1595 3117 1658 iam
3172 1596 3428 1676 receptis
3471 1599 3527 1658 et
3569 1595 3749 1678 vulqo
3792 1596 4153 1678 approbatis
4168 1644 4183 1673 ‚
4237 1599 4309 1658 ut

644 1686 870 1752 multos
898 1683 1229 1765 ‘accipiunt
1270 1687 1325 1747 et
1381 1681 1812 1746 transmittunt
1854 1680 1940 1744 ad
1984 1684 2301 1742 aeternum
2344 1683 2606 1740 exitium
2658 1739 2663 1766 ι
2710 1680 2841 1744 rint
2884 1681 3074 1744 etiam
3106 1699 3302 1761 usque
3335 1682 3422 1745 ad
3452 1681 3616 1746 vitae
3662 1687 3808 1760 [pag.
3855 1687 4006 1761 343]
4040 1680 4413 1762 periculum.
4486 1679 4665 1746 Idem

645 1769 914 1856 (Matth.
958 1775 1014 1846 7,
1067 1771 1141 1830 13
1179 1771 1280 1848 3.).
1368 1766 1657 1847 Denique
1697 1764 1878 1831 Deus
1919 1764 2186 1844 imperat
2236 1762 2378 1828 suis
2420 1761 2609 1826 culto-
2657 1779 2663 1850 3
2707 1764 2987 1845 fecerunt
3048 1767 3360 1830 saeviente
3416 1765 3720 1832 Antiocho
3776 1765 4090 1846 Eleazar,
4151 1765 4555 1845 Mattathias,
4610 1773 4669 1832 et

644 1859 824 1923 ribus
842 1906 856 1934 ,
919 1861 986 1920 ut
1029 1858 1254 1919 certent
1304 1858 1516 1919 conbra
1565 1853 1874 1915 Satanam
1917 1855 1973 1912 et
2015 1867 2224 1912 omnes
2266 1847 2466 1915 hostes
2509 1848 2607 1927 ip·
2656 1871 2663 1942 3
2710 1851 2895 1918 multi
2939 1851 3073 1916 alii.
3138 1852 3425 1932 Apostoli
3469 1873 3707 1934 quoque
3749 1858 3806 1917 et
3846 1859 4151 1935 martyres
4194 1857 4250 1917 et
4291 1852 4666 1933 confessores

641 1946 814 2009 sius:
851 1939 1230 2006 certantibus
1264 1943 1469 2003 autem
1500 1935 1829 2020 pollicetur
1860 1940 1994 1999 tum
2026 1935 2306 2018 qratiam
2341 1938 2398 1997 et
2429 1952 2607 2015 opem
2708 1936 2874 2002 vitae
2918 1957 3073 2002 suae
3135 1936 3465 2018 dispendio
3510 1940 3715 2004 testati
3766 1945 3912 2003 sunt
3928 1989 3942 2018 ,
4001 1941 4204 2022 maqis
4258 1938 4661 2003 obediendum

645 2035 794 2110 [pag.
835 2031 985 2104 341]
1044 2043 1258 2105 suam,
1314 2029 1446 2089 tum
1498 2023 1854 2100 victoriam,
1910 2026 2044 2084 tum
2073 2020 2374 2102 praemia
2430 2018 2607 2101 lonqe
2708 2042 2839 2087 esse
2881 2022 3018 2088 Deo
3060 2041 3253 2109 quam
3294 2023 3666 2089 hominibus

636 2109 1051 2193 amplissima.
1149 2110 1426 2174 Timidis
1453 2121 1458 2128 ·
1481 2129 1651 2177 vero.
1712 2108 1824 2189 qui
1884 2105 2122 2171 Christi
2161 2110 2387 2186 partes
2436 2105 2604 2169 dese-
2877 2108 3193 2190 Exempla
3232 2108 3518 2191 plurima
3562 2111 3979 2193 confessorum
4021 2115 4077 2176 et
4119 2115 4470 2192 martyrum
4512 2130 4663 2193 sup—

629 2203 795 2277 runt,
838 2198 1122 2261 minatur
1161 2197 1368 2260 iustus
1402 2214 1475 2259 ac
1519 2214 1713 2258 verace
1748 2192 1929 2258 Deus
1964 2197 2216 2258 aeterna
2258 2190 2596 2274 supplicia,
2648 2203 2655 2260 ῑ
2690 2196 2938 2275 peditat
2959 2195 3135 2258 nobis
3177 2195 3587 2260 ecclesiastica
3619 2195 3902 2275 historia,
3926 2196 4190 2262 Eusebii
4232 2196 4550 2276 inprimis,
4594 2203 4663 2262 ut

629 2307 754 2351 non
798 2302 974 2347 secus
1017 2301 1209 2364 quam
1252 2281 1541 2360 canibuS,
1587 2286 1644 2345 et
1675 2279 1925 2361 porcis,
1972 2284 2027 2342 et
2068 2277 2493 2375 mendacibus,
2518 2280 2597 2339 -et
2645 2263 2653 2384 J
2706 2279 3061 2363 Polycarpi'
3093 2280 3198 2345 lib.
3260 2286 3319 2344 4.
3375 2301 3510 2362 cap.
3561 2287 3665 2347 15.
3756 2282 4121 2347 Blandinae
4175 2283 4321 2347 item
4373 2282 4660 2347 mulieris

627 2369 1013 2447 idololatris,
1080 2373 1135 2432 et
1199 2365 1556 2446 homicidiS,
1634 2365 1744 2446 qui
1808 2368 2016 2447 aperte
2074 2365 2380 2446 slaqitiosi
2431 2365 2594 2426 -sunt
2698 2368 3155 2442 sanctissimae,
3200 2373 3254 2431 et
3286 2368 3623 2432 multorum
3657 2368 3946 2447 aliorum,
3988 2368 4089 2432 lib.
4128 2373 4188 2432 5.
4219 2387 4358 2449 cap.
4398 2373 4454 2431 1.
4490 2373 4553 2430 2.
4593 2373 4656 2449 3,

627 2457 857 2541 (Apoe.
889 2459 1000 2532 -21,
1041 2458 1075 2524 ἵ
1116 2451 1216 2534 3.).
2695 2453 2842 2517 item
2899 2453 3002 2534 lib.
3065 2458 3120 2515 6.
3179 2472 3316 2533 cap.
3378 2457 3499 2534 31,-
3554 2454 3655 2519 lib.
3721 2459 3779 2518 8.
3837 2471 3969 2537 cap.
4032 2459 4092 2518 3.
4183 2452 4658 2535 Exclamabant,

803 2540 952 2605 Etsi
1002 2558 1144 2603 vero
1202 2539 1411 2619 quivis
1458 2535 1651 2620 facile
1707 2537 1981 2619 aqnoscit
2035 2534 2183 2601 haec
2224 2533 2588 2615 deprompta
2693 2539 2805 2618 ait,
2849 2544 3157 2622 martyres
3195 2539 3285 2604 ad
3323 2540 3554 2620 templa
3606 2540 3918 2606 idolorum
3962 2539 4244 2619 adducti,
4297 2558 4371 2603 ac
4411 2539 4545 2604 iam
4588 2541 4661 2606 in

628 2647 761 2694 esse
804 2647 928 2691 non
972 2646 1049 2689 ex
1091 2623 1365 2689 humano
1409 2627 1766 2703 commento,
1820 2623 1930 2687 sed
1984 2642 2060 2686 ex
2108 2621 2382 2686 oraculis
2421 2620 2589 2684 divi-
2639 2641 2643 2706 ς
2691 2626 3039 2704 tormentis,
3095 2626 3331 2708 inqenti
3372 2646 3535 2704 voce,
3599 2631 3656 2690 et
3710 2625 4090 2691 testabantur
4131 2644 4198 2689 se
4249 2643 4374 2690 non
4415 2626 4658 2705 sacrifi-

627 2734 747 2778 nae
790 2711 1166 2793 scripturae,
1212 2710 1322 2792 qui
1367 2708 1461 2773 vel
1516 2708 1904 2773 mediocriter
1957 2709 2029 2772 in
2072 2709 2164 2773 eis
2207 2705 2426 2804 literis·
2456 2725 2590 2770 ver-
2639 2747 2644 2814 Ι
2693 2731 2896 2791 casse,
2953 2710 3062 2776 sed
3116 2730 3247 2776 esse
3293 2709 3712 2777 Christianos.-
3754 2713 3874 2777 tali
3929 2732 3997 2778 se
4046 2710 4383 2794 =(laudentes
4425 2713 4656 2793 confes-

621 2804 800 2865 satus
833 2801 982 2876 est,
1052 2817 1176 2861 non
1229 2794 1469 2880 piqebit
1510 2800 1716 2859 tamen
1764 2794 1924 2860 locos
1981 2793 2227 2875 aliquos
2289 2791 2589 2856 indicare·
2693 2797 2869 2862 sione
2911 2795 3207 2861 decorari.
3302 2796 3611 2862 Nonnulli
3665 2798 3852 2863 etiam
3909 2798 4143 2862 maiori
4179 2794 4418 2877 fiducia
4455 2815 4653 2878 neque

619 2884 941 2951 Dominus
988 2882 1277 2948 Christus
1313 2880 1536 2945 Mami.
1580 2885 1694 2946 24.
1730 2878 1935 2946 Marc.
1986 2884 2092 2944 13.
2138 2879 2291 2943 Luc.
2335 2881 2447 2941 21.
2485 2896 2591 2941 no-
2694 2883 3073 2961 immolasse,
3129 2902 3323 2963 neque
3378 2902 3658 2964 unquam
3699 2884 4136 2949 immolaturos
4178 2901 4307 2948 esse
4351 2882 4656 2948 testaban-

531 3028 541 3038 .
621 2971 875 3036 vissimi
938 2969 1174 3033 saeculi
1220 2967 1452 3049 faciem
1503 2965 1799 3050 yraphice
1848 2967 2155 3050 depinyit,
2213 2970 2271 3027 et
2295 2963 2589 3046 pericula
2692 2974 2823 3034 tur:
2865 2968 3092 3051 quibus
3126 2971 3334 3033 tamen
3367 2969 3444 3034 ab
3491 2969 3926 3035 assistentibus
3969 2968 4277 3034 militibus
4313 2988 4429 3033 ora
4464 2970 4654 3034 conti-

627 3058 842 3124 omnia
900 3056 1083 3138 ponit
1139 3052 1209 3120 ob
1264 3053 1503 3133 oculos,-
1560 3059 1745 3134 utque
1795 3053 1990 3119 vitari
2029 3052 2279 3135 possint
2339 3068 2589 3115 summa
2691 3075 2816 3121 nuo
2850 3061 3033 3137 atque
3067 3052 3229 3121 oculi
3261 3054 3784 3121 contundebantur
3826 3061 3896 3120 ut
3940 3058 4218 3136 tacerent,
4262 3059 4320 3121 et
4362 3054 4654 3120 violenter

615 3143 741 3225 fide
819 3147 1004 3223 atque
1081 3140 1408 3223 diliyentia
1473 3140 1770 3221 perdocet.
1860 3137 2085 3205 Matth-
2159 3143 2264 3203 10·
2331 3155 2465 3216 cap·
2535 3140 2588 3200 et
2692 3141 3154 3224 expellebantur
3206 3147 3509 3224 tanquam
3566 3143 4041 3223 acquievissent,
4113 3146 4216 3207 etc.
4305 3138 4391 3205 In
4445 3141 4652 3207 eodem

619 3228 846 3294 Ioann.
876 3232 979 3291 15.
1007 3233 1113 3295 16.
1135 3245 1266 3308 cap.
1285 3230 1652 3307 praemonet
1667 3224 1972 3306 apostolos
2007 3231 2193 3308 atque
2223 3223 2376 3288 adeo
2412 3242 2588 3287 ewic-
2691 3235 2746 3293 et
2805 3228 3088 3310 sequenti
3143 3228 3244 3294 lib.
3298 3235 3356 3293 9.
3413 3229 3751 3294 innumera
3799 3228 3933 3294 alia
3989 3229 4331 3294 liberarum
4419 3226 4652 3309 confes-

618 3321 712 3380 tos
745 3332 894 3380 suos
938 3312 1279 3395 discipulos
1316 3311 1628 3390 Christus,
1661 3316 1731 3376 ut
1767 3330 1898 3377 sese
1928 3314 2314 3394 praeparent
2341 3308 2431 3372 ad
2459 3327 2586 3374 cer-
2688 3315 2937 3380 sionum
2985 3315 3272 3395 exempla
3322 3313 3706 3380 exhibentur.
3800 3314 3945 3381 Huc
3989 3315 4261 3396 pertinet
4323 3318 4381 3377 et
4449 3333 4650 3378 exem·

593 3403 894 3478 -taniina,
953 3404 1008 3463 et
1050 3400 1121 3463 in
1176 3417 1352 3480 spem
1394 3397 1617 3463 bonam
1660 3398 1878 3481 erigit,
1924 3400 2111 3465 etiam
2155 3393 2434 3461 hostibus
2477 3414 2584 3459 ex·
2677 3400 2866 3483 plum
2928 3399 3201 3464 militum
3259 3399 3511 3465 Iuliani
3588 3400 3772 3466 libere
3840 3400 4257 3482 confitentium
4307 3397 4644 3464 Christum.

616 3492 814 3553 trema
837 3483 1231 3564 tentantibus,
1265 3489 1320 3547 et
1352 3484 1621 3564 requirit
1646 3484 2089 3567 confessionem
2108 3482 2369 3547 minime
2387 3480 2585 3545 simu-
2693 3485 2867 3551 Nam
2933 3485 3054 3550 alii
3117 3486 3371 3566 quidem
3431 3486 3735 3551 vexillum
3797 3486 4302 3567 imperator-ium,
4380 3485 4449 3548 in
4527 3505 4650 3567 quo

620 3574 833 3638 latam.
925 3568 1150 3635 Matth.
1209 3574 1315 3633 15.
1358 3575 1414 3636 et
1459 3570 1610 3636 Luc.
1676 3575 1732 3636 6.
1787 3570 2031 3638 scribas
2084 3574 2142 3635 et
2197 3567 2584 3632 Pharisaeos
2676 3572 2887 3654 pictae
2963 3576 3144 3637 erant
3220 3571 3422 3652 Iovis,
3503 3569 3814 3638 Mercurii
3888 3578 3944 3638 et
4000 3570 4240 3637 Martis
4317 3569 4645 3653 imaqines,

615 3654 949 3724 israelitici
990 3655 1221 3737 populi
1273 3658 1638 3740 maqistros,
1696 3658 1853 3737 quia
1905 3658 2069 3722 male
2121 3650 2582 3734 interpretando
2687 3658 2954 3725 adorare
3007 3661 3076 3721 ut
3128 3659 3324 3735 moris
3381 3662 3517 3722 erat
3557 3664 3907 3736 renuerunt,
3968 3658 4089 3723 alii
4132 3676 4273 3722 vero
4324 3656 4641 3735 donativa,

617 3747 976 3828 scripturas
1019 3744 1089 3806 in
1133 3742 1413 3808 alienum
1456 3762 1710 3808 sensum
1742 3743 2117 3824 torquebant,
2161 3742 2336 3804 vocat
2376 3757 2584 3805 caecos
2685 3763 2846 3825 quae
2887 3764 3011 3826 per
3073 3742 3502 3826 iynorantiam
3569 3748 3716 3822 [pag.
3770 3750 3919 3823 344]
3976 3763 4098 3808 non
4147 3742 4284 3807 sine
4340 3743 4646 3822 supersti-

617 3833 837 3910 duces,
897 3835 951 3895 et
1003 3827 1168 3893 iubet
1222 3850 1323 3895 eos
1379 3849 1619 3895 cavere.-
1677 3826 1750 3893 si'
1792 3829 2045 3911 quidem
2086 3845 2304 3894 caecus
2346 3825 2483 3890 dux
2527 3831 2582 3890 et
2684 3830 2877 3894 tionis
2963 3828 3314 3910 suspicione
3392 3850 3424 3895 8
3490 3849 3687 3894 manu
3770 3829 4186 3911 Imperatoris
4262 3832 4639 3909 acceperant,

615 3936 758 3983 eum
816 3921 1132 3997 sequentes
1177 3915 1398 3981 abeunt
1447 3916 1516 3979 in
1567 3916 1814 3997 foveam
1858 3914 2258 3998 perditionis.
2349 3909 2434 3974 In
2486 3932 2582 3976 re·
2684 3914 3066 3996 Imperatori
3108 3914 3525 3995 restituebant,
3571 3915 3915 3981 clamantes
3956 3935 4022 3980 se
4047 3934 4179 3979 esse
4225 3910 4637 3991 ChristianoS,

610 4003 910 4069 velatione
980 4006 1188 4066 autem
1253 4022 1375 4067 sua
1392 4052 1406 4080 ,
1480 4020 1672 4082 quam
1729 4001 2049 4069 Dominus
2111 3998 2408 4065 Christus
2460 4018 2583 4080 per
2684 4006 2737 4065 et
2788 4001 2859 4065 in
2911 4022 2986 4067 ea
3033 4001 3424 4083 professione
3452 4020 3852 4082 permanere.-
3893 4021 4017 4082 per
4058 3999 4483 4084 ignorantiam
4525 4018 4641 4063 au-

605 4089 900 4173 anqelum
955 4086 1190 4152 Ioanni
1251 4092 1402 4167 [pag.
1466 4089 1616 4165 342]
1675 4086 1947 4168 apostolo
1986 4087 2283 4171 dictavit,
2342 4088 2580 4167 copiose
2681 4091 2828 4166 tem,
2888 4088 3053 4170 quod
3112 4088 3416 4168 fecerant,
3479 4086 3725 4169 fecisse,
3788 4087 4059 4169 adeoque
4115 4104 4375 4150 manum
4439 4084 4640 4149 solam

612 4174 905 4241 describit
956 4176 1094 4255 fata
1142 4174 1431 4238 ecclesiae
1447 4224 1462 4252 ,
1520 4179 1573 4236 et
1618 4193 1661 4237 a
1704 4174 1902 4256 capite
1945 4173 2198 4255 quidem
2246 4178 2351 4237 11.
2386 4191 2583 4254 usque
2671 4193 2996 4257 paqanam
3047 4192 3206 4251 esse,
3273 4174 3705 4241 conscientiam
3758 4194 3900 4238 vero
3961 4172 4127 4238 nihil
4177 4170 4370 4236 simul
4420 4171 4637 4254 eqisse.

609 4264 680 4328 in
729 4262 918 4342 tinem
961 4258 1113 4324 libri
1156 4260 1498 4325 certamina
1528 4256 2035 4324 Christianorum
2079 4264 2134 4323 et
2174 4257 2448 4323 hostium
2487 4258 2576 4322 ita
2684 4258 2889 4325 Locus
2929 4263 3128 4326 exstat
3170 4261 3239 4324 in
3293 4259 3466 4341 Trip.
3514 4258 3684 4324 Hist.
3728 4259 3832 4325 lib.
3887 4264 3944 4324 6.
3990 4278 4123 4342 cap.
4171 4262 4278 4321 30.

609 4347 682 4413 ob
760 4345 970 4412 oculos
1012 4345 1229 4426 ponit,
1297 4350 1368 4408 ut
1424 4345 1618 4409 simul
1671 4343 1938 4410 athletas
1984 4365 2132 4411 suos
2185 4345 2424 4429 eqreqie
2479 4346 2577 4409 in-
2852 4345 2962 4410 Ea:
3004 4345 3230 4428 quibus
3273 4343 3560 4410 omnibus
3592 4346 3972 4428 perpicuum
4008 4344 4108 4425 fit,
4167 4342 4406 4408 homini
4444 4340 4639 4406 chris-

607 4438 836 4499 struat.
931 4431 1164 4496 Petrus
1207 4431 1524 4511 apostolus
1559 4433 1631 4495 in
1673 4430 1935 4514 epistola
1964 4431 2334 4513 posteriori,
2370 4430 2443 4512 fa
2451 4431 2579 4497 lsos
2680 4431 2852 4496 tiano
2889 4432 3149 4496 minime
3174 4431 3372 4510 licere,
3414 4437 3483 4496 ut
3524 4431 3857 4512 doctr-imas,
3901 4436 4013 4496 aut
4050 4430 4257 4512 fidem,
4301 4434 4414 4494 aut
4455 4429 4639 4493 actio-

606 4520 882 4587 doctores
926 4517 1246 4597 praedicit
1296 4522 1703 4599 yrassaturos
1757 4518 1828 4581 in
1884 4518 2137 4583 ecclesia
2195 4515 2434 4583 Christi
2447 4567 2463 4597 ,
2520 4522 2578 4582 et
2626 4530 2629 4541 ·
2676 4536 2801 4596 nes,
2845 4519 3149 4584 institutis
3189 4516 3430 4583 Christi
3450 4518 3868 4597 adversantes,
3912 4517 4007 4582 vel
4032 4537 4155 4599 per
4176 4515 4633 4581 simulationem
4736 4550 4755 4557 -

605 4609 699 4672 ita
743 4626 843 4670 eos
885 4604 1024 4667 suis
1082 4602 1386 4669 coloribus
1432 4602 1752 4683 describit,
1801 4607 1873 4668 at
1913 4604 2101 4669 latere
2147 4624 2270 4668 non
2301 4605 2572 4685 possint,
2676 4604 2983 4688 approbet.
3046 4608 3169 4693 17.··
3188 4603 3370 4670 Iunii
3407 4624 3567 4669 anno
3615 4607 3814 4671 1549.

605 4692 742 4758 nisi
785 4690 984 4775 plane
1042 4689 1357 4770 stupidos.-
1409 4709 1517 4754 nec
1575 4693 1752 4773 tacet,
1784 4689 2073 4768 exitium,
2144 4690 2464 4771 quod.eos
2519 4695 2575 4757 et
4018 4670 4107 4753 .’.’
4211 4740 4222 4754 .
4420 4686 4467 4749 ’.
4632 4734 4647 4747 .

600 4783 928 4879 sectatores
971 4795 1184 4840 eorum
1226 4779 1463 4875 manetg
1516 4780 1702 4876 utque
1756 4774 2058 4841 declinari
2103 4776 2334 4874 possit·
2353 4772 2574 4861 ingen&
3226 4741 3543 4892 Pastore}¹
3552 4749 3615 4840 et
3650 4742 3897 4841 lectores
3940 4745 4230 4892 sufflaverit.
4266 4738 4545 4805 ecclesiae

597 4866 775 4931 istud
819 4863 1058 4928 malum
1097 4862 1303 4944 falsae
1345 4861 1686 4946 reliyionis‚
1731 4863 1941 4928 edocet.
2012 4861 2191 4927 Idem
2225 4867 2359 4946 ayit
2398 4861 2573 4928 Pau·
3544 4848 3849 4913 munnae.
3876 4847 3943 4892 m
4056 4848 4088 4892 θ
4184 4848 4293 4937 ,Ψ-

2758 5126 3015 5133 ,Μ

1917 5288 1930 5301 ’
2008 5309 2732 5380 ΒΒυΝΒνῙΘΑΕ,-ΤΥΡ13
2769 5310 2843 5364 Μ.
2880 5309 3239 5366 mummi.
