4999 6179
575 400 699 462 639

1790 391 1918 459 DE
1961 389 2415 461 vrrfflms
2463 377 3429 494 sUPERsmmomsus.

4467 393 4595 453 640

567 586 932 663 Postremo,
979 582 1137 668 quid
1178 581 1358 649 aliud
1404 585 1525 661 est,
1569 581 1764 648 corde
1809 580 2023 648 dicere
2065 603 2271 648 unum
2304 583 2527 646 Deum
2575 579 2581 644 Ι
2630 601 2861 644 earum
2898 582 3230 646 actionum
3256 582 3565 646 societate
3600 580 3949 659 abstineas,
3984 599 4149 663 quae
4183 579 4590 645 idololatriae

569 670 1008 737 adorandum:
1055 675 1331 735 externo
1362 677 1583 734 autem
1626 676 1799 733 nutu
1833 666 1990 733 idoli
2026 668 2275 733 cultum
2318 666 2524 732 simu-

2627 665 3101 748 professionem
3153 668 3510 732 continent.
3601 666 3828 748 Quum
3889 675 4107 731 autem
4177 673 4410 749 sponte
4480 687 4589 731 ac-

569 756 727 836 lare,
771 777 968 840 quam
1009 756 1083 821 in
1122 777 1320 821 suum
1361 762 1622 821 reatum
1666 754 2103 820 eonscientiae
2147 753 2524 821 testimonio
2626 749 2822 829 cedis,
2867 773 3074 836 quum
3111 760 3344 836 sponte
3386 754 3652 833 interes,
3696 753 4076 818 societatem
4108 759 4176 817 te
4210 752 4384 818 coire
4427 753 4591 834 dice,

569 842 978 910 subscribere
993 841 1025 906 ⁶?
1115 840 1405 907 Simulat
1480 847 1704 905 autem
1782 848 1955 905 certe
2030 839 2189 905 idoli
2253 839 2523 920 cultum,
2631 838 2690 903 si
2734 858 2869 903 non
2911 839 3175 922 plenam
3190 891 3204 916 ,
3264 849 3334 905 at
3376 839 3772 905 simulatam.
3862 839 4044 921 Ipsa,
4104 839 4373 922 inquam
4389 890 4407 919 ,
4463 840 4589 905 eir-

568 929 681 1080 gui
724 927 876 993 data
931 948 1131 1011 opera
1173 928 1511 1005 convenit,
1565 939 1651 998 ne
1705 926 2061 991 abhorrere
2117 924 2199 990 ab
2251 925 2367 990 illo
2426 927 2525 991 vi-

615 1023 823 1080 eatur.

741 1101 827 1165 In
881 1099 1367 1181 comparatione
1410 1118 1608 1181 quam
1649 1096 1916 1163 adducit
1958 1098 2283 1181 serpentis
2319 1097 2526 1175 aenei,

569 1193 639 1251 et
691 1186 1007 1251 similium
1062 1184 1506 1267 impietatum,
1566 1182 1662 1247 illi
1721 1185 2071 1249 assentior:
2132 1183 2248 1249 sed
2293 1204 2530 1267 parum

568 1279 1005 1356 congruenter
1083 1270 1167 1335 ad
1230 1277 1644 1352 praesentem
1719 1289 1985 1336 causam
2060 1268 2526 1336 accommodat.

566 1358 633 1422 N
635 1379 722 1422 on
765 1357 1190 1440 exprimitur,
1246 1376 1375 1440 quo
1433 1355 1576 1420 loco
1631 1356 1831 1421 fucrit
1886 1376 2159 1438 serpens
2214 1354 2325 1420 ille
2371 1354 2528 1420 ado·

566 1450 784 1523 ratus,
851 1464 1064 1526 neque
1129 1441 1199 1507 id
1260 1462 1662 1527 magnopere
1717 1441 1800 1506 ad
1847 1463 1992 1507 rem
2042 1442 2225 1508 facit:
2295 1462 2528 1506 verum

567 1531 708 1596 sive
763 1529 836 1594 in
879 1528 1154 1611 temple,
1216 1528 1355 1594 sive
1414 1527 1573 1593 alibi
1616 1527 1912 1593 suffitum
1965 1527 2064 1591 illi
2108 1527 2383 1592 fecerint
2423 1526 2526 1592 Is-

565 1616 865 1695 raelitae,
933 1615 1211 1693 fallitur,
1284 1615 1397 1697 qui
1448 1620 1640 1697 putat
1691 1613 2043 1696 prophetas
2098 1621 2214 1678 aut
2267 1613 2528 1696 piorum

567 1700 818 1784 aliquos
863 1700 1170 1779 adfuisse,
1213 1720 1414 1782 quum
1457 1705 1646 1764 tanta
1680 1699 2072 1764 abominatio
2116 1704 2526 1782 perpetrare-

566 1794 695 1853 tur.
762 1787 980 1866 Urias‚
1025 1786 1211 1851 iussu
1249 1783 1499 1863 Achab,
1531 1785 1577 1866 ¹)
1620 1785 1824 1850 altare
1870 1784 2203 1850 exstruxit
2243 1786 2315 1849 in
2359 1792 2526 1849 tem-

564 1873 695 1956 plo,
724 1873 835 1939 ubi
872 1892 1060 1939 sacra
1090 1872 1235 1937 Deo
1276 1869 1617 1937 Samariae
1649 1872 1888 1935 fierent
1923 1870 1991 1955 (2
2029 1870 2195 1955 Reg.
2244 1874 2339 1951 16,
2382 1870 2524 1953 11):

566 1958 685 2024 sed
727 1959 1058 2023 neminem
1115 1981 1198 2022 ex
1253 1956 1557 2022 fidelibus
1615 1956 1677 2020 le
1729 1957 1896 2022 'mus
1955 1955 2278 2022 eiusmodi
2323 1959 2529 2042 sacris

567 2045 967 2110 interfuisse.
1056 2044 1288 2126 Neque
1340 2063 1496 2107 vero
1548 2063 1657 2108 ere
1704 2042 1861 2107 ibile
1916 2049 2033 2108 est.
2124 2042 2205 2107 In
2250 2042 2528 2109 excelsis

567 2130 772 2214 vulgo
826 2129 1218 2195 adorabant:
1273 2127 1390 2194 sed
1441 2127 1608 2192 mihi
1656 2149 1792 2194 non
1849 2135 1951 2194 est
2005 2127 2308 2208 dubium,
2367 2129 2531 2212 quin

565 2236 795 2280 omnes
853 2215 992 2281 veri
1035 2215 1163 2280 Dei
1218 2214 1499 2280 cultores
1555 2213 1860 2298 religiose
1905 2236 1945 2286 a
1984 2213 2101 2279 tali
2157 2215 2533 2297 corruptela

566 2301 1022 2367 abstinuerint.
1113 2300 1194 2366 In
1261 2299 1385 2365 hoc
1458 2306 1673 2365 totum
1743 2311 1844 2365 est
1908 2301 2141 2380 situm,
2218 2321 2305 2365 ne
2370 2300 2531 2365 dum

570 2392 720 2466 [pag.
765 2392 915 2465 134]
974 2393 1338 2452 conventus
1392 2384 1696 2452 solennes
1751 2393 2043 2471 aguntur
2099 2384 2529 2464 idololatriae,

565 2472 725 2538 illuc
801 2479 866 2537 te
944 2472 1243 2539 associes.
1334 2469 1781 2553 Quamobrem
1858 2492 2303 2555 supervacuae
2374 2480 2535 2539 sunt

567 2559 737 2624 istae
797 2558 1133 2641 querelae:
1185 2557 1536 2641 Nusquam
1601 2577 1758 2642 ergo
1823 2577 2015 2624 orare
2080 2558 2215 2623 iam
2277 2557 2529 2639 licebit-,3

569 2644 727 2727 quia
778 2644 1002 2710 nullus
1065 2644 1350 2729 angulus
1414 2642 1496 2709 ab
1550 2641 1919 2710 idololatria
1988 2665 2213 2727 purus.
2301 2644 2532 2729 Neque

568 2731 747 2795 enim
800 2730 894 2796 sic
958 2729 1286 2814 pollutum
1354 2749 1496 2795 esse
1565 2729 1780 2796 locum
1809 2728 2111 2795 -dicimus
2124 2781 2142 2808 ,
2208 2730 2322 2795 ubi
2376 2752 2532 2797 suas

509 2891 512 2896 ¹
568 2817 1071 2898 superstitiones
1113 2822 1446 2900 peragunt
1477 2815 1680 2899 impii,
1727 2823 1803 2880 ut
1844 2816 1937 2882 ibi
1972 2834 2162 2882 orare
2198 2817 2285 2881 sit
2324 2817 2529 2883 nefas'.

565 2901 797 2985 Neque
841 2902 1019 2968 enim
1063 2901 1279 2969 ubivis
1321 2922 1510 2967 orare
1563 2901 1876 2985 prohibeo
1890 2952 1906 2980 ,
1961 2899 2157 2967 modo
2214 2901 2298 2968 ab
2353 2903 2535 2968 omni

705 3125 766 3193 1)
807 3125 901 3182 Sic
935 3127 1067 3182 libri
1097 3126 1280 3181 nostri
1310 3139 1497 3180 omnes
1530 3130 1640 3180 tam
1678 3125 1845 3181 latini
1875 3140 2042 3197 quam
2071 3126 2277 3194 quaid.
2336 3125 2523 3181 Error

563 3195 1241 3320 ammeizmm
1266 3209 1433 3264 quam
1467 3195 1530 3248 in
1554 3195 1684 3263 ipsa
1717 3195 1953 3251 historia
1986 3194 2076 3249 hio
2101 3195 2308 3257 obvius,
2342 3195 2524 3264 ipsius

2634 925 3033 990 cumstantia
3071 931 3139 990 te
3180 924 3555 991 convictum
3594 932 3797 1004 tenet,
3844 932 3921 989 ut
3962 926 4213 990 frustra
4256 931 4323 991 te
4365 947 4406 991 a
4447 924 4587 1008 pol-

2633 1010 2883 1075 lutione
2926 1007 3291 1076 immunem
3331 1031 3476 1077 esse
3518 1011 3740 1077 iactes.

2808 1095 3005 1176 Quod
3038 1097 3096 1162 si
3131 1096 3369 1163 clarius
3393 1097 3653 1163 definiri
3673 1097 3982 1180 postulat,
4019 1116 4347 1179 quaenam
4367 1098 4457 1162 sit
4476 1097 4592 1163 illa

2635 1182 2954 1247 confessio
2992 1190 3061 1247 et
3081 1182 3310 1265 qualis,
3344 1205 3542 1267 quam
3579 1183 3663 1249 ab
3691 1183 3956 1248 homine
3989 1182 4347 1248 christiano
4380 1184 4588 1267 exigi-

2637 1288 2814 1347 mus,
2869 1289 2989 1352 ego
3051 1289 3210 1334 vero
3266 1268 3437 1353 quod
3481 1271 3554 1334 in
3597 1271 3840 1352 scripto
3883 1289 4032 1334 meo
4071 1269 4286 1352 posui,
4344 1268 4589 1335 iterum

2635 1354 2976 1420 confirmo:
3057 1354 3437 1437 magisterio
3513 1356 3781 1439 spiritus
3858 1355 3928 1420 id
3994 1353 4383 1421 discendum
4446 1376 4589 1422 esse

2631 1441 2863 1523 magis,
2911 1460 3110 1524 quam
3144 1442 3342 1507 certis
3377 1441 3626 1526 regulis
3669 1461 3862 1524 posse
3903 1440 4094 1506 tradi.
4158 1441 4370 1507 Nemo
4412 1449 4589 1507 certe

2631 1535 2855 1592 mutus
2893 1527 2985 1591 ‚in
3049 1527 3450 1609 professione
3515 1549 3672 1593 suae
3726 1526 3881 1592 fidei
3935 1548 4076 1592 esse
4135 1527 4347 1592 debet.
4436 1525 4588 1609 Quo

2625 1619 2856 1676 autem
2912 1611 3146 1695 cuique
3201 1613 3478 1697 amplior
3533 1612 3688 1678 fidei
3744 1634 4059 1679 mensura
4114 1612 4267 1678 data
4312 1620 4444 1693 est,
4511 1634 4588 1679 eo

2628 1696 3025 1764 luculentior
3060 1699 3149 1764 sit
3173 1701 3314 1765 eius
3346 1699 3664 1766 confessio
3709 1705 3984 1783 oportet.
4050 1693 4187 1765 Sed
4228 1699 4589 1764 maximam

2631 1791 2890 1869 partem
2946 1783 3273 1868 gubernat
3324 1795 3695 1869 temporum
3738 1787 3934 1863 rati0,
3988 1793 4056 1851 et
4098 1785 4354 1851 oblatae
4397 1805 4588 1868 opor-

2632 1870 2968 1937 tunitates.
3060 1870 3289 1952 Quare
3333 1870 3417 1936 ad
3470 1871 3775 1956 spiritum
3819 1871 4214 1954 prudentiae
4258 1879 4325 1935 et
4366 1871 4590 1937 iudicii

2634 1976 2897 2041 semper
2934 1957 3462 2041 confugiendum.
3553 1959 3763 2024 Porro
3805 1958 3880 2022 in
3914 1964 4052 2023 tota
4093 1958 4415 2041 superiori
4459 1955 4594 2022 dis·

2632 2042 3004 2126 putatione,
3061 2064 3264 2126 quam
3313 2043 3506 2110 edere
3562 2049 3711 2124 [pag.
3756 2047 3905 2122 135]
3960 2043 4433 2110 confessionem
4478 2042 4597 2108 de-

2637 2128 2789 2194 beat
2832 2127 3026 2194 homo
3080 2129 3513 2209 christianus,
3571 2151 3703 2195 non
3764 2129 4071 2195 disserui:
4136 2129 4253 2195 sed
4307 2126 4601 2196 cavenda

2634 2214 2801 2281 vitia
2874 2214 3165 2294 ostendi,
3245 2237 3411 2299 quae
3480 2237 3675 2282 verae
3748 2216 4144 2282 confessioni
4205 2227 4595 2300 repugnant.

2634 2300 2839 2365 Faxit
2886 2302 3249 2380 Dominus,
3306 2309 3383 2367 ut
3430 2323 3564 2368 non
3618 2311 3760 2367 tam
3816 2302 3887 2367 in
3945 2301 4282 2385 captandis
4340 2300 4599 2367 subter-

2635 2387 2865 2471 fugiis,
2925 2407 3124 2471 quam
3165 2389 3238 2452 in
3282 2388 3621 2455 voluntate
3676 2390 3819 2453 eius
3861 2386 4355 2472 investiganda,
4412 2388 4598 2471 inge-

2637 2473 2806 2539 niosi
2864 2493 3007 2540 esse
3050 2473 3352 2540 velimus.
3441 2475 3618 2559 Ego,
3674 2475 3788 2557 qui
3831 2481 3971 2539 tam
4012 2473 4265 2557 rigidus
4310 2493 4451 2539 esse
4498 2474 4600 2539 vi-

2639 2557 2796 2625 deor
2811 2611 2829 2639 ‚
2897 2580 3239 2644 nunquam
3293 2560 3437 2627 sine
3492 2559 3909 2626 acerbissimo
3961 2559 4206 2625 doloris
4264 2581 4460 2625 sensu
4517 2557 4600 2623 de

2637 2645 2953 2712 fratribus
2998 2646 3244 2731 cogite,
3278 2646 3416 2729 ,qui
3472 2667 3544 2712 se
3598 2646 3829 2712 durius
3883 2667 3923 2711 a
3976 2667 4084 2712 me
4134 2646 4406 2712 tractari
4446 2666 4600 2711 con·

2639 2738 3032 2815 queruntur:
3081 2731 3197 2799 sod
3241 2732 3409 2797 mihi
3445 2732 3808 2817 ignoscant,
3855 2732 3914 2798 si
3947 2731 4200 2799 Christi
4238 2733 4469 2816 iugum
4512 2751 4602 2797 ne

2637 2816 2972 2882 tantillum
3046 2816 3314 2901 quidem
3373 2817 3604 2884 laxare
3681 2817 3906 2884 audeO.
4009 2816 4176 2883 Vale
4252 2819 4456 2883 frater
4533 2822 4605 2882 et

2639 2903 2848 2970 amice
2871 2902 3309 2970 dilectissime.
3349 2902 3684 2984 Genevae‚
3714 2909 3811 2969 14.
3836 2901 4104 2969 Galend.
4128 2902 4304 2968 Iulii.
4335 2907 4519 2969 1546.
4549 2902 4602 2986 ¹)

2642 3196 2838 3322 Iufflgg
2879 3194 3043 3265 Quod
3080 3196 3276 3251 Gallus
3312 3195 3508 3264 (1551)
3543 3197 3684 3252 male
3714 3198 4107 3265 interpretum
4139 3199 4248 3251 eet.-
4292 3209 4357 3251 ce
4393 3193 4477 3248 14.
4526 3194 4596 3249 de
