4999 6179
504 392 636 455 46⁷

512 574 994 643 absurditatem
1048 570 1388 657 prolapsos
1443 590 1589 636 esse
1641 569 1888 635 mirum
1945 574 2078 649 est,
2133 573 2481 652 postquam

510 660 746 730 salutis
798 657 1109 726 fiduciam
1163 656 1368 723 semel
1420 654 1862 723 fundaverant
1914 655 1985 720 in
2025 675 2300 738 operum
2341 674 2480 718 me-

513 748 680 814 ritis.
769 746 956 811 Fieri
1010 744 1191 811 enim
1243 742 1438 809 aliter
1491 763 1628 808 non
1681 746 1973 827 poterat,
2035 741 2193 824 quin
2240 760 2325 805 ex
2366 739 2481 805 illo

512 832 896 918 praecipitio
952 832 1026 896 in
1084 830 1256 896 hanc
1320 828 1588 894 ruinam
1642 826 1973 895 caderent.
2063 824 2243 908 Quid
2302 827 2481 893 enim

515 921 587 984 in
633 917 943 1003 operibus
993 917 1132 983 suis
1183 915 1469 999 reperiet
1505 913 1702 980 homo
1718 966 1734 993 ‚
1793 913 1926 978 nisi
1984 912 2330 979 dubitandi
2344 964 2361 992 ,
2414 920 2482 977 et

514 1004 786 1072 tandem
843 1001 1242 1086 desperandi
1289 999 1737 1097 materiam—U
1771 998 2098 1064 Videmus
2155 1019 2344 1085 ergo,
2402 1004 2481 1064 ut

513 1112 701 1159 error
742 1110 1036 1156 errorem
1077 1088 1370 1153 traxerit.

689 1176 824 1242 Hic
879 1173 1097 1254 vobis,
1150 1172 1582 1239 invictissime
1625 1169 1873 1238 Caesar
1927 1177 1998 1237 et
2039 1170 2481 1237 Illustrissimi

515 1263 894 1346 Principes,
953 1264 1102 1347 [pag.
1142 1263 1249 1338 20]
1308 1257 1485 1342 quod
1541 1264 1698 1323 ante
1742 1257 1884 1322 dixi
1928 1257 2249 1323 memoria
2291 1278 2479 1341 repe-

515 1346 795 1414 tendum
838 1344 1326 1415 081ε7600108100
1368 1343 1650 1410 80101010
1694 1362 1780 1409 ex
1823 1343 1950 1410 hac
1984 1342 2299 1422 doctrina,
2343 1364 2482 1409 non

515 1454 707 1502 secus
751 1438 946 1517 atque
989 1430 1277 1496 hominis
1320 1428 1528 1495 vitam
1571 1449 1657 1496 ex
1700 1429 1951 1508 anima,
2006 1429 2312 1514 pendere.
2402 1428 2481 1495 Si

515 1526 781 1586 tantum
827 1523 1135 1600 corrupta
1177 1516 1322 1582 eius
1358 1515 1696 1583 doctrinae
1738 1516 1993 1600 puritas
2027 1516 2289 1595 fuisset,
2348 1515 2479 1580 iam

513 1604 696 1671 letali
735 1603 1013 1671 vulnere
1056 1602 1350 1669 sauciata
1392 1601 1624 1667 fuisset
1665 1602 1958 1669 ecclesia.
2032 1602 2215 1686 Ergo
2259 1602 2315 1667 81
2338 1622 2480 1666 ma-

513 1690 643 1757 iori
699 1711 786 1756 ex
825 1695 1017 1773 parte
1062 1688 1460 1755 exstinctam
1515 1688 1720 1754 fuisse
1775 1686 2150 1766 ostendero,
2208 1686 2483 1772 perinde

514 1777 660 1857 erit,
706 1797 783 1842 ac
826 1777 886 1841 si
927 1773 1202 1841 ecclesia
1233 1774 1370 1840 fere
1415 1793 1623 1857 usque
1666 1772 1750 1839 ad
1792 1773 2103 1839 ultimum
2133 1773 2482 1838 interitum

511 1862 878 1929 vulnerata
922 1881 1066 1927 esse
1107 1860 1455 1927 diceretur.
1554 1859 1702 1943 Ego
1758 1866 1980 1924 autem
2035 1858 2105 1923 id
2158 1858 2480 1925 hactenus

513 1948 731 2014 obiter
785 1945 1099 2013 indicavi:
1169 1946 1368 2030 paulo
1428 1950 1651 2011 autem
1713 1951 1864 2027 post
1925 1943 2166 2011 clarius
2230 1946 2481 2028 patefa-

515 2036 704 2101 ciam.
794 2032 1011 2097 Venio
1054 2052 1234 2096 nunc
1276 2030 1360 2096 ad
1399 2050 1507 2108 ea,
1553 2049 1719 2113 quae
1764 2029 1903 2095 dixi
1936 2030 2150 2096 instar
2193 2031 2482 2115 eorporis

517 2118 787 2184 habere:
823 2117 1419 2201 gubernationem,
1472 2122 1541 2182 01
1591 2123 2160 2183 sacramentorum
2201 2116 2483 2182 admini-

515 2204 933 2284 strationem;
1003 2224 1283 2286 quorum
1339 2202 1540 2268 etiam
1594 2201 1652 2268 si
1716 2210 1994 2268 externa
2048 2201 2248 2267 facies
2311 2202 2485 2267 nihil

519 2289 790 2356 haberet
844 2289 1023 2367 vitii,
1081 2295 1237 2372 post
1291 2287 1476 2352 iliam
1533 2294 1760 2353 tamen
1816 2287 2154 2353 doctrinae
2207 2287 2483 2354 subver-

515 2378 774 2444 sionem
814 2376 918 2441 vis
961 2384 1030 2442 et
1067 2373 1323 2439 utilitas
1368 2378 1673 2439 emortua
1707 2380 1897 2438 esset.
1978 2371 2157 2453 Quid
2202 2374 2261 2439 si
2301 2375 2484 2440 intus

516 2470 586 2528 et
649 2468 841 2537 extra
911 2460 1078 2526 nihil
1135 2460 1335 2525 fuerit
1399 2459 1542 2524 sani
1558 2457 1590 2519 Ῥ
1678 2457 1911 2541 Neque
1973 2479 2130 2525 vero
2196 2459 2481 2527 difficilis

516 2555 620 2615 est
661 2548 805 2614 eius
847 2547 946 2612 rei
991 2544 1482 2612 demonstratio.
1551 2542 1897 2624 Quantum
1933 2542 2024 2610 ad
2067 2554 2483 2612 sacramenta

515 2634 837 2717 pertinet,
894 2633 1185 2716 primum
1230 2628 1458 2696 eodem
1503 2629 1645 2696 loco
1690 2629 1918 2696 habita
1961 2638 2121 2698 sunt
2160 2632 2482 2717 mysteria

516 2741 558 2784 a
601 2717 869 2784 Christo
908 2716 1234 2796 instituta,
1282 2722 1351 2779 et
1389 2716 1799 2800 excogitatae
1828 2715 2216 2783 humanitus
2259 2738 2480 2786 caere-

514 2804 794 2869 moniae.
883 2801 1159 2885 Septem
1202 2802 1381 2867 enim
1423 2808 1853 2882 sacramenta,
1891 2803 2036 2869 sine
2078 2803 2206 2869 alio
2250 2803 2480 2870 discri-

514 2890 715 2969 mine,
758 2896 1026 2973 recepta
1065 2888 1362 2955 fuerunt:
1411 2907 1691 2971 quorum
1736 2886 1864 2953 duo
1900 2894 2161 2955 tantum
2201 2888 2479 2956 manda-

516 2982 707 3043 verat
748 2973 1061 3041 Christus
1074 3024 1091 3053 ,
1147 2973 1278 3040 alia
1332 2994 1467 3039 non
1521 2972 1652 3040 nisi
1716 2973 2065 3042 hominum
2127 2978 2478 3042 autoritate

514 3060 791 3128 fundata
857 3067 1067 3128 erant.
1157 3060 1288 3127 His
1352 3080 1485 3127 non
1552 3060 1776 3127 minus
1832 3060 2141 3147 alligatae
2204 3063 2478 3130 fuerunt

515 3149 646 3214 Dei
688 3147 942 3233 gratiae
957 3198 974 3226 ,
1031 3168 1229 3231 quam
1271 3148 1329 3213 si
1370 3147 1703 3215 inclusum
1745 3147 1814 3213 in
1857 3169 1929 3215 se
1973 3147 2314 3216 Christum
2356 3149 2476 3215 ha-

516 3235 830 3301 buissent.
921 3234 1130 3299 Porro
1187 3231 1315 3299 duo
1368 3233 1513 3313 illa,
1581 3253 1751 3318 quae
1806 3233 2115 3301 Christus
2164 3236 2474 3316 instituit,

512 3318 916 3385 horrendum
969 3320 1045 3384 in
1099 3318 1372 3385 modum
1413 3320 1689 3386 fuerunt
1727 3319 2002 3404 polluta.
2088 3321 2477 3406 Baptismus

515 3413 616 3472 tot
668 3405 1022 3490 superfluis
1075 3404 1541 3473 additamentis
1596 3413 1699 3471 est
1763 3405 2109 3473 obvolutus
2123 3460 2139 3488 ,
2204 3415 2282 3473 ut
2334 3409 2476 3475 veri

514 3499 584 3558 et
647 3493 797 3575 puri
868 3490 1180 3576 baptismi
1247 3493 1361 3559 vix
1433 3500 1636 3558 tenue
1698 3494 1872 3560 vesti
1925 3493 2060 3559 'um
2138 3514 2472 3579 agnoscas.

515 3576 724 3646 Sacra
763 3598 919 3643 vero
963 3599 1165 3644 coena
1206 3599 1343 3643 non
1384 3579 1721 3645 extraneis
1762 3599 1831 3646 m
1917 3600 1955 3645 o
1998 3582 2475 3647 accessionibus

514 3670 857 3748 corrupta,
934 3662 1052 3730 sed
1116 3665 1260 3747 ipsa
1324 3664 1396 3729 in
1457 3664 1741 3729 formam
1804 3685 2077 3748 prorsus
2144 3665 2476 3734 diversam

514 3770 835 3816 conversa
875 3750 1018 3815 fuit.
1107 3749 1541 3815 Manifestum
1585 3759 1719 3830 est,
1779 3749 1936 3833 quid
1982 3750 2288 3818 Christus
2329 3754 2475 3819 fieri

513 3836 801 3915 iusserit,
845 3842 912 3900 et
954 3857 1104 3923 quos
1125 3834 1370 3901 ordine.
1439 3841 1585 3916 [pag.
1631 3849 1666 3901 2
1681 3840 1742 3916 1]
1787 3836 2026 3919 Atqui,
2071 3845 2290 3921 spreto
2335 3840 2475 3906 eius

513 3921 855 4001 mandate,
914 3922 1082 3988 00110
1125 3921 1514 3988 1118111001οο
1571 3923 1932 4007 composita
1985 3923 2141 4005 fuit,
2191 3946 2361 4007 quae
2402 3926 2474 3991 in

513 4027 755 4073 coenae
809 4008 1024 4075 vicem
1079 4007 1476 4074 succederet.
1568 4005 1749 4089 Quid
1802 4008 1983 4074 enim
2036 4009 2252 4077 simile
2314 4013 2475 4077 mis-

513 4094 605 4159 sis
683 4113 833 4158 cum
911 4114 1072 4161 vera
1133 4092 1406 4158 Domini
1482 4092 1730 4161 coena?
1823 4093 2047 4175 Quum
2112 4097 2475 4163 secundum

513 4179 769 4245 Christi
819 4187 1245 4263 praeceptum
1299 4177 1584 4246 debeant
1635 4182 1810 4246 inter
1875 4202 1947 4246 se
2012 4182 2240 4248 fideles
2298 4206 2474 4249 com-

511 4267 850 4331 municare
906 4286 1093 4331 sacra
1146 4267 1434 4349 corporis
1487 4281 1555 4331 et
1597 4266 1939 4352 sanguinis
1978 4269 2253 4334 Domini
2294 4291 2473 4356 sym-

507 4351 685 4432 bola,
747 4352 1337 4417 excommunicatio
1377 4353 1594 4435 potius
1637 4352 1959 4436 quaedam
2001 4353 2076 4419 in
2111 4355 2330 4421 missis
2374 4357 2473 4422 vi-

511 4439 699 4503 situr.
790 4435 1075 4520 Separat
1132 4437 1308 4503 enim
1363 4459 1435 4505 se
1488 4459 1529 4503 a
1578 4439 1829 4523 reliquo
1894 4447 2084 4507 coetu
2149 4441 2472 4524 sacerdos,

509 4534 588 4590 ut
639 4544 936 4591 seorsum
994 4522 1269 4589 devoret
1284 4574 1299 4600 ,
1357 4524 1529 4607 quod
1583 4526 1861 4611 proponi
1915 4524 2349 4610 distribuique
2401 4529 2473 4593 in

508 4609 803 4676 medium
847 4607 1185 4675 debuerat.
1254 4608 1515 4676 Deinde
1556 4617 1877 4696 tanquam
1911 4633 2252 4680 successor
2293 4614 2471 4699 quis-

510 4697 687 4779 piam
743 4696 1030 4762 Aaronis
1084 4697 1279 4775 foret,
1327 4697 1726 4763 sacrificium
1770 4717 1843 4763 se
1899 4699 2135 4766 offerre
2151 4751 2168 4779 ,
2215 4700 2301 4767 ad
2355 4723 2472 4767 ex-

509 4780 736 4865 piandi
773 4781 1005 4865 populi
1021 4790 1334 4935 (peccata,
1378 4782 1665 4850 simulat.
1755 4783 1889 4851 Ubi
1930 4806 2226 4868 unquam
2268 4789 2470 4854 sacri-

507 4867 639 4933 ficii
681 4869 983 4933 meminit
1079 4867 1371 4936 hristus?
1460 4870 1806 4954 Accipere,
1864 4870 2207 4939 comedere
2251 4893 2326 4939 ac
2371 4872 2470 4939 bi-

504 4955 661 5021 bere
712 4974 833 5019 nos
870 4952 1069 5020 iubet.
1159 4954 1325 5036 Quis
1383 4954 1761 5023 hominibus

504 5041 758 5106 tionem
811 5040 883 5103 10
949 5038 1348 5108 oblationem
1413 5051 1799 5111 convertere
1810 4964 2188 5106 formant,
2242 4979 2470 5042 rocep-

1935 5042 2276 5124 Quorsum
2337 5044 2469 5110 ista

504 5125 785 5193 mutatio
798 5177 816 5205 ,
867 5124 1001 5190 nisi
1045 5136 1120 5191 ut
1173 5129 1542 5195 temerariis
1584 5129 1932 5196 hominum
1974 5129 2235 5214 placitis
2278 5127 2469 5195 cedat

502 5221 897 5297 perpetuum
934 5220 1003 5277 et
1032 5213 1412 5280 inviolabile
1446 5213 1702 5283 Christi
1734 5214 2069 5282 edictum?
2135 5214 2284 5282 Hoc
2318 5216 2465 5300 qui-

503 5297 656 5365 dem
711 5318 914 5384 grave
971 5299 1239 5365 malum.
1330 5298 1466 5367 Sed
1518 5301 1713 5387 longe
1756 5300 1973 5367 adhuc
2029 5298 2313 5368 deterior
2352 5323 2462 5367 su·

2112 376 2245 444 DE
2282 372 2923 445 NECESSITATE

4412 367 4541 433 468

2584 563 2890 649 perstitio
2905 614 2922 643 ,
2967 562 3142 647 quod
3183 582 3348 646 opus
3391 560 3545 639 hoc,
3600 565 3915 642 tanquam
3956 556 4351 656 obtinendae
4393 577 4545 643 gra-

2557 650 2716 716 ttiae
2781 649 3195 715 meritorium
3210 698 3227 727 ,
3255 648 3308 732 ¹)
3383 646 3555 713 vivis
3621 652 3689 710 et
3763 649 4043 709 mortuis
4107 643 4542 728 applicarunt.

2585 734 2810 820 'Atque
2868 737 2965 801 ita
3025 735 3257 800 mortis
3311 731 3567 800 Christi
3632 730 3923 797 efficacia
3985 729 4071 796 ad
4140 731 4414 798 inanem
4476 736 4547 798 et

2585 822 2976 888 theatricam
3020 821 3344 888 actionem
3388 817 3714 885 translata
3757 824 3885 897 est,
3935 822 4004 881 et
4047 814 4249 883 simul
4291 816 4546 886 aeterni

2585 906 2932 975 sacerdotii
2967 904 3258 992 dig-nitas
3300 904 3569 972 Christo
3610 909 3855 987 erepta,
3898 908 3977 967 ut
4015 901 4395 971 hominibus
4428 905 4544 972 dar-

2584 1002 2784 1061 retur.
2875 990 2953 1060 Si
3006 991 3267 1093 quando
3309 998 3534 1094 autem
3576 987 3662 1055 ad
3702 988 4227 1056 communionem
4269 998 4545 1093 vocatur

2631 1081 2932 1233 ‘’ffihffa.
2964 1077 3825 1232 ἶὲωὼἚέηῗωὲῗέἶῖἶέω
3837 1072 4541 1247 Ρᾘιῖυεᾞῗέᾞῗ

2586 1262 2653 1318 01
2697 1273 2926 1319 omnes
2961 1251 3143 1318 iubet
3174 1271 3260 1316 ex
3302 1270 3380 1316 eo
3411 1247 3662 1314 bibere:
3709 1269 3795 1313 ex
3828 1245 4105 1313 adverso
4137 1184 4545 1318 interdicunt

2584 1339 2891 1404 homines
2928 1337 3225 1404 fidelium
3263 1336 3505 1415 coetui,
3560 1355 3645 1399 ne
3691 1331 3960 1399 calicem
4003 1333 4348 1418 attingant.
4436 1337 4545 1404 Ita

2584 1426 2778 1509 signa
2792 1476 2809 1505 ,
2869 1445 3034 1508 quae
3074 1421 3422 1491 individuo
3464 1441 3645 1486 nexu
3689 1418 3944 1486 Christi
3996 1421 4347 1487 autoritate
4389 1444 4543 1491 con-

2584 1510 2811 1577 iuncta
2860 1510 3153 1590 fuerant,
3210 1509 3558 1574 hominum
3608 1503 3884 1572 libidine
3937 1514 4343 1590 separantur.
4432 1508 4544 1576 Ad

2584 1598 2749 1663 haec
2784 1595 3185 1663 consecratio
3221 1600 3370 1675 [pag.
3397 1597 3506 1674 22]
3546 1600 3693 1658 tum
3735 1590 4066 1674 baptismi,
4110 1599 4255 1657 tum
4286 1595 4545 1678 missae,

2585 1702 2625 1746 a
2666 1683 2941 1767 magicis
2968 1679 3526 1747 incantationibus
3547 1677 4006 1744 nihilomnino
4040 1676 4277 1744 differt.
4343 1680 4547 1749 Flatu

2585 1769 2762 1835 enim
2808 1775 2875 1834 et
2915 1767 3232 1847 susurris,
3276 1766 3388 1832 vel
3427 1786 3565 1831 000
3607 1763 3961 1829 intellectis
4002 1763 4299 1847 vocibus,
4345 1769 4546 1835 confi-

2586 1876 2732 1922 cere
2775 1874 2846 1921 se
2901 1860 3140 1937 putant
3191 1853 3527 1937 mysteria.
3619 1848 3829 1932 Quasi
3874 1849 4358 1918 demurmurari
4400 1873 4547 1921 ver-

2586 1940 2744 2007 bum
2802 1961 3003 2006 suum
3058 1939 3344 2005 voluerit
3385 1937 3695 2004 Christus
3752 1935 3838 2001 ad
3879 1937 4351 2020 mysteriorum
4393 1960 4545 2023 per-

2587 2027 2942 2105 actionem,
3000 2047 3077 2092 00
3140 2045 3276 2090 000
3331 2023 3552 2109 potius
3620 2022 3801 2088 clara
3878 2042 4038 2089 voce
4101 2025 4545 2108 pronunciari.

2584 2113 2652 2179 N
2653 2133 2741 2178 on
2783 2112 3076 2179 obscuris
3111 2110 3332 2176 verbis
3367 2109 3762 2191 exprimitur
3803 2107 4040 2188 virtus,
4083 2117 4341 2191 natura,
4386 2132 4549 2179 usus

2584 2199 2897 2283 baptismi
2924 2199 2994 2262 in
3024 2197 3386 2282 evangelio.
3447 2195 3758 2262 Christus
3790 2194 3862 2259 in
3904 2213 4109 2261 coena
4133 2216 4267 2262 non
4309 2199 4546 2265 mussi-

2584 2291 2685 2350 tat
2724 2305 2923 2368 super
2955 2305 3194 2367 panem
3209 2335 3225 2363 ,
3278 2280 3395 2349 sed
3437 2280 3699 2347 disertis
3742 2279 3960 2348 verbis
4012 2282 4342 2364 apostolos
4384 2283 4548 2350 allo·

2584 2371 2836 2455 quitur,
2915 2370 3073 2436 dum
3136 2369 3637 2453 promissionem
3700 2368 3959 2433 recitat:
4029 2375 4097 2433 et
4156 2368 4548 2436 mandatum

2586 2455 2785 2523 adiun
2839 2458 2906 2535 't‚
2948 2463 3028 2520 ut
3069 2454 3436 2521 communis
3462 2454 3637 2520 inter
3658 2452 3886 2519 fideles
3931 2454 4248 2521 confessio
4292 2454 4544 2522 edatur.

2582 2543 2779 2609 Nunc
2841 2563 2954 2608 oco
2989 2540 3497 2626 praedicationis
3531 2540 3883 2606 sufflantur
3916 2541 4140 2606 arcani
4174 2542 4545 2621 exorcismi,

2583 2628 2858 2714 magicis
2915 2628 3196 2707 artibus,
3254 2627 3423 2692 sicut
3476 2625 3646 2703 dixi,
3705 2647 3904 2708 quam
3958 2628 4386 2693 sacramentis
4429 2650 4469 2696 a

2583 2716 2802 2781 tiores.
2891 2713 3040 2779 Iam
3098 2712 3223 2779 hoc
3274 2711 3564 2795 primum
3626 2731 3973 2796 perperam
3989 2763 4005 2790 ,
4076 2712 4252 2797 quod
4298 2734 4432 2799 pop
4504 2737 4546 2781 o

2582 2800 2983 2868 exhibentur
3025 2798 3586 2865 caeremoniarum
3629 2798 4031 2881 spectacula,
4087 2820 4369 2883 quarum
4410 2801 4546 2887 sig·-

2582 2886 2877 2965 nificatio
2926 2892 2994 2952 et
3048 2884 3297 2953 veritas
3351 2890 3622 2950 tacetur.
3704 2884 3779 2949 Ν
3779 2904 3943 2969 eque
3991 2886 4170 2951 enim
4225 2886 4396 2953 alius
4443 2894 4548 2953 eet

2582 2979 3145 3041 sacramentorum
3187 2991 3369 3051 usus,
3414 2990 3613 3054 quam
3648 2990 3851 3054 quum
3895 2992 3981 3035 ex
4022 2972 4223 3038 verbo
4252 2970 4385 3037 Dei
4429 2995 4546 3039 ex-

2580 3060 2866 3146 plicatur
2905 3056 2976 3124 id
3017 3058 3256 3145 ipsum,
3302 3056 3476 3141 quod
3520 3058 3787 3142 signum
3822 3056 4032 3124 oculis
4073 3066 4546 3142 repraesentat.

2580 3147 2818 3231 Itaque
2861 3167 3066 3231 quum
3110 3144 3281 3211 nihil
3320 3143 3456 3211 illic
3497 3142 3742 3210 habeat
3781 3143 4092 3228 populus,
4137 3145 4267 3210 nisi
4308 3146 4548 3214 inanes

2582 3235 2849 3318 figuras,
2888 3230 3125 3317 quibus
3158 3230 3382 3298 oculos
3412 3237 3667 3315 pascat,
3700 3230 3953 3296 nullam
3985 3251 4144 3297 vero
4179 3229 4547 3298 doctrinam

2583 3319 2838 3398 audiat,
2905 3338 3036 3402 qua
3091 3317 3418 3402 dirigatur
3472 3315 3558 3382 ad
3611 3338 3849 3382 verum
3903 3336 4174 3400 scopum
4190 3369 4207 3396 ,
4276 3318 4351 3383 in
4402 3319 4548 3402 ipso

2580 3412 2858 3472 externo
2901 3425 3098 3488 opere
3143 3403 3399 3469 defixus
3443 3402 3694 3469 haeret.
3783 3402 3965 3469 Hinc
4006 3403 4550 3486 pestilentissima

2578 3491 2698 3558 illa
2739 3491 3119 3575 superstitio
3132 3541 3149 3570 ,
3195 3488 3368 3574 quod
3410 3489 3684 3573 perinde
3727 3510 3803 3555 ac
3845 3490 3903 3556 si
3956 3497 4368 3556 sacramenta
4408 3490 4551 3557 sola

2581 3577 2667 3644 ad
2708 3577 2994 3644 salutem
3034 3576 3430 3654 sufficerent,
3477 3595 3694 3660 neque
3738 3575 3821 3641 de
3861 3576 4283 3659 poenitentia,
4328 3597 4549 3661 neque

2581 3663 2663 3730 ‹le
2706 3664 2856 3743 fide,
2899 3683 3114 3747 neque
3156 3663 3357 3728 etiam
3400 3661 3484 3727 (10
3527 3661 3797 3728 Christo
3839 3661 3983 3746 ipso
4020 3662 4304 3744 solliciti,
4353 3664 4550 3749 signa

2578 3771 2703 3835 pro
2731 3750 3010 3816 veritate
3040 3749 3385 3832 arripiunt.
3453 3749 3549 3813 Et
3583 3768 3758 3827 sane,
3794 3748 4076 3831 impium
4108 3748 4275 3814 illud
4306 3748 4551 3901 dofma

2578 3837 2829 3989 affl
2867 3831 3499 4006 ζὲἒᾳηῗοὲιῗιῑῗηὲῗῗ
3540 3834 3770 3989 Ἒῗέξο
3797 3834 4549 4004 1313361101,ῃὲ

2578 4008 2771 4074 100ᾶο
2814 4029 2901 4073 00
2945 4008 3093 4092 quis
3137 4007 3387 4074 obicem
3430 4014 3638 4091 ponat
3677 4012 3908 4090 peccat
3946 4006 4261 4074 mortalis.
4335 4006 4549 4090 Quasi

2578 4097 2649 4161 in
2715 4095 2921 4161 alium
2978 4096 3183 4161 finem
3249 4101 3367 4160 aut
3426 4115 3622 4159 usum
3687 4091 3843 4157 data
3905 4092 4046 4158 8101
4108 4101 4542 4176 sacramenta,

2580 4188 2728 4262 [pag.
2779 4185 2889 4260 23]
2956 4182 3083 4247 nisi
3123 4187 3221 4246 -ut
3274 4200 3399 4247 nos
3454 4179 3537 4245 ad
3595 4177 3943 4245 Christum
4003 4200 4209 4245 manu
4274 4179 4539 4248 ducant.

2578 4268 2736 4335 Huc
2777 4266 2978 4333 etiam
3024 4266 3326 4345 accessit,
3387 4265 3560 4350 quod
3604 4286 3878 4349 panem,
3936 4285 4247 4349 perverso
4280 4266 4393 4332 illo
4435 4267 4541 4332 in-

2579 4361 2999 4421 cantamento
3040 4375 3108 4419 m
3200 4353 3253 4419 ‘s
3293 4373 3492 4436 quam
3534 4351 3643 4437 pio
3685 4350 3820 4417 ritu
3862 4358 4344 4434 consecratum,
4389 4374 4542 4421 cus-

2578 4438 2846 4506 todiunt
2883 4440 2957 4505 in
2992 4373 3235 4520 mffl,
3280 4437 3616 4503 interdum
3659 4438 3733 4503 10
3763 4457 4007 4522 pompa
4048 4439 4538 4519 circumferunt,

2580 4533 2659 4592 ut
2711 4548 2830 4610 pro
2889 4524 3159 4626 Christo
3217 4524 3526 4591 adoretur
3580 4530 3648 4590 et
3702 4524 4060 4625 invocetur.
4149 4524 4414 4610 Itaque,
4476 4527 4539 4593 si

2579 4612 3458 4783 ἓὲοὲῃῑῖῗιᾎᾞιᾞεῑὲἷέἕῖ
3496 4608 3914 4781 311013ζῖ
3943 4610 4539 4765 fflsssssffiffi

2577 4805 2807 4852 omnes
2836 4783 2973 4865 illo,
3018 4791 3332 4868 tanquam
3366 4783 3674 4864 amuleto,
3716 4788 4025 4848 utuntur:
4068 4780 4154 4848 ad
4180 4784 4537 4868 petendam

2711 5180 2773 5248 1)
2808 5180 3137 5249 meritorum,
3172 5180 3313 5235 male
3342 5176 3708 5234 1576—1611.
3765 5177 3991 5235 Gallae.-
4026 5178 4161 5236 c’est
4193 5178 4401 5236 d’avoir
4434 5196 4535 5251 ap·

2571 5248 2757 5318 piique
2793 5256 2909 5305 cest
2943 5264 3128 5306 oeuvre
3163 5266 3271 5305 aux
3307 5250 3496 5306 vivans
3532 5255 3589 5305 et
3622 5265 3730 5304 aux
3772 5255 3944 5305 1110118
3973 5264 4116 5319 pour
4146 5249 4268 5305 leur
4300 5251 4527 5306 meriter

2566 5333 2745 5388 grace.
