4999 6179
614 448 763 516 XX
1612 472 1623 483 ·
1814 447 2363 516 TRAGTATUS
2408 446 2999 517 THEOLOGIGI
3041 446 3488 515 MINORES.

612 638 781 706 haec
824 637 1139 706 Psalterii
1184 635 1655 737 additamenta,
1699 637 1944 723 legitur
1984 638 2151 704 haec
2197 637 2624 722 subscriptio:
2680 638 2837 704 Fin
2891 637 3030 705 des
3082 636 3522 721 cinquante
3564 637 4033 717 Pseaumes,
4091 636 4462 702 traduitz
4503 655 4655 719 par
4783 666 4792 671 ·

617 749 863 817 01010.
910 751 1207 833 Marot:
1256 751 1670 834 comprins
1709 749 1785 816 10
1840 748 2250 833 Oantique
2303 748 2398 815 de
2437 749 2786 816 Simeon.
2879 748 3060 817 Sunt
3099 755 3350 849 autem,
3394 749 3503 816 vel
3547 748 3672 817 hoe
3715 750 3790 815 in
3832 770 4185 815 numerum
4225 748 4464 827 relato,
4513 767 4654 813 non
4773 815 4820 835 μ

614 863 1094 949 quinquaginta
1137 860 1256 931 sed
1300 867 1563 927 tantum
1608 861 2048 947 quadraginta
2089 869 2157 927 et
2198 882 2455 928 novem.
2547 862 2654 927 De
2696 863 2965 927 nomine
3020 860 3267 928 autoris
3310 868 3540 944 poetae
3582 856 3806 945 paullo
3848 867 4000 947 post
4043 862 4355 957 dicemus.
4443 859 4654 926 Notas

612 975 905 1043 musicas
959 973 1276 1058 exprimit
1341 973 1507 1039 haec
1558 972 1757 1039 editio
1814 972 2079 1040 easdem
2134 974 2272 1040 fere
2328 995 2405 1041 ac
2447 973 2656 1058 prior,
2715 974 2787 1039 in
2841 973 3116 1057 psalmis
3155 973 3472 1039 nimirum
3501 949 3648 1039 ‘iam
3692 980 3886 1042 antea
3926 975 4295 1058 impressis,
4342 971 4461 1039 sed
4505 970 4653 1038 aliis

612 1087 824 1173 signis
878 1087 1211 1170 scriptas,·
1243 1094 1312 1151 et
1366 1084 1452 1152 ab
1495 1085 1831 1152 hodiernis
1886 1085 2101 1170 magis
2146 1086 2346 1152 etiam
2403 1085 2654 1152 alienis.
2745 1086 2996 1153 'sextus
3039 1087 3424 1151 innumeras
3468 1086 3738 1153 exhibet
3777 1088 4110 1153 variantes
4152 1087 4469 1154 lectiones
4482 1136 4498 1165 ‚
4554 1085 4652 1150 ita

606 1197 875 1282 quidem
916 1205 995 1264 ut
1035 1197 1286 1264 multae
1330 1197 1638 1280 strophae
1681 1199 1948 1263 omnino
1992 1203 2289 1264 mutatae
2334 1177 2740 1283 appareants
2757 1205 2836 1263 ut
2879 1195 2961 1263 de
3004 1197 3480 1281 orthographia
3521 1199 3691 1264 nihil
3735 1199 4047 1266 dicamus.

919 1310 1071 1376 Non
1112 1311 1336 1375 minus
1380 1309 1824 1376 memorabilis
1870 1317 1973 1375 est
2015 1310 2213 1377 tertia
2254 1308 2578 1393 quaedam
2618 1308 3041 1376 Psalmorum
3084 1308 3472 1393 gallicorum
3515 1308 3716 1376 editio
3729 1362 3747 1392 ,
3803 1312 3992 1378 cuius
4035 1310 4437 1378 mentionem
4479 1330 4649 1375 non-

606 1422 768 1488 dum
809 1422 1100 1501 fecimus,
1144 1421 1300 1505 quia
1339 1426 1606 1505 praeter
1648 1418 1812 1487 haec
1859 1422 2157 1487 carmina
2196 1421 2367 1487 nihil
2412 1421 2724 1487 continet.
2815 1421 3082 1486 Titulus
3123 1428 3243 1487 est:
4733 1480 4748 1492 ,

915 1532 1097 1599 LES
1140 1530 1649 1599 PSEAVMES
1705 1534 1715 1612 Ι
1768 1531 1899 1598 DE
1944 1533 2334 1619 DAVID,1
2385 1534 2520 1599 Mis
2563 1554 2649 1598 en
2706 1533 2952 1597 rithme
2994 1532 3382 1619 Franeoyse
3423 1553 3546 1617 par
3600 1533 3608 1621 1
3660 1524 3968 1601 Clement
4009 1536 4249 1602 Marot.
4291 1536 4302 1618 Ι
4632 1534 4645 1623 Ι

598 1652 853 1711 PSEAV.
918 1654 1168 1710 LXVIII.
1239 1651 1249 1722 1
1309 1642 1526 1723 Vous,
1585 1646 1698 1727 qui
1756 1652 1929 1711 estes
1983 1643 2065 1709 de
2130 1646 2197 1710 la
2254 1666 2481 1711 source
2543 1644 2602 1710 d’
2607 1644 2843 1710 Israel:
2901 1643 3198 1710 benissez
3253 1644 3263 1730 Ι
3315 1667 3385 1710 08
3442 1649 3948 1774 congregatione
4007 1647 4215 1728 Dieu,
4270 1648 4384 1731 qui
4428 1654 4531 1712 est
4580 1647 4646 1712 10

572 1754 948 1841 ‚Seigneun
1004 1756 1016 1842 Ι
1236 1814 1247 1825 .
1393 1757 1404 1840 Ι
1454 1765 1827 1821 IMPRIMEZ
1870 1768 1923 1821 A
1966 1766 2269 1822 GENEVE
2320 1757 2329 1843 Ι
2375 1757 2515 1823 Ρο1
2556 1757 2723 1822 Iean
2767 1755 3033 1822 Girard.
3088 1755 3098 1844 Ι
3153 1760 3341 1823 1547.

630 1936 639 1943 ,
907 1868 1157 1934 Forma
1222 1873 1326 1934 est
1385 1866 1691 1948 minima,
1762 1868 2229 1952 quaterniones
2281 1875 2442 1935 sunt
2485 1867 2713 1935 decem
2772 1872 2934 1952 (a-—-
2950 1869 3092 1952 lr),.
3120 1868 3280 1933 folia
3322 1870 3661 1954 octoginta
3702 1892 3839 1937 non
3882 1878 4251 1937 numerata.
4339 1870 4648 1937 Pertinet
4685 1902 4711 1969 ⁴.

600 2000 760 2065 ergo
805 1981 916 2046 1110
956 1979 1219 2046 libellus
1262 1979 1667 2058 rarissimus,
1729 1980 1916 2045 euius
1961 1979 2302 2063 exemplar
2343 1988 2606 2063 praeter
2648 1988 2952 2046 nostrum
2996 1974 3258 2047 nullum
3299 1978 3615 2060 vidimus,
3664 1981 3747 2047 ad
3792 1981 4289 2050 Oatechismum
4325 1983 4647 2068 gallicum

597 2112 655 2156 a.
711 2095 878 2157 1548
923 2098 993 2157 et
1034 2091 1350 2157 Formam
1407 2077 1703 2174 precum'
1738 2112 1795 2155 a.
1849 2094 2011 2155 1547
2060 2113 2226 2176 quos
2268 2090 2501 2157 eadem
2536 2092 2748 2158 forma
2797 2091 3160 2175 iisdemque
3215 2091 3395 2175 typis
3448 2092 3531 2159 ab
3578 2092 3809 2160 eodem
3853 2094 4141 2161 Girardo
4185 2095 4397 2162 editos
4443 2114 4643 2179 supra

599 2202 1083 2286 descripsimus.
1174 2201 1441 2268 Adsunt
1487 2209 1881 2286 argumenta
1924 2210 1993 2267 et
2036 2202 2337 2270 rubricae
2380 2202 2839 2287 praecedentis
2884 2203 3187 2269 editionis
3203 2254 3219 2282 ,
3261 2203 3485 2271 nullae
3528 2226 3689 2271 vero
3733 2212 3927 2272 notae
3970 2209 4275 2274 musicae.
4366 2206 4640 2287 Verum,

596 2306 775 2398 q'uod
814 2316 1105 2379 maxime
1147 2322 1373 2379 nostra
1412 2313 1711 2393 interest,
1757 2315 1829 2379 in
1869 2314 2033 2397 ipsis
2076 2314 2348 2397 psalmis
2391 2317 2617 2382 variae
2658 2322 3015 2382 occurrunt
3056 2315 3457 2381 mutationes
3501 2314 3583 2381 de
3626 2337 3911 2399 quarum
3946 2318 4177 2398 causis,
4214 2320 4344 2385 nisi
4378 2318 4644 2407 aliunde

593 2425 849 2501 lumen,
890 2423 1154 2510 aliquod
1218 2423 1571 2503 affulserit,
1656 2424 1836 2490 haud
1916 2426 2015 2491 ita
2086 2426 2281 2493 facile
2360 2428 2773 2494 satisfeceris.
2873 2427 3144 2493 Primae
3210 2425 3513 2493 editionis
3591 2426 3829 2511 psalmi
3913 2429 4022 2494 hic
4093 2451 4323 2497 omnes
4377 2436 4644 2508 exstant

601 2537 834 2622 (etiam
883 2536 1035 2621 113)
1077 2543 1342 2620 praeter
1382 2544 1665 2620 quatuor
1707 2537 1929 2603 hosce:
1981 2541 2083 2603 25.
2131 2541 2234 2604 46.
2288 2541 2389 2604 91.
2442 2541 2584 2604 138.
2653 2539 2765 2604 Ex
2807 2539 3078 2606 canticis
3122 2538 3410 2628 1000100
3447 2538 3716 2606 adiectis
3759 2539 4005 2607 adsunt
4044 2541 4279 2609 Oratio
4315 2541 4643 2609 dominica

598 2657 667 2715 et
706 2647 1108 2736 Symbolum
1172 2647 1635 2732 apostolieum,
1704 2668 1843 2713 non
1898 2669 2059 2715 vero
2104 2648 2437 2717 Simeonis
2488 2672 2703 2734 neque
2755 2649 3151 2734 Decalogus.
3241 2651 3377 2717 Pro
3422 2650 3662 2734 quibus
3715 2672 3835 2718 sex
3891 2654 4296 2721 carminibus
4350 2656 4484 2720 iam
4525 2675 4641 2719 ve-

597 2761 795 2827 niunt
836 2760 1124 2844 quinque
1165 2758 1362 2843 plane
1404 2781 1593 2840 nova,
1640 2767 1708 2826 et
1745 2768 2090 2844 praeterea
2132 2762 2505 2847 Decalogus
2549 2762 2663 2827 ille
2707 2783 2902 2847 quem
2945 2760 3232 2828 habebat
3274 2760 3473 2827 editio
3518 2766 4096 2847 argentoratensis.
4188 2764 4377 2847 Quae
4421 2766 4644 2831 0111010

594 2873 996 2939 recentiores
1040 2870 1193 2936 libri
1236 2891 1468 2936 omnes
1515 2872 1845 2955 expressis
1890 2872 2109 2941 verbis
2152 2872 2489 2939 Clementi
2531 2874 2792 2940 Mai-oto
2833 2871 3230 2953 inscribunt,
3278 2875 3749 2942 vetustioribus
3790 2875 3925 2942 illis
3959 2875 4345 2960 simpliciter
4384 2877 4640 2943 omissis

595 3004 813 3067 neque
853 3004 1150 3067 unquam
1186 2981 1474 3065 amplius
1518 2983 2007 3068 apparentibus.
2098 2983 2425 3051 Similiter
2481 2985 2797 3070 leguntur
2859 2985 2930 3050 in
2983 2991 3207 3051 nostro
3249 2983 3467 3051 libello
3510 2985 3561 3051 ii
3602 2987 3843 3069 psalmi
3898 3007 4063 3071 quos
4112 2989 4326 3072 prima
4370 2987 4642 3057 dederat
4725 3034 4738 3045 ·

596 3086 799 3162 editio
860 3094 1451 3181 argentoratensis,
1503 3097 1794 3182 exceptis
1837 3096 1944 3164 1118
1986 3103 2303 3182 quatuor:
2353 3102 2457 3164 43.
2507 3102 2655 3164 113.
2708 3101 2847 3164 120.
2903 3101 3043 3163 142.
3130 3098 3242 3164 Ex
3292 3097 3400 3165 his
3452 3100 3527 3165 in
3580 3098 3707 3165 hac
3759 3108 3991 3166 nostra
4046 3099 4329 3166 editione
4368 3102 4638 3166 omnino

596 3206 1058 3277 desiderantur
1107 3210 1230 3273 120
1274 3214 1344 3274 et
1394 3210 1531 3288 142,
1578 3230 1698 3294 pro
1748 3213 1889 3292 113,
1935 3217 2011 3276 ut
2052 3209 2186 3277 iam
2228 3209 2540 3290 diximus,
2586 3210 2874 3279 occurrit
2913 3209 3212 3294 psalmus
3256 3232 3341 3278 ex
3386 3191 3674 3278 editione
3717 3212 4012 3297 principe
4056 3213 4372 3296 repetitus
4388 3264 4406 3293 ,
4451 3210 4638 3279 deni-

597 3342 726 3405 que
767 3320 1010 3405 psalmi
1056 3323 1140 3386 43
1181 3339 1356 3388 nova
1407 3319 1519 3387 hic
1563 3319 1760 3387 datur
1812 3321 2028 3390 versio
2071 3344 2241 3407 quae
2282 3321 2592 3406 deinceps
2648 3322 2723 3388 in
2766 3320 3072 3389 omnibus
3112 3321 3299 3390 libris
3342 3322 3483 3389 sola
3524 3316 3807 3408 recurrit
3849 3322 3950 3391 01.
3995 3324 4258 3392 Maroto
4298 3325 4636 3409 inscripta.

595 3431 813 3499 Abest
866 3452 1122 3518 quoque
1180 3415 1505 3499 Salutatio
1561 3431 1829 3500 Ohristo
1885 3441 2170 3501 cantata.
2259 3435 2566 3520 Denique
2617 3435 3009 3502 inseruntur
3043 3441 3187 3516 ‚tres
3228 3434 3472 3520 psalmi
3518 3443 3718 3501 antea
3757 3457 3894 3502 non
3938 3435 4129 3502 editi:
4192 3441 4289 3501 18.
4339 3439 4443 3501 45.
4494 3442 4633 3501 107.

596 3541 779 3614 Sunt
819 3559 978 3632 ergo
1016 3545 1089 3611 in
1146 3565 1408 3612 summa
1456 3543 1699 3629 psalmi
1740 3545 2126 3628 marotiani,
2182 3553 2412 3631 postea
2466 3568 2730 3632 semper
2781 3546 2997 3615 recusi
3053 3552 3121 3614 et
3164 3546 3415 3613 autoris
3472 3547 3738 3614 nomine
3784 3548 4030 3629 ornati,
4087 3547 4530 3633 quadraginta
4571 3552 4639 3612 et
4729 3549 4738 3556 ’

593 3678 865 3724 novem:
931 3661 961 3722 l
1011 3656 1098 3724 ad
1149 3662 1243 3722 15.
1297 3660 1396 3721 18.
1450 3662 1550 3724 19.
1598 3660 1679 3721 22
1724 3655 1811 3724 011
1855 3661 1957 3726 25.
2004 3661 2109 3724 32.
2160 3663 2260 3726 33.
2321 3663 2402 3724 36
2449 3659 2535 3725 ad
2578 3662 2837 3725 38.·43.
2894 3664 2998 3725 45.
3044 3663 3149 3724 46.
3185 3663 3299 3724 50.
3349 3661 3449 3724 51.
3500 3663 3600 3724 72.
3651 3663 3751 3725 79.
3797 3663 3901 3725 86.
3951 3663 4052 3725 91.
4107 3663 4246 3725 101.
4299 3664 4439 3726 103.
4492 3664 4635 3740 104,

600 3774 743 3836 107.
796 3774 937 3836 110.
990 3772 1111 3833 113
1156 3766 1243 3834 ad
1291 3772 1433 3833 115.
1487 3774 1629 3834 118.
1684 3772 1825 3835 128.
1879 3774 2021 3836 130.
2075 3774 2214 3836 137.
2269 3775 2409 3837 138.
2463 3775 2605 3853 143,
2653 3780 2721 3837 et
2761 3773 2856 3839 sic
2900 3770 3331 3857 corrigendus
3372 3772 3452 3838 P.
3495 3770 3767 3857 Hemy,
3825 3771 3940 3856 qui
3994 3771 4067 3836 in
4111 3770 4273 3837 Vita
4325 3793 4449 3838 sua
4488 3771 4638 3840 Oal-
4683 3829 4692 3834 -

594 3883 739 3948 vini
783 3882 857 3947 Τ.
895 3880 987 3946 11.
1032 3881 1205 3965 App.
1253 3900 1315 3964 p.
1366 3884 1448 3943 70
1493 3901 1577 3946 ex
1621 3888 1812 3965 parte
1857 3881 2017 3948 alios
2060 3903 2376 3950 numeros
2422 3888 2736 3950 recenset.
2823 3884 3012 3951 Inter
3050 3884 3200 3951 illos
3241 3865 3537 3967 psalmos
3581 3890 3739 3950 sunt
3781 3902 3900 3950 sex
3943 3887 4142 3949 antea
4176 3882 4258 3949 ab
4303 3883 4432 3950 alio
4473 3905 4637 3968 quo-

596 3992 750 4060 dam
793 3999 987 4077 poeta
1030 3992 1238 4060 versi:
1284 3993 1388 4056 25.
1434 3994 1540 4056 46.
1587 3996 1689 4057 91.
1737 3997 1859 4058 138
1901 3995 1975 4059 in
2019 3993 2166 4061 edd.
2219 3998 2381 4060 1542
2429 4000 2497 4061 et
2549 3998 2731 4076 1545,
2776 4003 2922 4061 tum
2965 4000 3047 4061 43
3094 4003 3161 4062 et
3210 3999 3330 4060 113
3375 3995 3449 4060 in
3490 3995 3633 4061 sola
3674 3994 3798 4062 hac
3840 3996 4221 4080 posteriore.
4306 3995 4634 4062 Nolumus

576 4117 814 4171 tamen
855 4105 1385 4189 praetermittere
1426 4103 1763 4188 psalmum
1820 4108 1901 4170 36
1961 4126 2136 4173 nova
2179 4108 2314 4173 iam
2356 4105 2429 4173 in
2472 4106 2598 4175 hac
2644 4107 2932 4175 editione
2976 4107 3296 4174 donatum
3350 4127 3493 4188 esse
3538 4108 3844 4173 versione
3860 4159 3877 4187 ,
3938 4108 4152 4174 eidem
4193 4106 4461 4191 quidem
4502 4127 4633 4193 quo

586 4225 787 4284 antea
827 4222 1038 4283 metro
1054 4257 1063 4268 ·
1079 4214 1413 4296 adstricta,
1460 4222 1792 4282 caeterum
1834 4217 2035 4301 plane
2079 4218 2226 4284 alia.

901 4305 1163 4411 Quibus
1206 4335 1434 4411 postea
1478 4335 1899 4395 accesserunt
1952 4329 2197 4415 psalmi
2255 4351 2296 4398 a
2339 4330 2686 4397 Theodoro
2730 4333 2910 4398 Beza
2963 4331 3200 4418 gallico
3243 4338 3458 4397 metro
3504 4330 3757 4410 donati,
3810 4338 3876 4397 et
3917 4330 4074 4398 inde
4118 4330 4202 4396 ab
4243 4352 4415 4397 0000
4465 4335 4630 4397 1552

586 4442 699 4510 vel
759 4445 925 4507 1553
985 4439 1301 4524 evulgati.
1406 4439 1736 4507 Editionis
1802 4441 2071 4525 quidem
2136 4442 2455 4527 principis
2523 4462 2752 4510 eorum
2805 4443 3070 4510 nullum
3123 4441 3412 4511 vidimus
3482 4442 3849 4526 exemplar,
3907 4445 4359 4528 praemittitur
4411 4454 4635 4511 tamen

571 4554 1047 4639 posterioribus
1092 4551 1416 4619 dedicatio
1458 4551 1674 4618 Bezae
1716 4553 2055 4621 Ecclesiae
2099 4553 2376 4621 Domini
2427 4556 2744 4640 inscripta
2795 4557 3225 4640 versibusque
3281 4552 3580 4620 iambicis
3644 4561 3958 4638 concepta
4002 4562 4069 4620 et
4129 4556 4230 4622 sie
4264 4554 4626 4640 incipiens:

582 4667 818 4734 Petit
859 4656 1264 4749 troupeau
1302 4665 1440 4748 qui
1482 4685 1583 4730 00
1626 4673 1706 4732 ta
1749 4666 2194 4751 petitesse,
2240 4667 2313 4731 in
2353 4687 2481 4750 quo
2524 4668 2774 4733 mentio
2815 4669 2894 4735 fit
2935 4667 3232 4734 Eduardi
3274 4666 3398 4732 VI.
3443 4665 3652 4750 Regis
3696 4665 4096 4734 Britanniae.
4143 4664 4360 4733 adhue
4403 4688 4632 4752 super-

584 4779 781 4858 stitis,
825 4779 935 4862 qui
980 4776 1041 4844 d.
1090 4780 1147 4843 6.
1196 4775 1355 4843 Iulii
1405 4779 1567 4842 1553
1615 4777 1780 4845 obiit
1824 4778 1955 4865 (Of.
2004 4778 2275 4845 Baumii
2316 4777 2552 4845 Vitam
2595 4780 2815 4846 Bezae
2866 4780 2920 4846 I.
2973 4780 3148 4866 184).
3234 4779 3390 4845 Non
3445 4784 3667 4843 autem
3723 4797 3952 4845 omnes
4003 4778 4294 4863 psalmos
4337 4800 4414 4846 eo
4455 4800 4632 4849 anno

583 4913 628 4960 a
668 4891 850 4959 Beza
890 4889 1099 4957 editos
1140 4890 1347 4956 fuisse
1390 4896 1574 4972 patet
1626 4912 1713 4956 ex
1769 4911 1848 4957 eo
1894 4890 2257 4976 exemplari
2300 4890 2478 4977 quod
2535 4890 2848 4958 describit
2889 4893 2973 4957 V.
3017 4892 3104 4958 D.
3152 4889 3430 4958 Carolus
3487 4888 3676 4955 Read
3729 4891 3805 4955 in
3862 4890 4071 4956 diario
4110 4891 4490 4958 Bulletin
4535 4891 4632 4958 de

584 5004 669 5072 la
711 5002 1044 5071 Societe
1089 5000 1184 5067 de
1226 5001 1646 5069 l'histoire
1692 5001 1796 5068 du
1829 5004 2525 5087 protestantisme
2559 5003 2936 5098 ‘franqais
2976 5001 3161 5069 Tem.
3206 5002 3261 5067 Ι.
3305 5024 3369 5087 p.
3418 5006 3520 5067 94.
3585 5001 3848 5068 Prodiit
3888 5000 4055 5068 illud
4091 5002 4410 5070 Genevae
4448 5003 4629 5089 apud

588 5115 755 5185 Sim.
802 5111 893 5180 du
934 5115 1109 5181 Bosc
1159 5116 1322 5179 1556
1377 5114 1591 5180 forma
1645 5115 1925 5186 minima
1965 5114 2089 5181 hoe
2132 5115 2353 5181 titulo:
2415 5113 2968 5183 Setanteneuf
3011 5115 3453 5182 Pseaumes
3496 5114 3651 5182 mis
3697 5136 3789 5182 en
3835 5115 4139 5182 rithme
4181 5115 4626 5195 franceise,

588 5226 1210 5314 quaranteneuf
1265 5247 1411 5309 par
1473 5224 1583 5294 01.
1651 5227 1921 5293 Marot
1986 5248 2179 5294 avec
2242 5226 2319 5294 le
2379 5228 2770 5312 cautique
2837 5226 2932 5293 de
2989 5225 3320 5293 Simeon
3385 5233 3468 5294 et
3521 5227 3648 5293 les
3709 5226 3843 5293 dix
3900 5225 4629 5294 commendemens.

589 5340 804 5408 Paulo
846 5338 1071 5423 plures
1111 5337 1357 5422 psalmi
1396 5325 1629 5404 bezani
1672 5344 1939 5405 exstant
1983 5338 2067 5404 ad
2110 5331 2355 5406 calcem
2393 5338 2764 5405 Bibliorum
2810 5359 2865 5404 a.
2917 5342 3081 5404 1559
3127 5338 3454 5406 editorum
3493 5337 3859 5424 dequibus
3893 5360 4096 5426 supra
4136 5341 4270 5405 iam
4311 5337 4629 5423 diximus,
