4999 6179
578 457 712 523 483

583 645 1156 811 {dssduffdu‘ditw
1197 725 1495 792 Rideant
1535 746 1695 810 ergo
1739 731 2035 790 nostram
2080 725 2425 803 rationem,
2470 730 2551 789 ut

588 815 844 894 volent,
933 812 1331 890 adversarii,
1408 811 1582 895 quod
1658 810 1962 894 populari
2031 810 2262 894 lingua
2325 811 2549 876 Deum

585 898 1032 968 communiter
1086 919 1316 964 omnes
1370 898 1443 963 in
1505 897 1797 963 ecclesiis
1863 898 2106 962 nostris
2170 903 2546 979 precantur,

584 985 755 1071 qued
802 985 1094 1070 psalmos
1137 985 1267 1049 viri
1310 989 1379 1049 et
1420 983 1733 1049 mulieres
1777 981 2235 1048 indifferenter
2278 987 2545 1058 canunt,

583 1072 778 1137 modo
832 1093 870 1137 e
924 1071 1104 1138 coele
1172 1070 1449 1155 spiritus
1517 1077 1785 1134 sanctus
1850 1069 2298 1134 testimoninm
2357 1068 2547 1132 nobis

583 1157 847 1236 reddat,
894 1157 1201 1222 confusas
1245 1174 1403 1222 vero
1448 1155 1590 1221 sine
1631 1163 1854 1220 mente
1900 1174 2128 1232 voces,
2175 1174 2345 1238 quae
2389 1152 2549 1219 alibi

582 1244 893 1322 eduntur,
937 1240 1255 1326 repudiet.

756 1328 841 1392 In
898 1328 1108 1393 altera
1150 1326 1506 1410 praecipua
1548 1324 1883 1392 doctrinae
1927 1333 2146 1408 parte,
2204 1346 2334 1407 qua
2375 1330 2549 1389 trac-

586 1422 767 1479 tatur
821 1414 936 1478 ubi
993 1414 1122 1479 sita
1178 1414 1265 1496 sit
1320 1413 1666 1477 hominum
1720 1411 1900 1477 salus
1964 1420 2032 1477 et
2097 1434 2228 1494 qua
2290 1412 2400 1477 via
2463 1409 2547 1474 ad

582 1520 730 1565 eam
789 1501 1140 1582 pervenire
1194 1500 1477 1582 possint,
1544 1496 1793 1563 multae
1858 1499 2274 1580 quaestiones
2337 1496 2548 1563 conti-

584 1591 846 1650 nentur.
935 1585 1110 1650 Nam
1164 1606 1369 1668 quum
1424 1584 1765 1649 hominem
1824 1584 2166 1649 iubeamus
2231 1589 2422 1648 extra
2476 1603 2549 1647 se

585 1672 840 1755 ipsum,
882 1675 1033 1750 [pag.
1077 1677 1185 1752 49]
1228 1669 1356 1736 hoe
1402 1677 1532 1750 est,
1580 1670 1655 1734 in
1699 1670 1835 1736 solo
1879 1669 2177 1749 Christe,
2224 1668 2548 1735 iustitiam

584 1763 656 1821 et
696 1758 908 1822 vitam
941 1778 1287 1840 quaerere,
1339 1756 1496 1840 quia
1546 1776 1752 1840 penes
1807 1777 1876 1822 00
1919 1756 2089 1821 nihil
2146 1755 2273 1820 nisi
2319 1774 2549 1838 pecca-

588 1849 734 1907 tum
793 1851 861 1908 et
912 1850 1194 1907 mortem
1249 1841 1519 1907 habeat:
1590 1843 1880 1925 primum
1936 1842 2127 1907 nobis
2194 1841 2276 1906 de
2341 1840 2548 1905 libere

587 1928 860 1993 arbitrio
897 1928 1170 2011 eiusque
1211 1927 1630 1994 facultatibus
1668 1929 1965 1993 exoritur
1999 1938 2347 1994 certamen.
2424 1927 2551 1991 Et-

589 2015 771 2079 enim
816 2016 875 2079 si
918 2013 1077 2097 quid
1121 2034 1239 2096 per
1281 2035 1353 2080 00
1408 2013 1628 2079 valeat
1669 2013 1865 2079 homo
1909 2014 1995 2080 ad
2039 2012 2550 2097 promerendum

591 2100 845 2180 Deum,
902 2100 1036 2165 iam
1081 2121 1217 2164 non
1270 2100 1339 2165 in
1384 2098 1668 2165 solidum
1712 2100 1992 2166 salutem
2036 2098 2291 2164 Christi
2337 2099 2553 2182 gratia

590 2193 1045 2268 consequetur,
1094 2185 1210 2250 sed
1254 2194 1509 2269 partem
1543 2186 1689 2269 ipse
1732 2186 1858 2252 sibi
1900 2186 2170 2252 confert.
2250 2183 2551 2248 Rursum

588 2271 647 2335 si
689 2279 832 2336 tota
886 2271 1066 2337 salus
1101 2271 1356 2338 Christi
1413 2273 1665 2356 gratiae
1710 2271 1993 2336 refertur
2037 2277 2334 2354 accepta,
2380 2269 2551 2334 nihil

588 2356 844 2421 homini
886 2358 966 2421 fit
1017 2357 1374 2440 reliquum,
1429 2378 1559 2440 que
1614 2357 1740 2422 sibi
1794 2360 1964 2440 ipse,
2013 2366 2246 2440 suapte
2300 2355 2551 2422 scilicet

589 2443 850 2521 virtute,
889 2443 972 2507 ad
1013 2443 1522 2525 comparandam
1559 2443 1839 2507 salutem
1873 2442 2248 2525 opituletur.
2319 2442 2547 2507 Nostri

585 2536 809 2594 autem
846 2528 1210 2594 adversarii
1246 2531 1340 2594 010
1375 2529 1713 2592 hominem
1748 2550 1788 2592 a
1822 2530 2060 2610 spiritu
2096 2537 2325 2595 sancto
2361 2527 2547 2593 adiu-

585 2616 730 2680 vari
788 2615 873 2679 ad
929 2615 1097 2680 bene
1152 2613 1484 2697 agendum
1537 2612 1938 2694 concedunt,
2010 2621 2085 2679 ut
2137 2621 2393 2699 partem
2445 2615 2549 2679 illi

585 2700 1018 2765 nihilominus
1071 2699 1430 2765 vindicent.
1529 2699 1676 2764 Hoc
1728 2698 1878 2765 ideo
1931 2703 2038 2780 fit,
2093 2703 2279 2784 quia,
2336 2722 2545 2783 quan-

583 2798 726 2849 tum
781 2808 865 2850 ex
919 2785 1122 2868 primi
1178 2786 1473 2868 parentis
1517 2785 1709 2868 lapsu
1762 2787 2086 2853 inflictum
2141 2788 2229 2853 sit
2271 2795 2546 2851 naturae

583 2879 850 2936 nostrae
892 2871 1168 2949 vulnus,
1228 2891 1364 2935 non
1419 2873 1804 2954 percipiunt.
1895 2874 2224 2938 Fatentur
2276 2872 2544 2957 quidem

583 2955 926 3022 nobiscum
981 2965 1322 3038 peccatum
1371 2957 1722 3040 originale:
1779 2959 1895 3025 sed
1938 2960 2076 3027 vim
2133 2961 2273 3025 eius
2316 2967 2546 3042 postca

582 3050 973 3121 extenuant,
1041 3064 1245 3126 quum
1297 3042 1670 3111 debilitates
1731 3044 1925 3111 modo
1988 3047 2193 3114 fuisse
2255 3045 2544 3112 hominis

582 3131 759 3196 vires
819 3128 1262 3209 arbitrantur,
1332 3153 1468 3196 non
1536 3140 1753 3197 autem
1792 3153 2061 3215 prorsus
2124 3134 2538 3216 depravatas.

577 3215 811 3299 Itaque
857 3216 1203 3296 definiunt,
1250 3217 1585 3282 hominem
1630 3219 1934 3303 originali
1978 3221 2393 3304 corruptione
2435 3220 2540 3283 in-

576 3302 852 3379 fectum,
923 3324 1059 3367 non
1116 3304 1418 3370 sufficere
1487 3304 1753 3388 quidem
1811 3303 1892 3370 ad
1960 3305 2126 3372 bene
2187 3305 2538 3390 agendum,

576 3394 849 3471 propter
898 3388 1146 3453 virium
1211 3391 1692 3456 infirmitatem:
1757 3390 2059 3458 adiutum
2126 3400 2349 3458 autem
2405 3391 2541 3457 Dei

575 3473 792 3557 gratia
846 3473 1092 3540 habere
1146 3475 1399 3559 aliquid
1449 3479 1795 3561 proprium
1851 3485 1920 3543 et
1965 3501 2005 3545 a
2048 3501 2119 3545 se
2172 3480 2315 3563 ipso
2359 3478 2538 3563 quod

569 3560 880 3624 conferat.
972 3560 1112 3625 Nos
1166 3583 1325 3627 vero
1378 3565 1640 3629 tametsi
1684 3563 2021 3630 hominem
2067 3572 2300 3648 sponte
2344 3574 2413 3630 et
2453 3565 2536 3629 11-

564 3645 727 3711 bera
759 3646 1102 3711 voluntate
1146 3669 1343 3731 agere
1380 3670 1511 3713 non
1557 3649 1935 3729 diffitemur,
1982 3673 2180 3734 quum
2225 3673 2265 3716 a
2299 3652 2535 3734 spiritu

568 3747 796 3798 sancte
817 3733 1098 3817 regitur,
1133 3755 1210 3799 ea
1231 3743 1457 3799 tamen
1484 3737 1810 3819 pravitate
1844 3739 2165 3803 imbutam
2192 3759 2335 3803 esse
2357 3758 2534 3802 asse-

569 3819 777 3884 rimus
800 3825 1007 3883 totam
1031 3820 1175 3885 eius
1211 3828 1538 3899 naturam,
1573 3831 1651 3886 ut
1672 3821 1755 3886 ad
1777 3823 1944 3889 bene
1978 3822 2305 3908 agendum
2344 3845 2533 3907 pror-

569 3924 682 3968 sus
721 3904 809 3970 sit
843 3926 882 3969 a
905 3926 977 3971 se
1012 3906 1157 3989 ipse
1183 3906 1456 3972 inutilis.
1517 3907 1624 3974 De
1661 3928 1737 3973 eo
1771 3929 1927 3995 ergo
1959 3917 2220 3975 tantum
2257 3910 2532 3975 disside-

566 4010 719 4055 mus
754 3990 837 4055 ab
879 3992 978 4070 iis,
1023 3992 1138 4075 qui
1172 4014 1243 4058 se
1282 3991 1615 4059 doctrinae
1649 3999 1917 4062 nostrae
1950 4004 2314 4080 opponunt:
2359 3996 2533 4080 quod

563 4097 769 4158 quum
802 4076 902 4141 illi
938 4099 1151 4161 neque
1193 4077 1529 4145 hominem
1568 4082 1731 4148 satis
1772 4083 2141 4163 humilient,
2185 4105 2309 4149 nec
2342 4104 2530 4168 rege-

562 4164 921 4228 nerationis
976 4164 1371 4230 beneficium
1432 4188 1554 4251 pro
1612 4166 1933 4253 dignitate
1979 4176 2126 4249 [pag.
2165 4176 2273 4251 50]
2319 4169 2530 4235 extol·

562 4248 733 4328 lant,
780 4248 1119 4315 hominem
1162 4252 1257 4315 ita
1301 4256 1816 4334 prosternimus,
1861 4264 1939 4320 ut
1979 4256 2051 4321 in
2095 4256 2384 4320 nihilum
2423 4278 2529 4321 re·

560 4333 824 4415 dactus,
884 4335 1058 4418 quod
1104 4334 1186 4401 ad
1232 4339 1645 4420 spiritualem
1691 4341 2011 4407 iustitiam
2067 4342 2331 4419 attinet,
2391 4363 2530 4407 non

559 4428 815 4504 partem
858 4419 974 4486 sed
1015 4422 1496 4504 plenitudinem
1537 4426 1827 4493 iustitiae
1872 4439 2095 4512 petere
2131 4449 2171 4493 a
2204 4428 2349 4494 Deo
2394 4428 2528 4495 dis-

558 4514 682 4574 cat.
773 4506 1101 4573 Videmur
1142 4510 1311 4576 forte
1371 4510 1763 4593 quibusdam
1805 4536 2042 4598 parum
2085 4515 2311 4598 aequis
2354 4515 2527 4581 iudi-

557 4595 743 4661 cibus
786 4592 1055 4659 modum
1116 4597 1452 4663 excedere.
1527 4598 1665 4664 Sed
1712 4601 1875 4665 nihil
1919 4603 1991 4666 in
2027 4600 2328 4668 doctrina
2369 4622 2527 4669 nos-

557 4688 666 4745 tra
708 4688 825 4744 aut
870 4678 1270 4762 absurdum,
1330 4697 1445 4749 aut
1490 4684 2015 4767 dissentaneum,
2068 4708 2190 4754 nec
2237 4709 2278 4753 a
2320 4690 2527 4755 sacris

555 4766 901 4847 scripturis
921 4816 938 4843 ,
1000 4787 1124 4833 nec
1179 4790 1220 4834 a
1268 4773 1601 4837 communi
1645 4774 1887 4840 veteris
1940 4774 2251 4840 eeclesiae
2308 4794 2526 4840 sensu.

560 4848 747 4932 Quin
790 4854 991 4916 etiam
1041 4854 1125 4920 ad
1166 4854 1441 4923 verbum
1480 4877 1564 4923 ex
1588 4879 1702 4924 ore
1723 4860 2090 4945 Augustini
2134 4861 2527 4927 confirmare

557 4936 741 5001 nullo
825 4940 1092 5023 negotio
1160 4942 1384 5024 liceat,
1481 4943 1798 5030 quidquid
1858 4947 2204 5013 tradimus.
2291 4946 2527 5030 Itaque

553 5022 927 5107 complures
981 5047 1068 5092 ex
1124 5029 1236 5110 iis,
1302 5029 1419 5115 qui
1477 5051 1639 5117 erga
1693 5054 1958 5100 causam
2009 5040 2304 5099 nostram
2362 5033 2527 5098 alias

696 5318 755 5383 1)
794 5318 968 5374 ducit:
1004 5319 1092 5373 sic
1114 5322 1420 5379 mendam}
1453 5324 1624 5395 Besa,
1659 5331 1828 5381 antea
1852 5324 2156 5394 kqebamr:
2192 5324 2335 5380 dicit.
2391 5323 2524 5379 Gaz-

533 5392 643 5446 lue
674 5388 950 5443 luteo-nbc
983 5390 1184 5445 vertit.-
1218 5394 1415 5449 reiette
1449 5411 1593 5464 pour
1623 5411 1732 5451 une
1767 5393 2061 5450 absumite.

2199 449 2330 517 DE
2374 446 3015 518 NECESSITATE

4484 449 4614 513 484

1156 645 1338 718 rent,
1410 638 1586 723 quod
1638 638 1892 705 Paulus
1946 658 2066 722 pro
2117 658 2376 704 summo
2430 637 2547 702 ab·
2648 636 2822 702 male
2869 635 3091 701 affecti
3138 643 3326 714 sunt,
3382 633 3553 718 qued
3594 633 3801 718 'paulo
3853 633 4113 699 saniore
4159 641 4314 699 sunt
4353 632 4616 714 iudicio,

2651 721 3096 788 contradicere
3138 720 3209 786 in
3254 720 3380 785 hac
3423 730 3609 804 parte
3654 719 3840 785 nobis
3885 741 4019 784 non
4062 721 4323 786 audent.
4416 719 4617 787 Certe

2652 808 2822 873 nihil
2881 806 2965 873 ab
3008 808 3156 874 aliis
3210 807 3609 885 differimus,
3672 807 3848 873 sicut
3889 806 4058 886 dixi,
4104 807 4240 871 nisi
4282 804 4458 889 quod
4496 829 4620 874 nos

2651 894 2987 959 hominem
3005 946 3019 972 ‚
3086 893 3348 977 inopiae
3403 894 3955 976 impotentiaeque
4010 914 4165 958 suae
4219 894 4614 974 convictum,

2652 980 2892 1045 melius
2928 977 3011 1044 ad
3047 1000 3279 1045 veram
3316 979 3760 1044 humilitatem
3803 976 4161 1058 erudimus,
4208 989 4286 1043 ut
4317 978 4618 1046 abdicata

2652 1067 2723 1129 in
2768 1075 2982 1130 totum
3026 1068 3129 1132 sui
3170 1063 3415 1132 fiducia
3454 1066 3526 1129 in
3563 1066 3781 1130 Deum
3824 1072 4001 1130 totus
4042 1066 4383 1132 recumbat
4394 1089 4411 1145 ;
4453 1068 4617 1132 item

2654 1152 2738 1217 ad
2783 1152 3282 1236 gratitudinem,
3329 1159 3406 1216 ut
3448 1152 3577 1217 Dei
3618 1151 4090 1216 beneficentiae
4134 1151 4450 1235 quidquid
4493 1152 4616 1218 ha-

2655 1237 2764 1302 bet
2805 1238 2962 1303 boni
3006 1238 3463 1316 transscribat,
3523 1237 3693 1303 sicut
3735 1258 3969 1302 revera
4021 1237 4102 1303 ab
4142 1239 4285 1321 ipso
4328 1247 4454 1303 est:
4515 1238 4615 1303 illi

2655 1344 2813 1389 vero
2858 1345 3175 1407 perversa
3248 1325 3506 1406 ropriae
3550 1324 3820 1389 virtutis
3864 1323 4171 1408 opinione
4214 1323 4615 1389 inebriatum

2652 1411 3090 1492 praecipitant
3125 1432 3163 1475 a
3244 1411 3523 1488 ruinam,
3560 1417 3628 1474 et
3662 1410 3865 1491 impia
3899 1409 4214 1482 adversus
4249 1411 4469 1476 Deum
4505 1432 4614 1476 ar-

2653 1498 2957 1580 rogantia
3000 1498 3271 1576 inflant,
3329 1517 3413 1561 ne
3457 1495 3584 1562 sibi
3624 1497 3844 1560 minus
3895 1515 4094 1594 quam
4135 1494 4283 1561 Deo
4321 1497 4617 1563 iustitiae

2655 1582 2934 1666 gloriam
2979 1584 3288 1666 assignet.
3378 1580 3657 1649 Accedit
3699 1591 3767 1647 et
3801 1589 4075 1646 tertium
4117 1582 4389 1661 malum,
4435 1582 4615 1666 quod

2654 1673 2829 1733 totae
2883 1689 3115 1733 eorum
3170 1668 3250 1734 de
3316 1679 3595 1733 naturae
3667 1668 4086 1751 corruptione
4138 1668 4615 1752 disputationes

2653 1755 2723 1818 in
2762 1755 3190 1820 crassioribus
3228 1754 3444 1820 carnis
3480 1751 4024 1837 concupiscentiis
4058 1756 4195 1820 fere
4230 1754 4610 1820 subsidunt:

2652 1840 3002 1905 interiores
3043 1861 3201 1906 vero
3245 1840 3533 1917 morbos,
3591 1841 3701 1924 qui
3743 1841 3938 1924 longe
3980 1848 4138 1906 sunt
4180 1840 4612 1923 capitaliores,

2655 1947 2787 1991 non
2829 1929 3188 2011 attingunt.
3278 1927 3386 1994 Ita
3421 1928 3514 2005 fit,
3565 1935 3643 1992 ut
3685 1928 3795 2009 qui
3829 1927 3898 1991 in
3932 1948 4158 1991 eorum
4194 1927 4418 1992 schola
4455 1938 4616 1994 sunt

2651 2013 2946 2077 instituti
3000 2015 3072 2076 in
3128 2014 3483 2078 teterrimis
3547 2014 3846 2096 peccatis,
3905 2013 4097 2078 modo
4155 2014 4289 2078 sint
4336 2014 4611 2093 occulta,

2654 2096 2779 2162 sibi
2825 2120 3052 2165 secure
3094 2100 3455 2182 ignoscant,
3500 2099 3688 2183 quasi
3731 2099 3904 2163 nihil
3944 2107 4231 2182 peccent.

2827 2184 3144 2267 Sequitur
3196 2192 3424 2269 postea
3477 2185 3772 2267 quaestio
3826 2184 3907 2250 de
3946 2205 4221 2269 operum
4262 2186 4495 2250 merito
4534 2205 4613 2251 ac

2657 2275 2806 2351 [pag.
2856 2274 2964 2350 δι]
3026 2270 3364 2354 dignitate.
3453 2271 3591 2336 Nos
3644 2292 3802 2337 vero
3846 2281 3914 2337 et
3958 2272 4129 2336 bona
4170 2292 4369 2354 opera
4414 2292 4610 2337 orna-

2656 2378 2801 2421 mus
2845 2357 3022 2423 voris
3066 2356 3402 2436 laudibus,
3447 2378 3660 2440 neque
3703 2378 4020 2442 negamus
4063 2358 4433 2423 mercedem
4475 2357 4613 2424 illis

2654 2444 3007 2524 repositam
3063 2464 3209 2508 csse
3266 2443 3442 2526 apud
3487 2444 3724 2508 Deum.
3817 2442 3953 2510 Sed
4008 2445 4222 2508 tribus
4280 2444 4610 2527 exceptio-

2653 2529 2852 2594 nibus
2896 2529 3176 2606 utimur,
3231 2530 3303 2594 in
3362 2529 3600 2612 quibus
3649 2539 3825 2593 tetus
3881 2529 4381 2613 disputationis,
4440 2551 4613 2613 quae

2651 2614 2867 2680 adhuc
2911 2615 2993 2679 de
3040 2616 3381 2679 hominum
3427 2615 3642 2680 salute
3677 2614 3933 2699 reliqua
3974 2625 4106 2695 est,
4166 2616 4362 2683 cardo
4407 2618 4613 2683 verti-

2651 2709 2779 2765 tur.
2852 2701 3157 2765 Primum
3204 2700 3497 2779 dicimus,
3545 2701 4025 2784 qualiacunque
4067 2703 4202 2768 sint
4245 2702 4445 2769 ullius
4489 2702 4613 2767 ho-

2648 2787 2849 2852 minis
2892 2808 3107 2869 opera,
3154 2808 3286 2851 non
3331 2786 3595 2852 aliunde
3637 2796 3862 2852 tamen
3905 2789 4156 2853 iustum
4198 2811 4419 2855 coram
4463 2788 4616 2856 Deo

2647 2874 2932 2948 censeri,
2977 2893 3174 2955 quam
3218 2894 3302 2938 ex
3346 2874 3638 2957 gratuita
3681 2873 4141 2954 misericordia,
4188 2874 4360 2958 quod
4401 2877 4612 2956 Deus,

2647 2958 2814 3023 citra
2877 2959 3162 3041 aliquem
3225 2980 3499 3042 operum
3564 2968 3963 3042 respectum,
4044 2962 4253 3045 gratis
4317 2981 4471 3026 eum
4534 2962 4613 3029 in

2649 3044 2916 3111 Christo
2972 3045 3424 3129 amplectitur,
3485 3045 3739 3113 Christi
3779 3047 4103 3114 iustitiam
4142 3047 4244 3113 illi
4288 3054 4610 3132 tanquam

2645 3133 2979 3214 propriam
3021 3133 3426 3216 imputando.
3517 3134 3714 3199 Hanc
3757 3155 3878 3200 nos
3931 3134 4083 3199 fidei
4126 3134 4453 3200 iustitiam
4492 3158 4610 3201 vo-

2646 3239 2899 3283 camus:
2960 3239 3162 3301 quum
3221 3220 3415 3284 homo
3469 3219 3748 3299 scilicet,
3802 3242 4051 3287 vacuus
4106 3230 4174 3286 et
4229 3221 4611 3288 exinanitus

2644 3305 2825 3369 omni
2880 3325 3153 3388 operum
3205 3306 3474 3386 fiducia,
3542 3306 3714 3371 hane
3770 3307 3894 3372 sibi
3951 3308 4218 3372 unicam
4275 3308 4611 3373 rationem

2643 3412 2787 3456 esse
2831 3392 3093 3470 statuit,
3138 3412 3269 3474 qua
3310 3394 3458 3458 Deo
3502 3392 3591 3457 sit
3635 3402 3972 3476 acceptus,
4016 3414 4217 3477 quum
4260 3395 4607 3475 iustitiam,

2642 3497 2809 3560 quae
2843 3479 2966 3544 sibi
3011 3477 3213 3555 deest,
3259 3498 3299 3542 a
3332 3478 3604 3544 Christo
3637 3488 4002 3545 mutuatur.
4074 3479 4158 3544 In
4203 3501 4279 3545 eo
4314 3481 4609 3547 mundus

2640 3585 2900 3647 semper
2942 3563 3390 3629 hallucinatur
3433 3568 3616 3649 (nam
3660 3565 3769 3632 hic
3811 3565 4112 3631 omnibus
4154 3566 4291 3631 fere
4326 3566 4608 3633 saeculis

2640 3659 2976 3734 grassatus
3030 3658 3132 3715 est
3185 3653 3394 3729 error)
3451 3650 3625 3734 quod
3678 3650 4046 3730 hominem,
4118 3650 4452 3735 'utcunque
4516 3675 4607 3719 ex

2637 3744 2826 3818 parte
2882 3737 3168 3816 deficiat,
3237 3738 3479 3803 mereri
3531 3746 3757 3803 tamen
3812 3738 4236 3822 aliquousque
4296 3740 4607 3822 operibus

2637 3823 2921 3908 gratiam
2966 3823 3140 3906 apud
3182 3823 3405 3889 Deum
3446 3824 3866 3909 imaginatur.
3953 3826 4051 3890 At
4092 3825 4419 3908 scriptura
4460 3846 4604 3890 om-

2637 3931 2755 3975 nes
2791 3909 3174 3975 maledictos
3219 3931 3361 3976 esse
3404 3912 3818 3994 pronunciat,
3865 3912 3976 3994 qui
4015 3931 4152 3975 non
4197 3910 4280 3976 ad
4324 3910 4605 3993 plenum

2638 3995 3164 4075 observaverint,
3211 4016 3639 4080 quaecunque
3682 3998 3930 4080 scripta
3973 4006 4132 4062 sunt
4173 3998 4245 4063 in
4288 3996 4458 4062 libro
4502 3998 4604 4063 le-

2637 4082 2757 4167 gis.
2844 4082 3024 4149 Huic
3065 4081 3511 4148 maledictioni
3554 4083 3889 4148 subiacere
3932 4104 4199 4150 necesse
4240 4091 4360 4162 est,
4406 4092 4601 4166 quot-

2634 4175 2794 4251 quot
2827 4167 2908 4233 ab
2943 4167 3250 4251 operibus
3283 4169 3746 4234 aestimantur:
3784 4169 4104 4235 eximitur
4138 4177 4357 4235 autem
4382 4191 4600 4250 nemo,

2635 4254 2767 4320 nisi
2790 4255 2903 4337 qui
2936 4275 3209 4337 operum
3239 4254 3481 4319 fiducia
3514 4256 3583 4319 in
3618 4263 3835 4321 totum
3868 4255 4095 4322 valere
4129 4254 4329 4334 iussa,
4366 4255 4601 4322 Chris-

2634 4349 2778 4406 tum
2833 4340 3077 4420 induit,
3132 4347 3210 4405 ut
3258 4341 3327 4405 in
3382 4340 3497 4406 1110
3550 4341 3800 4419 10οι00,
3855 4342 4145 4426 gratuita
4187 4339 4318 4407 Dei
4368 4362 4600 4427 aecep-

2633 4427 2841 4506 tione‚
2887 4434 3252 4493 censeatur.
3340 4424 3510 4492 Inde
3553 4448 3711 4511 ergo
3753 4427 3913 4493 iusti
3948 4449 4215 4507 sumus,
4260 4426 4433 4511 quod
4471 4450 4600 4496 nos

2631 4512 2819 4580 Deus
2862 4512 3048 4579 nullo
3092 4533 3365 4595 eperum
3420 4522 3803 4579 nostrorum
3859 4513 3973 4579 sed
4017 4513 4156 4580 solo
4201 4513 4451 4580 Christi
4489 4514 4599 4579 in-

2634 4600 2807 4665 tuitu
2853 4598 2980 4665 sibi
3021 4597 3415 4677 reconciliat,
3463 4605 3530 4664 et
3573 4618 3656 4663 ex
3694 4600 3849 4665 filiis
3889 4600 4028 4665 irae
4064 4601 4362 4685 gratuita
4394 4599 4597 4684 adep-

2631 4686 2809 4751 tione
2851 4685 3023 4751 filios
3065 4705 3221 4750 suos
3262 4685 3436 4750 facit.
3526 4684 3863 4766 Quamdiu
3905 4687 4082 4752 enim
4125 4707 4328 4770 opera
4364 4696 4599 4753 nostra

2629 4773 2914 4855 respicit,
2952 4791 3215 4836 causam
3250 4775 3400 4850 [pag.
3438 4776 3545 4852 62]
3586 4792 3719 4837 non
3754 4771 4025 4851 invenit,
4063 4793 4181 4838 cur
4217 4795 4338 4839 nos
4371 4792 4596 4840 amare

2631 4858 2880 4924 debeat.
2971 4855 3420 4938 Quamobrem
3461 4878 3727 4925 necesse
3778 4866 3883 4925 est
3924 4864 3999 4923 ut
4039 4858 4319 4942 sepultis
4362 4878 4594 4944 pecea—

2630 4945 2717 5009 tis
2771 4945 3014 5009 nostris
3055 4942 3309 5010 Christi
3351 4941 3809 5025 obedientiam,
3852 4965 4018 5028 quae
4068 4943 4209 5011 sola
4251 4946 4392 5012 eius
4432 4965 4595 5012 con-

2630 5036 2929 5113 spectum
2962 5029 3290 5095 sustinere
3325 5037 3557 5113 potest,
3603 5038 3937 5116 acceptam
3959 5030 4149 5097 nobis
4182 5032 4368 5111 ferat,
4414 5031 4593 5098 eius-

2629 5136 2757 5199 que
2811 5117 3048 5181 merito
3102 5138 3222 5182 nes
3275 5116 3691 5200 amplexetur
3744 5139 3865 5202 pro
3930 5118 4139 5184 iustis.
4228 5116 4415 5184 Haec
4484 5127 4594 5184 est

2629 5201 2809 5268 clara
2863 5209 2930 5267 et
2980 5211 3302 5285 perpetua
3354 5203 3716 5287 scripturae
3780 5204 4106 5285 doctrina,
4170 5223 4338 5288 quae
4401 5205 4593 5270 testi—

2628 5291 2925 5352 monium
2967 5287 3251 5371 quidem,
3296 5295 3373 5352 ut
3404 5290 3500 5354 ait
3531 5288 3801 5370 Paulus,
3845 5289 4043 5356 habet
4075 5310 4116 5354 a
4156 5288 4305 5373 lege
4340 5296 4408 5356 et
4439 5310 4593 5373 pro-

2627 5373 2842 5459 phetis
2887 5375 3111 5459 (Rom.
3152 5378 3209 5454 3,
3257 5372 3400 5458 21),
3459 5374 3575 5442 sed
3617 5395 3738 5460 per
3778 5376 4194 5461 evangelium
4239 5377 4334 5443 sic
4377 5376 4593 5460 expli-
