4999 6179
471 458 592 520 461

1821 457 2546 527 REFORMANDAE
2591 432 3139 525 EOOLESIA'E.

4366 470 4493 533 462

345 674 354 681 ·
393 618 405 627 ’
469 640 589 709 cur
629 600 991 725 Dominus,
1048 646 1312 712 fictitios
1367 666 1597 712 omnes
1640 646 1858 719 cultus
1900 646 2308 731 prohibendo
2353 667 2430 712 ac
2504 644 2944 715 edocebatur.
3013 646 3147 714 Ubi
3191 649 3369 715 enim
3404 644 3685 715 salutem
3735 655 3885 731 [pag.
3928 658 4032 734 11]
4079 659 4146 719 et
4179 652 4498 739 quidquid

471 728 844 801 damnando
861 783 877 812 ,
922 752 1043 798 nos
1083 731 1166 799 ad
1210 731 1425 798 solum
1469 732 1650 800 vocis
1695 753 1852 805 suae
1898 733 2283 817 obsequium
2326 738 2429 798 r‘e-
2536 731 2859 798 bonorum
2921 742 3024 799 est
3082 734 3456 818 quaerunt?
3526 736 3617 802 an‘
3662 734 3752 802 'in
3817 739 3955 805 solo
4008 740 4197 813 Deo?
4238 774 4249 783 ·
4288 742 4513 826 Atqui.

391 862 400 869 -
469 820 690 905 vocet..
740 816 921 898 Quia
950 826 1017 883 et
1050 817 1184 884 hoc
1218 816 1303 883 ad
1335 819 1477 884 eius
1508 818 1930 897 autoritatem
1966 818 2430 903 stabiliendam

441 916 870 987 ,magnopere
910 904 1232 986 pertinet,
1288 924 1375 968 ne
1429 904 1796 975 serviamus
1838 905 1942 973 illi
1983 912 2210 971 nostro
2255 906 2430 970 arbi-

469 991 628 1069 tri0,
676 988 791 1055 sed
834 991 955 1054 toti
1002 990 1083 1061 ab
1128 990 1271 1057 eius
1314 996 1485 1055 nutu
1528 990 1960 1075 pendeamus:
2008 999 2073 1056 et
2116 1012 2253 1071 nos,
2301 1012 2432 1076 qua

469 1096 700 1141 sumus
740 1077 1034 1142 vanitate
1048 1127 1064 1155 ,
1123 1078 1178 1143 si
1223 1076 1492 1145 libertas
1539 1077 1729 1143 nobis
1773 1078 2214 1161 relinquatur,
2260 1076 2430 1141 nihil

466 1181 814 1246 possumus
852 1183 1048 1245 quam
1082 1162 1408 1228 aberrare.
1475 1162 1608 1230 Ubi
1654 1171 1875 1229 autem
1911 1163 2114 1230 semel
2159 1162 2430 1228 deflexi-

466 1268 616 1314 mus
659 1269 699 1335 a
731 1249 857 1326 via,
899 1248 1127 1314 'nullus
1161 1257 1387 1332 postea
1417 1250 1599 1319 finis:
1648 1248 1854 1316 donec
1889 1272 1967 1315 su
2015 1250 2429 1315 erstitionum

465 1333 892 1401 multitudine
936 1335 1310 1401 obruamur.
1400 1335 1644 1401 Merito
1687 1336 1909 1419 itaque
2024 1336 2304 1416 ominus,
2353 1343 2431 1400 ut

463 1419 735 1504 plenum
793 1419 1068 1486 dominii
1123 1423 1237 1502 ius⁴
1284 1421 1418 1503 sibi,
1453 1421 1772 1501 vindicet,
1835 1420 1992 1511 quid
2043 1423 2274 1501 faeere·
2304 1441 2427 1487 nos

417 1526 428 1535 ·
463 1507 630 1571 velit
669 1507 765 1572 ita
805 1506 1100 1588 man'dat,
1146 1516 1223 1572 ut
1260 1496 1576 1592 quidquid
1616 1510 1880 1591 praeter
1923 1529 2118 1575 suum
2147 1507 2427 1573 manda-

467 1604 615 1657 tum
673 1594 1115 1675 confinxerint
1168 1592 1498 1673 homines,
1546 1594 1743 1659 simul
1800 1594 2069 1661 reiiciat.
2183 1594 2427 1659 Merito

333 1680 386 1699 ''
467 1688 537 1744 et
589 1678 714 1744 hoc
776 1698 1036 1762 quoque
1091 1680 1280 1759 facit,
1347 1679 1518 1764 quod
1570 1698 1682 1745 ore
1754 1702 1871 1746 suo
1927 1676 2173 1746 limites
2240 1681 2423 1747 nobis

463 1765 804 1850 praefigit,
850 1786 938 1830 ne
978 1766 1327 1851 perversos
1372 1766 1587 1832 cultus
1626 1765 2023 1843 fabricando,
2069 1766 2238 1832 iram
2284 1768 2440 1832 eius.

464 1851 536 1916 in
580 1872 700 1916 nos
735 1872 1178 1934 provocemus.
1271 1850 1426 1919 Scio
1470 1874 1668 1936 quam
1713 1852 2065 1919 difficulter
2109 1853 2233 1919 hoc
2275 1874 2424 1936 per·

465 1936 822 2004 suadeatur
897 1937 1177 2015 mund0‚
1257 1939 1618 2023 improbari
1685 1938 1850 2005 Deo·
1904 1939 2123 2004 cultus
2197 1959 2427 2004 omnes

462 2030 725 2109 praeter
778 2023 1057 2091 verbum
1101 2047 1293 2091 suum
1351 2026 1705 2091 institutos.
1794 2024 1977 2106 Quin
2010 2025 2228 2110 potius
2267 2025 2425 2091 hae-

465 2118 569 2175 ret
610 2110 774 2177 haec
818 2112 1175 2193 persuasio,
1224 2119 1292 2175 et
1333 2113 1518 2195 quasi
1563 2112 1632 2176 in
1677 2113 1931 2181 ossibus
1975 2113 2270 2193 omnium
2314 2112 2426 2181 de-

465 2197 602 2261 fixa
645 2202 762 2275 est,
809 2218 885 2262 ac
928 2196 1254 2276 medullis}
1299 2196 1612 2282 quidquid
1654 2205 1875 2282 agant,
1920 2199 1992 2263 in
2034 2219 2111 2263 eo
2155 2220 2236 2264 se
2270 2199 2429 2275 satis

466 2282 710 2348 iustam
756 2284 1294 2366 approbationem
1340 2283 1581 2349 habere
1597 2335 1613 2363 ,
1667 2285 1722 2348 si
1766 2284 1958 2350 modo
2000 2284 2428 2368 qualemcun-
2447 2348 2462 2359 ,

468 2390 593 2452 que
650 2369 921 2435 honoris
975 2362 1105 2434 Dei
1163 2370 1377 2435 zelum
1441 2370 1816 2436 obtendant.
1908 2370 2162 2436 Verum
2227 2389 2431 2455 quum

466 2456 651 2522 Deus
707 2476 841 2521 non
895 2454 1088 2520 modo
1146 2457 1408 2521 irritum
1463 2457 1734 2536 habeat,
1797 2456 2113 2541 quidquid
2171 2457 2429 2522 colendi

468 2542 573 2608 sui
615 2541 833 2608 studio
877 2544 1140 2626 praeter
1181 2541 1568 2608 mandatum
1608 2564 1801 2608 suum
1846 2543 2265 2626 suscipimus,
2313 2542 2429 2609 sed

466 2627 689 2711 palam
722 2644 978 2713 quoque
1010 2628 1458 2694 abominetur:
1507 2634 1655 2709 [pag.
1699 2635 1802 2710 10]
1849 2628 2008 2714 quid
2050 2631 2428 2713 proficimus

469 2722 701 2782 contra
740 2713 1116 2780 tendendo?
1205 2714 1355 2781 Hae
1399 2725 1556 2782 sunt
1597 2715 1813 2782 clarae
1858 2724 1926 2780 et
1968 2715 2252 2781 disertae
2296 2715 2427 2781 Dei

469 2820 665 2867 voces
735 2803 799 2881 (l
844 2799 1023 2866 Sam.
1078 2805 1174 2879 15,
1214 2806 1324 2866 22:
1363 2802 1604 2867 Matth.
1659 2805 1755 2881 15,
1796 2802 1894 2887 9):
1962 2800 2423 2868 obedientiam

470 2886 809 2953 meliorem
872 2908 1015 2953 esse
1079 2887 1390 2954 victimis:
1458 2889 1705 2953 frustra
1770 2910 1840 2954 se
1905 2888 2030 2955 coli
2071 2888 2429 2955 .mandatis

470 2974 846 3039 hominum:
890 2973 1312 3041 mendacium
1355 2995 1515 3053 esse,
1562 2974 1875 3058 quidquid
1919 2972 2119 3041 verbo
2150 2995 2268 3040 suo
2314 2974 2428 3040 ad-

472 3059 682 3142 ditur,
741 3061 1129 3145 praesertim
1174 3061 1246 3125 iu
1292 3060 1416 3127 hac
1460 3072 1646 3145 parte
1665 3080 1694 3124 ε·
1736 3065 2251 3146 ἐθελοθρησκεζαν
2291 3083 2429 3127 me-

468 3168 614 3232 ram
650 3169 793 3214 esse
837 3149 1213 3214 vanitatem.
1280 3147 1413 3215 Ubi
1458 3147 1662 3213 semel
1705 3148 2168 3231 pronunciavit
2209 3147 2448 3228 iudex,'

471 3233 604 3299 iam
650 3234 933 3317 amplius
976 3231 1281 3318 litigandi
1321 3254 1458 3299 non
1502 3250 1603 3299 est
1644 3241 1919 3318 tempus.

645 3319 839 3386 Nunc
894 3340 1156 3387 mecum
1199 3329 1315 3386 tua
1356 3322 1692 3400 maiestas,
1750 3320 2027 3400 Caesar,
2083 3341 2429 3404 recognos-

473 3415 888 3490 cat,‚vosque,
913 3405 1354 3473 Illustrissimi
1376 3407 1742 3490 Principes,
1773 3407 1901 3474 huc
1935 3407 2100 3472 mihi
2133 3415 2427 3473 vestram

469 3493 907 3558 attentionem
947 3492 1255 3576 praebete
1271 3545 1287 3574 ,
1333 3515 1533 3577 quam
1575 3514 1846 3577 prorsus
1887 3492 1968 3560 ab
2011 3494 2136 3561 hac
2173 3494 2429 3560 ratione

474 3578 837 3645 dissideant
879 3580 1128 3658 omnia,
1187 3580 1256 3644 in
1298 3579 1536 3663 quibus
1590 3575 1785 3645 hodie
1827 3581 2082 3665 passim·
2118 3579 2248 3646 Dei
2287 3580 2427 3646 cul-

475 3679 620 3731 tum
664 3666 839 3731 orbis
883 3665 1284 3732 christianus
1327 3667 1622 3749 reponit..
1694 3668 1917 3733 Verbo
1959 3667 2254 3752 quidem,
2311 3665 2427 3733 bo-

472 3774 712 3820 norum
777 3753 1075 3817 omnium
1140 3751 1417 3837 gloriam
1449 3752 1855 3828 ‚concedunt
1912 3754 2092 3833 Deo,
2171 3753 2288 3819 sed
2354 3775 2428 3818 re

466 3842 612 3925 ipsa
656 3860 840 3919 eum,
886 3838 992 3904 vel
1036 3837 1337 3919 dimidia,
1383 3840 1490 3905 vel
1532 3840 1767 3906 maiori
1807 3847 1995 3923 parte
2021 3840 2072 3925 ¹)
2113 3840 2425 3924 spoliant:

511 3948 674 3993 uum
719 3926 862 3991 eius
906 3925 1185 3991 virtuws
1237 3926 1417 3994 inter
1470 3933 1731 3992 sanctos
1775 3928 2172 4011 partiuntur.
2259 3926 2424 3992 Elu-

467 3949 657 4092 dant,
703 4019 782 4077 ut
823 4010 1079 4090 volent,
1125 4011 1516 4091 adversarii,
1574 4019 1643 4078 et
1687 4012 2019 4091 leviculos,
2065 4013 2257 4078 sicuti
2297 4013 2424 4096 ipsi

465 4101 750 4186 fingunt,
796 4119 1052 4165 errores
1097 4097 1381 4163 nimium
1423 4119 1554 4165 nos
1571 4119 1974 4184 exaggerare
2018 4099 2422 4165 calumnien-

465 4194 604 4252 tur:
652 4205 794 4250 rem
823 4185 1056 4267 ipsam,
1102 4183 1299 4251 sicuti
1331 4192 1431 4252 est
1471 4187 1817 4270 perspicua
1847 4185 2218 4269 unicuique,
2265 4186 2421 4250 sim-

465 4272 727 4358 pliciter
769 4290 1148 4354 proponam.
1207 4269 1324 4338 sio
1359 4271 1536 4337 inter
1568 4279 1832 4339 sanctos
1868 4270 2221 4338 distributa
2266 4279 2423 4336 sunt

463 4359 599 4426 Dei
641 4357 881 4435 officia,
936 4364 1014 4420 ut
1066 4377 1325 4422 summo
1369 4358 1515 4432 Deo
1569 4365 1886 4443 tanquam
1945 4357 2231 4442 colleg'ae
2287 4359 2424 4423 sint

465 4444 691 4524 additi,
734 4445 806 4508 in
851 4442 1253 4509 sustinendis
1298 4444 1437 4509 eius
1470 4444 1789 4527 partibus,
1835 4445 1905 4508 in
1939 4465 2216 4527 quorum
2251 4444 2424 4509 mul-

462 4528 749 4598 titudine
826 4527 1180 4620 delitescat.
1269 4528 1498 4613 Neque
1563 4529 1743 4595 aliud
1818 4551 2179 4614 conqueror
2193 4582 2210 4610 ,
2290 4531 2421 4597 nisi

507 4617 638 4685 uod
716 4623 890 4681 totus
954 4614 1244 4681 mundus
1306 4616 1569 4701 vulgari
1642 4617 1989 4702 proverbio
2053 4618 2420 4683 confitetur.

531 4702 647 4770 uid
701 4702 880 4768 enim
936 4699 1062 4766 sibi
1115 4701 1261 4767 vult
1303 4731 1312 4738 ·
1358 4701 1491 4767 uod
1536 4702 1799 4780 dicunt,
1856 4700 2222 4772 Dominum
2262 4723 2424 4787 prae

465 4789 776 4877 apostolis
831 4809 966 4853 non
1024 4787 1328 4872 cognosci
1432 4787 1562 4854 nisi
1612 4788 1788 4870 quod
1852 4790 1936 4858 in!
1992 4810 2139 4855 eam
2196 4788 2422 4855 altitu·

464 4876 688 4944 dinem
742 4874 1118 4941 evehuntur
1158 4873 1461 4957 apostoli,
1518 4893 1648 4959 qua
1688 4873 1944 4941 Christi
1987 4875 2055 4940 di
2152 4876 2275 4942 'tas
2316 4875 2426 4943 vel

461 4966 808 5041 obruatur,
852 4960 961 5026 vel
1004 4960 1244 5027 saltem
1288 4961 1565 5028 obscura
1605 4961 1739 5027 fiat.
1826 4959 2049 5027 Secun
2094 4984 2209 5027 um
2254 4962 2426 5027 hanc

411 5069 420 5078 ·
460 5050 863 5136 pravitatem
879 5098 896 5126 ,
951 5046 1240 5113 mundus
1256 5100 1273 5128 ‚
1330 5046 1639 5114 derelicto
1692 5046 1850 5113 vivo
1902 5047 2082 5114 fonte
2096 5100 2113 5128 ,
2170 5049 2450 5132 puteoss

458 5146 538 5204 ut
582 5136 741 5204 dicit
781 5133 1100 5199 Ieremias
1145 5133 1236 5218 (2,
1278 5134 1382 5218 13)
1431 5133 1778 5219 dissipatos
1817 5140 1884 5198 et
1916 5133 2169 5202 hiulcos
2203 5132 2422 5199 fodere

604 5412 963 5482 1)·ex,parte
1000 5407 1138 5500 3552
1172 5423 1312 5480 seqq.

2532 818 2757 902 palam
2802 820 3118 886 reclamat
3152 827 3293 886 tota
3336 823 3702 889 communis
3742 825 3897 891 vita.
3964 826 4180 891 Aiunt
4210 825 4495 911 quidem,
4602 858 4611 869 ·

2537 905 2820 970 salutem
2880 928 2953 972 se
3012 914 3078 971 et
3130 907 3303 973 bona
3355 908 3580 974 omnia
3634 909 3707 973 in
3763 910 3908 976 Deo
3964 928 4277 995 quaerere
4294 935 4321 978 ε·
4377 914 4494 979 sed

2534 1011 2739 1074 quum
2793 991 2950 1057 alibi
3007 999 3329 1076 quaerant
3386 1014 3579 1076 quam
3641 995 3711 1059 in
3758 998 3847 1060 'eo
3900 997 4036 1063 solo
4051 1051 4067 1079 ,
4132 999 4340 1064 falsus
4392 1008 4497 1066 est

2534 1085 2936 1159 praetextus.
3582 1140 3591 1149 ,
3904 1138 3913 1143 ,
4204 1124 4213 1133 .

2708 1163 2928 1229 Huius
2973 1166 3069 1229 rei
3111 1164 3531 1231 manifestam
3573 1166 3771 1231 fidem
3815 1168 4059 1234 facient
4100 1171 4291 1251 vitia,
4349 1172 4493 1255 qui-

2535 1248 2657 1314 bus
2701 1250 3029 1316 invocatio
3072 1252 3203 1317 Dei
3248 1258 3557 1336 corrupta
3596 1254 3914 1336 primum,
3978 1254 4214 1321 deinde
4257 1262 4492 1341 prope-

2534 1333 2805 1405 modum
2848 1337 3170 1402 subversa
3213 1338 3663 1422 exstinctaque
3708 1340 3847 1405 fuit.
3941 1341 4252 1407 Diximus
4306 1346 4494 1409 invo-

2535 1421 2791 1487 catione
2843 1424 3070 1487 testari
3141 1421 3444 1489 homines
3512 1446 3598 1489 an
3665 1422 3951 1493 debitam
4006 1427 4150 1492 Deo
4214 1428 4493 1513 gloriam

2533 1506 2843 1572 tribuant.
2934 1508 3117 1593 Ergo
3181 1508 3336 1576 hinc
3416 1510 3639 1581 etiam‘
3680 1509 3905 1578 licebit
3981 1508 4490 1596 deprehendere,

2535 1614 2619 1658 an
2642 1592 2774 1658 Dei
2807 1593 3083 1678 gloriam
3116 1594 3216 1659 illi
3249 1604 3540 1679 ereptam
3579 1597 3985 1663 transferant
4018 1599 4101 1664 ad
4136 1608 4491 1667 creaturas.

2531 1676 2753 1747 Porro,
2774 1680 2845 1744 in
2889 1701 3047 1746 vera
3078 1680 3207 1746 Dei
3251 1682 3668 1761 invocatione
3691 1683 3843 1766 plus
3873 1685 4247 1769 requiritur,
4292 1708 4494 1769 quam

2530 1766 2820 1847 precatio
2908 1766 3212 1837 uaelibet.
3282 1768 3536 1852 Nempe
3580 1775 3656 1833 ut
3699 1777 3879 1835 certo
3918 1777 4166 1836 statuat
4204 1772 4493 1839 hominis

2533 1852 2821 1931 animus,
2938 1873 3089 1918 eum
3135 1874 3276 1920 esse
3321 1854 3564 1934 solum,
3622 1855 3707 1921 ad
3749 1877 3942 1938 quem
3988 1858 4339 1942 confugere
4382 1858 4494 1925 de·

2532 1937 2750 2013 beata
2771 1940 2924 2022 quia
2967 1946 3035 2002 et
3079 1939 3259 2004 solus
3302 1942 3372 2005 in
3416 1943 3811 2008 necessitate
3857 1943 4086 2010 iuvare
4129 1945 4366 2027 possit,
4426 1953 4494 2010 et

2534 2046 2604 2090 se
2644 2023 2713 2088 id
2767 2024 3099 2090 facturum
3156 2025 3493 2110 receperit.
3584 2028 3685 2093 Eo
3729 2036 3951 2094 autem
3994 2051 4193 2097 sensu
4235 2030 4494 2115 praedi-

2534 2118 2643 2175 tus
2699 2131 2843 2176 esse
2898 2132 3092 2176 nemo
3145 2118 3388 2195 potest,
3449 2113 3578 2179 nisi
3621 2114 3736 2198 qui
3780 2123 3847 2180 et
3887 2114 4305 2198 mandatum,
4365 2139 4494 2202 quo
4560 2176 4571 2183 .

2531 2196 2720 2262 Deus
2762 2218 2880 2263 nos
2924 2198 3009 2262 ad
3052 2219 3122 2263 se
3168 2205 3371 2278 vocat,
3418 2206 3485 2264 et
3523 2201 4021 2283 promissionem
4066 2222 4265 2284 quam
4305 2225 4494 2268 man-

2534 2281 2687 2353 dato
2741 2282 3074 2367 adiungit,
3134 2283 3215 2348 de
3268 2284 3697 2357 exaudiendis
3752 2287 3998 2352 nostris
4042 2288 4344 2370 precibus
4389 2290 4492 2353 in-

2533 2375 2775 2434 tuetur.
2866 2371 3072 2453 Atqui
3127 2370 3425 2437 mandati
3481 2371 3642 2437 adeo
3697 2372 3851 2437 non'
3887 2379 3987 2438 est
4027 2372 4254 2439 habita
4304 2376 4492 2455 ratio,

2534 2462 2607 2519 ut
2664 2455 2933 2539 angelos
2988 2465 3054 2521 et
3107 2455 3408 2543 homines
3461 2465 3757 2523 mortuos
3812 2460 4184 2541 promiscue
4248 2461 4493 2544 vulgus

2532 2541 2879 2606 hominum
2922 2542 3337 2609 invocaverit
3378 2543 3579 2609 simul
3619 2566 3771 2610 cum
3806 2542 3969 2610 Deo.
4040 2542 4492 2629 Sapientiores

2538 2648 2722 2706 vero,
2780 2629 2836 2692 si
2883 2650 3017 2705 non
3070 2628 3471 2695 invocabant
3523 2651 3634 2696 eos
3685 2631 3827 2695 loco
3876 2631 4035 2711 Dei,
4093 2631 4329 2697 saltem
4373 2653 4492 2715 pro

2529 2713 3011 2789 mediatoribus·
3038 2714 3393 2796 habebant,
3441 2737 3719 2800 quorum
3763 2718 4230 2784 intercessione
4274 2739 4314 2781 a
4347 2717 4493 2784 Deo

2533 2799 2933 2879 obtinerent,
2994 2800 3174 2884 quod
3238 2801 3569 2886 petebant.
3658 2802 3790 2871 Ubi
3854 2804 4091 2887 igitur.
4127 2812 4283 2870 tunc
4350 2811 4495 2870 erat

2531 2887 2939 2970 promissio,.
2977 2907 3144 2970 quae
3199 2888 3340 2954 sola
3396 2888 3651 2955 Christi
3702 2891 4169 2956 intercessione
4224 2890 4496 2957 suffulta

2533 2972 2676 3038 est?
2765 2973 2998 3056 Itaque
3076 2972 3345 3039 Christo
3420 2977 3616 3041 unico
3688 2973 4047 3041 mediatore
4120 2979 4494 3059 praeterito,

2533 3058 2779 3144 singuli
2846 3080 2917 3125 se
2982 3058 3065 3124 ad
3132 3081 3283 3127 suos
3337 3069 3678 3144 patronos,
3746 3082 3908 3146 quos
3962 3061 4085 3128 sibi
4138 3063 4490 3144 finxerant,

2533 3147 2983 3212 contulerunt:
3044 3153 3160 3212 aut
3213 3148 3272 3211 si
3326 3147 3589 3230 quando
3647 3146 3928 3214 dabatur
3971 3147 4241 3214 Christo
4290 3148 4492 3229 locus,

2531 3231 2783 3297 latebat
2847 3239 3103 3311 tamen,
3172 3234 3360 3316 quasi
3417 3253 3461 3317 g
3659 3235 3761 3298 'us
3819 3234 4084 3318 aliquis,
4152 3235 4226 3299 in
4278 3235 4490 3301 turba.

2529 3322 2677 3398 [pag.
2721 3323 2823 3397 12]
2866 3317 3015 3383 Iam
3057 3340 3262 3402 quum
3293 3340 3491 3386 verae
3519 3255 3648 3385 fiai
3692 3320 4096 3386 invocationi
4140 3321 4309 3387 nihil
4353 3342 4493 3387 ma-

2530 3407 2636 3489 gis
2692 3411 3046 3490 repugnet,
3104 3426 3301 3489 quam
3359 3405 3707 3471 haesitatio
3762 3413 3829 3470 et
3883 3406 4275 3487 diffidentia,
4333 3408 4496 3474 adeo

2531 3491 2830 3569 invaluit,
2873 3498 2952 3556 ut
2994 3512 3114 3577 pro
3157 3491 3303 3577 lege
3346 3492 3471 3556 rite
3512 3491 3743 3558 orandi
3786 3493 3924 3559 fere
3966 3501 4233 3578 recepta
4274 3495 4491 3559 fuerit.

2532 3577 2730 3645 Unde
2754 3585 2973 3646 autem
3016 3576 3130 3642 id?
3152 3578 3302 3643 :nisi
3349 3580 3502 3662 quia
3546 3577 3853 3659 mundus,
3901 3579 4058 3663 quid
4103 3581 4232 3645 ista
4273 3582 4495 3646 omnia

2531 3664 2826 3744 valeant,
2880 3684 3016 3730 non
3069 3664 3427 3746 intellexit,
3488 3674 3553 3730 et
3595 3665 3768 3749 quod
3807 3666 3995 3731 Deus
4037 3687 4077 3732 a
4119 3664 4308 3732 nobis
4347 3666 4494 3732 vult

2532 3751 2846 3829 invocari,
2866 3745 2877 3756 '
2894 3758 2962 3816 et
3005 3772 3076 3817 se
3119 3751 3451 3818 facturum
3494 3750 3824 3836 promittit
3866 3751 4180 3835 quidquid
4225 3753 4492 3835 petieri-

2531 3858 2681 3903 mus
2724 3836 3036 3902 mandato
3079 3838 3636 3924 promissioneque
3670 3859 3791 3903 sua
3831 3839 4003 3917 freti,
4048 3846 4117 3903 et
4148 3838 4494 3904 Christum

2528 3923 2717 3989 nobis
2751 3923 3139 3990 advocatum
3175 3945 3295 4008 pro
3381 3925 3499 4007 nit,
3536 3924 3721 3991 cuius
3755 3924 4021 4000 nomine
4053 3922 4494 3992 exaudiantur

2527 4009 2755 4094 prec'es
2821 4018 3105 4076 nostrae.
3197 4011 3259 4075 A
3369 4010 3560 4090 haec,
3628 4009 4051 4077 excutiantur
4077 4009 4129 4091 ¹)
4191 4009 4493 4076 solennes
4554 4065 4565 4076 .

2526 4117 2783 4180 preces,
2849 4116 3014 4179 quae
3068 4097 3314 4179 passim
3369 4097 3697 4163 habentur
3750 4096 3823 4160 in
3877 4095 4183 4163 ecclesiis.
4273 4096 4491 4179 Repe-

2527 4183 2788 4248 rientur
2830 4182 3197 4248 innumeris
3234 4181 3538 4248 sordibus
3571 4183 3975 4267 inquinatae.
4043 4183 4150 4248 Ab
4195 4181 4328 4247 illis
4363 4183 4489 4267 igi-

2529 4276 2638 4334 tur
2702 4270 2820 4333 fiat
2872 4267 3190 4335 iudicium
3204 4320 3220 4349 ,
3288 4275 3608 4354 quantum
3669 4269 3941 4336 vitiatus
3998 4269 4072 4334 in
4124 4268 4249 4334 hac
4301 4276 4491 4352 parte

2527 4355 2745 4421 cultus
2789 4355 2918 4420 Dei
2973 4355 3188 4421 fuerit.
3276 4355 3417 4422 Nec
3472 4356 3694 4420 minus
3751 4355 3823 4419 in
3869 4357 4233 4440 gratiarum
4290 4354 4492 4421 actio-

2528 4442 2721 4508 nibus
2795 4442 3231 4525 corruptionis
3308 4441 3462 4507 fuit:
3544 4442 3732 4507 cuius
3796 4448 3996 4507 testes
4072 4447 4230 4508 sunt
4293 4438 4493 4508 etiam

2528 4528 2767 4614 hymni
2809 4527 3079 4610 publici:
3127 4527 3240 4594 nbi
3285 4529 3606 4594 bonorum
3648 4528 3944 4593 omnium
3985 4527 4134 4602 laus
4179 4526 4264 4592 ad
4302 4547 4492 4592 sanc-

2528 4622 2631 4680 tos
2677 4623 2992 4699 tanquam
3038 4613 3170 4680 Dei
3214 4614 3495 4699 collegas
3540 4612 4053 4682 transscribitur.

2704 4700 2851 4766 Iam
2895 4700 2977 4766 de
3020 4699 3401 4769 adoratione
3446 4700 3604 4786 quid
3653 4699 3913 4767 dicam?
4003 4696 4342 4780 Quidquid
4384 4718 4491 4764 re-

2530 4788 2865 4854 verentiae
2910 4786 3222 4853 exhibere
3265 4787 3501 4853 volunt
3541 4788 3848 4853 homines
3887 4786 4065 4864 Deo,
4112 4805 4195 4849 an
4240 4804 4375 4849 non
4418 4783 4491 4849 id
4545 4831 4557 4840 .

2529 4872 2629 4938 illi
2662 4874 2730 4938 in
2765 4874 3002 4939 statuis
3045 4880 3113 4939 et
3144 4873 3542 4959 imaginibus
3578 4870 3937 4940 exhibent?
4002 4871 4207 4936 Errat
4249 4876 4490 4952 autem,

2528 4961 2639 5043 qui
2683 4965 2876 5043 putat
2929 4959 3288 5045 quidquam
3332 4961 3650 5026 interesse
3703 4961 3884 5024 inter
3936 4958 4111 5024 hanc
4164 4965 4231 5024 et
4273 4956 4491 5022 ethni-

2533 5064 2761 5111 corum
2797 5046 3145 5112 insaniam.
3212 5046 3457 5130 Neque·
3486 5047 3664 5112 enim
3697 5043 3889 5111 Deus
3932 5044 4186 5129 lapides
4231 5051 4493 5109 tantum

2565 5407 2583 5461 l
2625 5337 2727 5463 οὲ)
2783 5336 2922 5392 1576
2982 5354 3121 5410 seqq.
3177 5297 3459 5394 mendose.-
3503 5338 3878 5408 excutiuntur3
3931 5335 4152 5392 Gallus:
4210 5335 4370 5407 qu’on
4407 5350 4491 5391 es-

2526 5422 2564 5475 p
2585 5424 2622 5466 u
2694 5423 2741 5463 e.
3172 5463 3181 5470 ,
3370 5435 3379 5446 ·
