4999 6179
391 456 516 520 265

1881 459 2011 526 DE
2051 462 2407 531 LIBERO
2452 465 2928 534 ARBITRIO.

4289 480 4423 545 266

387 662 559 723 ram,
620 650 698 709 ut
752 651 856 710 est
905 652 1054 729 post
1104 646 1371 730 lapsum
1410 647 1642 714 vitiata
1700 656 1769 714 et
1822 657 2156 733 corrupta,
2217 672 2352 717 non
2457 652 2755 719 diturum
2795 677 2918 736 me,
2966 656 3022 721 si
3067 677 3145 722 88
3180 667 3568 726 assererent.
3636 659 3834 729 Dicet
3869 663 4213 748 quispiam,
4259 665 4419 749 quid

388 751 471 795 ex
514 750 586 795 se
628 730 772 815 ipso
818 730 1092 798 damnat
1131 732 1509 813 Lutherus,
1552 733 1669 800 sed
1712 735 2066 818 acquiescit
2105 738 2177 802 in
2220 736 2352 804 Dei
2453 739 2661 824 igitur
2716 762 2867 807 cum
2922 750 3064 807 tam
3129 742 3463 826 deplorato
3530 747 3798 814 homine
3861 749 4035 817 ludis
4100 751 4415 834 operam?

385 817 621 900 optimi
664 824 731 883 81
774 818 1020 883 8010011
1078 825 1224 899 [pag.
1263 822 1372 898 45]
1427 819 1663 885 iudicis
1718 823 2081 902 sententia,
2137 844 2178 887 a
2221 843 2353 906 qua
2453 825 2604 910 Ego
2649 848 2805 893 vero
2861 849 2946 893 ne
3002 829 3282 895 verbum
3337 832 3601 915 quidem
3656 834 3943 901 facerem
4000 837 4143 903 eius
4198 858 4412 903 causa.

382 921 745 985 provocare
803 905 988 970 nefas
1042 911 1159 971 est.
1250 903 1419 986 Quis
1471 906 1648 971 enim
1705 906 1869 973 haec
1920 909 2142 973 omnia
2195 931 2347 993 pro·
2454 908 2591 977 Sed
2647 932 2915 996 operam
2972 913 3144 981 hanc
3200 914 3345 983 aliis
3399 917 3735 1003 impende,
3803 921 3916 1004 qui
3972 921 4080 989 vel
4137 921 4221 988 ad
4274 944 4415 988 am-

383 988 767 1055 nunciavit?
860 988 1079 1056 Omne
1133 992 1530 1076 figmentum
1587 991 1803 1058 cordis
1865 992 2144 1059 humani
2198 1002 2346 1060 tan-

383 1080 526 1139 tum
571 1074 766 1141 modo
808 1076 1060 1142 malum
1102 1084 1206 1149 est
1248 1097 1288 1141 a
1329 1077 1615 1163 pueritia
1657 1076 1858 1163 (Gen.
1901 1082 1958 1159 6,
2000 1078 2090 1164 5).
2178 1080 2345 1145 Per-

381 1182 647 1227 versum
692 1168 797 1227 est
853 1184 967 1228 cor
1007 1162 1324 1242 hominis,
1377 1182 1537 1247 prae
1580 1163 1760 1228 omni
1802 1185 1903 1243 re,
1961 1172 2031 1230 et
2069 1165 2346 1231 fraudu-

379 1244 637 1311 lentum
704 1246 860 1332 (Ier.
905 1252 1001 1329 17,
1041 1249 1131 1334 9).
1234 1247 1488 1315 Omnes
1551 1248 2078 1330 declinaverunt,
2143 1251 2342 1317 simul

380 1332 649 1398 inutiles
706 1333 863 1400 facti
922 1340 1110 1414 sunt,
1167 1355 1300 1400 non
1356 1341 1457 1400 est
1511 1335 1626 1417 qui
1676 1335 1874 1401 faciat
1923 1336 2199 1417 bonum,
2257 1359 2343 1404 118

379 1439 556 1484 0008
623 1418 891 1502 00111810
958 1421 1162 1504 (Ρ881.
1207 1425 1302 1499 14,
1356 1425 1423 1500 33
1473 1419 1668 1485 Rom.
1719 1426 1777 1501 3,
1824 1420 1951 1503 12).
2038 1423 2342 1490 Affectus

379 1505 598 1570 carnis
641 1506 989 1573 inimicitia
1036 1515 1139 1571 est
1180 1506 1501 1573 adversus
1547 1506 1796 1588 Deum;
1857 1507 1991 1592 leffl
2030 1507 2161 1574 Dei
2206 1531 2344 1575 0011

379 1588 743 1672 subiicitur,
788 1613 1005 1675 neque
1049 1592 1250 1657 etiam
1295 1599 1513 1675 potest
1556 1592 1780 1678 (Rom.
1824 1596 1883 1673 8,
1925 1593 2012 1677 7).
2071 1595 2166 1660 Et
2209 1596 2341 1661 alia

375 1677 743 1743 innumera.
832 1678 968 1743 Eat
1024 1699 1206 1744 nunc
1248 1678 1565 1762 Pighius,
1623 1684 1690 1743 et
1727 1684 1829 1743 tot
1875 1687 2144 1762 tamque
2187 1701 2339 1766 gra-

317 1822 320 1825 .
375 1764 487 1830 via
541 1763 674 1830 Dei
725 1762 967 1830 iudicia
1015 1784 1148 1830 uno
1212 1763 1506 1831 convicio
1570 1772 1899 1829 retractet.
1992 1763 2340 1845 Quantum

376 1848 460 1917 ad
495 1855 757 1916 sanctos
791 1849 1097 1932 pertinet,
1143 1871 1280 1915 non
1317 1849 1590 1916 dubium
1624 1851 1785 1933 quin
1820 1850 2092 1935 spiritus
2126 1854 2338 1919 sancti

375 1937 627 2022 gratiae
670 1936 957 2014 resistat,
1005 1934 1181 2019 quod
1223 1936 1296 2002 in
1334 1936 1466 2001 illis
1509 1935 1844 2003 residuum
1889 1943 1992 2004 est
2029 1940 2337 2021 propriae

374 2028 670 2088 naturae.
758 2021 824 2086 N
905 2043 989 2086 ue
1043 2022 1224 2087 enim
1277 2021 1673 2088 humilitatis
1715 2024 1934 2108 gratia
1976 2024 2336 2090 mentieba-

375 2117 488 2173 tur
529 2107 809 2189 Paulae,
911 2129 1028 2173 um
1085 2106 1523 2174 confitebatur
1575 2129 1710 2173 non
1761 2108 2059 2175 habitare
2115 2108 2189 2174 in
2244 2130 2334 2191 se,

374 2194 500 2260 1100
533 2201 638 2260 881
670 2195 741 2258 10
776 2214 975 2259 081118
1009 2214 1149 2272 808,
1194 2194 1441 2259 bonum
1483 2194 1705 2278 (Rom.
1747 2199 1805 2275 7,
1850 2195 2012 2279 18):.
2033 2195 2150 2261 8811
2184 2217 2337 2262 0010

373 2281 628 2364 gemitu
680 2301 814 2345 non
868 2280 1021 2346 ficto
1075 2280 1411 2345 miseriam
1465 2300 1654 2345 suam
1700 2279 2096 2365 deplorabat.
2185 2281 2335 2348 Illic

372 2373 585 2431 totum
643 2366 861 2431 carnis
913 2365 1258 2449 ingenium
1312 2366 1660 2449 pravitatis
1715 2364 2011 2433 damnat:
2068 2388 2336 2434 carnem

374 2472 530 2518 vero
576 2451 807 2517 definit
822 2503 838 2531 ,
898 2450 1215 2535 quidquid
1260 2471 1300 2515 a
1342 2473 1413 2518 88
1453 2452 1597 2535 11180
1641 2450 1856 2518 habet.
1943 2453 2130 2517 Dum
2176 2473 2334 2537 ergo

373 2539 590 2603 0811118
633 2558 791 2603 suae
834 2537 1147 2621 reliquias
1190 2537 1499 2604 resistere
1541 2538 1671 2602 Dei
1715 2538 2005 2604 iustitiae
2048 2560 2334 2623 conque-

370 2623 569 2704 ritur,
626 2623 783 2706 quid
830 2623 1055 2690 differt
1096 2643 1137 2687 a
1179 2622 1527 2690 Luthero?
1583 2623 1715 2689 11181
1769 2623 1945 2708 00011
1989 2646 2130 2690 1810
2174 2645 2332 2691 880-

373 2708 523 2775 dem
566 2731 703 2775 non
755 2709 1032 2775 totidem
1089 2709 1362 2795 syllabis
1418 2708 1747 2793 exprimit.
1835 2710 2219 2776 Exhorrere
2261 2732 2333 2777 se

368 2796 652 2880 Pighius
696 2795 780 2860 ad
821 2795 994 2862 11800
1030 2795 1318 2861 Lutheri
1351 2817 1577 2863 vocem
1624 2794 1801 2874 dicit,
1847 2802 2156 2862 naturam
2189 2816 2332 2863 car-

371 2883 476 2948 nis
519 2883 590 2947 in
636 2881 882 2948 sanctis
925 2900 1204 2965 quoque,
1250 2882 1438 2947 velut
1479 2882 1690 2948 feram
1731 2881 2151 2963 indomitam,
2199 2883 2331 2966 spi-

364 2958 528 3034 ritui
572 2974 799 3034 sancto
842 2967 1171 3034 reluctari.
1262 2965 1516 3033 Omitto
1561 2989 1737 3034 nunc
1779 2968 2105 3034 Paulum:
2152 2969 2328 3052 quid,

363 3074 555 3140 rogo,
613 3052 737 3120 sibi
789 3053 1025 3120 volunt
1075 3052 1241 3122 haec
1295 3052 1664 3138 Augustini
1691 3054 1741 3137 ¹)
1797 3054 2045 3121 verba?
2133 3054 2328 3140 Item,

363 3162 560 3209 nemo
597 3161 669 3206 se
702 3140 958 3224 palpet:
977 3140 1037 3224 2>
1084 3137 1162 3204 118
1209 3160 1328 3205 800
1364 3138 1650 3205 Satanas
1694 3146 1812 3205 est.
1880 3141 2099 3206 'l'ollat
2131 3140 2329 3206 homo

525 3234 714 3293 atum
756 3225 928 3310 quod
973 3245 1168 3292 suum
1224 3232 1352 3290 est:
1409 3226 1555 3290 Deo
1606 3225 1923 3290 iustitiam
1978 3226 2326 3309 relinquat.

421 3315 445 3379 i
483 3313 650 3379 haec
693 3334 734 3379 8
775 3310 1080 3379 Luthero
1121 3310 1523 3390 dicerentur,
1582 3331 1744 3394 quos
1787 3332 1963 3377 nunc
2003 3312 2330 3377 tumultus

363 3399 652 3500 Pighius
687 3397 1036 3465 misceret?
1104 3397 1210 3463 De
1252 3396 1499 3463 sanctis
1543 3396 1833 3479 loquitur
1874 3397 2325 3481 Augustinus:

363 3484 684 3570 quidquid
726 3491 883 3551 sunt
924 3483 1035 3552 vel
1072 3483 1322 3550 habent
1366 3505 1405 3549 8
1447 3488 1705 3561 natura,
1750 3483 2144 3566 pronunciat
2185 3504 2328 3549 8888

362 3579 738 3656 peccatum:
799 3591 922 3637 1180
965 3591 1041 3636 80
1096 3576 1471 3647 1100180108,
1529 3568 1687 3635 dicit
1737 3569 2033 3653 ipsorum
2086 3590 2326 3635 unum-

365 3678 565 3742 quem
609 3679 693 3723 ue
736 3656 817 3722 de
861 3677 983 3723 suo
1027 3675 1170 3722 esse
1212 3653 1550 3721 Satanam.

595 3744 695 3808 010
737 3741 1005 3827 00111810
1057 3763 1167 3807 108
1219 3763 1369 3807 0010
1422 3741 1659 3806 insano
1711 3740 1836 3807 hoc
1890 3740 2103 3823 capite
2155 3741 2327 3807 nihil

361 3830 716 3917 proficere,
778 3829 893 3912 qui
946 3827 1102 3894 ullis
1155 3827 1501 3912 scripturis
1543 3825 1948 3893 crediturum
1991 3847 2062 3892 se
2105 3834 2323 3911 negat,

366 3936 538 4000 quae
579 3935 768 3982 secus
812 3914 1118 3994 doceant,
1178 3934 1372 3998 quam
1425 3913 1568 3996 ipse
1619 3912 1752 3977 iam
1801 3913 1929 3979 sibi
1971 3913 2325 3995 persuasit:

366 4002 528 4086 quin
580 4002 783 4067 etiam
836 3999 1006 4066 elato
1061 3999 1408 4083 supercilio
1459 3998 1697 4078 iactat,
1759 4020 1895 4064 non
1948 3997 2329 4065 dubitanter

365 4108 443 4155 se
499 4087 828 4154 dicturum
841 4138 857 4165 ,
916 4107 957 4151 a
1014 4084 1272 4152 diabolo
1326 4084 1540 4149 omnis
1596 4083 2047 4168 blasphemiae
2098 4091 2328 4151 autore

363 4172 715 4258 prodiisse,
784 4172 841 4238 si
899 4191 1067 4320 01188
1124 4170 1291 4237 tales
1354 4171 1789 4254 proferantur.
1883 4169 2064 4251 Quid
2126 4171 2327 4237 facias

364 4281 518 4327 cum
562 4258 680 4324 tali
724 4256 897 4323 furia
1033 4254 1173 4323 Sua
1227 4277 1300 4322 se
1355 4256 1825 4340 imaginatione
1876 4262 2024 4336 [pag.
2063 4261 2173 4336 46]
2233 4257 2328 4323 810

364 4343 739 4424 inebriavit,
785 4342 895 4410 vel
936 4343 1287 4409 fascinavit
1326 4344 1573 4425 potius,
1629 4349 1706 4406 ut
1748 4363 1794 4407 n
1878 4365 1961 4409 ue
2005 4344 2324 4423 homines,

364 4451 580 4515 neque
636 4428 908 4515 angelos
921 4481 939 4510 ,
993 4450 1206 4512 neque
1248 4429 1469 4494 Deum
1512 4427 1744 4492 audire
1796 4429 1850 4494 si
1896 4429 1920 4494 i
1961 4428 2326 4495 reclaman-

364 4523 502 4582 tem
559 4515 901 4582 sustineat.
990 4514 1140 4581 Hoc
1184 4514 1360 4580 enim
1404 4513 1826 4599 sacrilegium
1869 4514 2131 4581 disertis
2176 4536 2325 4582 ver-

361 4603 467 4670 bis
522 4602 796 4669 evomit:
855 4599 935 4668 81
987 4621 1154 4684 quae
1207 4601 1572 4683 'scripturae
1615 4599 1905 4666 Lutheri
1960 4600 2326 4667 doctrinam

361 4688 816 4767 adstruerent,
875 4707 916 4751 8
957 4687 1268 4752 Lucifero
1328 4688 1542 4752 omnis
1598 4686 2048 4771 blasphemiae
2093 4693 2160 4752 et
2200 4688 2323 4752 im-

360 4774 632 4859 pietatis
677 4780 907 4839 autore
950 4772 1152 4839 fuisse
1208 4771 1514 4853 dictatas,
1572 4772 1744 4837 nihil
1802 4771 2172 4839 dubitarem
2226 4773 2325 4839 di-

366 4881 533 4927 cere.
601 4859 777 4925 Item
822 4858 1009 4924 alibi:
1057 4856 1235 4925 Sunt
1275 4858 1596 4924 eiusmodi
1630 4858 1953 4943 dogmata,
1999 4866 2077 4924 ut
2111 4858 2328 4925 dicere

362 4967 504 5011 non
549 4944 861 5023 dubitem,
907 4944 1081 5010 nulli
1124 4945 1485 5030 evangelio,
1530 4944 1731 5010 nullis
1764 4946 2130 5031 scripturis,
2177 4945 2326 5012 nul-

360 5031 450 5097 lis
493 5030 825 5116 apostolis,
871 5029 987 5096 sed
1030 5050 1154 5097 nec
1193 5031 1448 5117 angelis
1492 5029 1576 5096 de
1618 5031 1796 5099 coelo
1838 5033 2142 5100 omnibus
2186 5051 2325 5098 cre-

506 5323 564 5390 1)
604 5321 799 5378 1100111.
836 5320 922 5378 49.
957 5322 1020 5377 In
1054 5322 1328 5378 Ioannem.

506 5392 567 5462 2)
605 5391 779 5449 Nemo
818 5408 876 5448 88
912 5391 1105 5461 palpet
1141 5392 1396 5458 (cunisam
1429 5391 1604 5459 item),
1642 5386 1780 5442 1576
1802 5403 1946 5460 seqq.

2449 996 2853 1082 plexandam
2898 1001 3244 1066 veritatem
3291 1011 3527 1087 sponte
3569 1007 3884 1090 propensi
3927 1014 4111 1072 sunt:
4170 1008 4279 1074 vel
4320 1010 4415 1076 sic

2450 1084 2526 1147 in
2570 1105 2791 1149 errore
2836 1084 3243 1169 detinentur,
3304 1096 3381 1154 ut
3433 1090 3571 1156 sint
3622 1097 3847 1159 tamen
3902 1093 4257 1160 sanabiles:
4304 1095 4414 1161 vel

2449 1168 2687 1235 saltem
2729 1192 2863 1235 non
2897 1172 2990 1237 ita
3025 1180 3181 1238 sunt
3215 1174 3667 1259 obstupefacti,
3712 1180 3871 1261 quin
3915 1179 4210 1246 sentiant
4242 1179 4416 1263 quod

2449 1254 2708 1321 dicitur.
2800 1256 2894 1322 At
2948 1260 3151 1324 sacris
3192 1258 3335 1324 -Dei
3393 1262 3671 1330 oraculis
3736 1264 3905 1329 nihil
3973 1263 4287 1350 derogare
4342 1288 4414 1332 se

2444 1347 2657 1423 putat,
2702 1342 2855 1425 quia
2897 1344 3203 1426 possibile
3248 1366 3381 1411 non
3434 1348 3550 1427 sit,
3613 1370 3691 1414 88
3746 1357 3865 1415 801
3906 1350 4239 1431 Luthero,
4298 1361 4413 1416 aut

2445 1425 2635 1492 nobis
2680 1427 3050 1513 suffragari.
3140 1431 3286 1514 Ego
3333 1452 3487 1498 vero
3532 1434 3792 1500 nuHum
3836 1443 4256 1519 praetextum
4299 1438 4412 1503 ob-

2446 1510 2629 1577 tendi
2685 1534 2874 1596 posse
2929 1515 3286 1597 contendo,
3347 1518 3511 1602 quin
3562 1520 3729 1586 istae
3781 1542 3977 1587 voces
4031 1522 4292 1589 illustre
4346 1530 4413 1588 et

2445 1599 2905 1682 consignatum
2951 1600 3035 1665 ad
3076 1608 3372 1686 posteros
3416 1605 3874 1672 testimonium
3916 1607 4230 1689 reddant,
4277 1610 4411 1693 spi-

2444 1685 2606 1749 ritui
2661 1692 2887 1751 sancto
2938 1687 3012 1751 in
3065 1687 3411 1772 scripturis
3466 1690 3790 1775 loquenti,
3848 1699 3915 1757 et
3967 1701 4237 1761 aeterna
4278 1695 4412 1761 Dei

2441 1767 2693 1918 Elacita
2734 1773 3232 1854 pronuncianti,
3288 1774 3497 1841 nihilo
3550 1776 3699 1860 plus
3755 1781 4167 1846 reverentiae
4220 1781 4408 1847 detu-

2474 1855 2599 1921 ’sse
2641 1856 2979 1939 Pighium,
3024 1879 3220 1941 quam
3253 1861 3521 1927 Platoni
3565 1883 3650 1928 ex
3692 1865 3960 1947 proprio
4004 1866 4215 1949 capite
4257 1866 4408 1950 phi-

2443 1940 2833 2025 losophanti.
2946 1941 3117 2024 Quis
3189 1947 3365 2011 enim
3380 1998 3398 2028 ,
3479 1948 3672 2014 modo
3747 1950 4107 2016 scintillam
4182 1973 4405 2033 unam,

2441 2026 2807 2109 quamlibet
2850 2029 3161 2113 exiguam
3179 2082 3195 2110 ,
3241 2033 3499 2099 timoris
3543 2035 3673 2100 Dei
3716 2033 4052 2101 residuam
4095 2038 4166 2101 in
4212 2037 4408 2103 corde

2439 2111 2713 2192 habeat,
2766 2113 2860 2178 sic
2901 2112 3081 2197 loqui
3126 2116 3342 2182 ausit?
3433 2119 3770 2205 Angelum
3815 2122 4079 2204 quidem
4126 2144 4161 2189 e
4205 2123 4405 2204 coelo,

2441 2199 2498 2263 si
2553 2198 2731 2263 aliud
2786 2200 3206 2284 evangelium
3255 2202 3584 2283 attulerit,
3639 2226 3759 2289 pro
3813 2207 4232 2275 anathemate
4286 2209 4406 2275 118-

2438 2283 2585 2349 beri
2638 2283 2820 2349 iubet
2869 2284 3124 2352 Paulus
3179 2287 3360 2372 (Gal.
3408 2294 3460 2367 l,
3500 2291 3589 2375 8).
3679 2289 3966 2375 Nempe,
4026 2314 4231 2377 quum
4284 2314 4403 2359 an·

2440 2369 2623 2454 gelos
2668 2391 2757 2453 qu
2841 2390 2924 2436 ue
2967 2370 3197 2440 subiici
3242 2382 3311 2440 et
3354 2373 3618 2440 obedire
3659 2377 3863 2442 verbo
3907 2378 4041 2442 Dei
4084 2386 4402 2477 oporteat,

2437 2455 2674 2521 merito
2718 2476 2792 2522 18
2841 2457 2854 2471 ’
2950 2464 3109 2523 ntur
3149 2459 3222 2524 10
3266 2459 3442 2526 11000
3485 2460 3802 2541 ordinem,
3849 2468 3926 2525 ut
3967 2463 4024 2528 si
4069 2463 4261 2529 ahter
4303 2465 4401 2530 fa-

2438 2541 2637 2622 ciant,
2682 2541 3036 2609 daemones
3080 2552 3489 2612 censeantur.
3580 2545 3978 2631 Quanquam
4029 2557 4251 2614 autem
4294 2570 4401 2616 ac-

2438 2626 2657 2693 cidere
2700 2627 2771 2693 id
2814 2649 2952 2693 non
2995 2637 3225 2713 potest,
3270 2633 3438 2697 tanti
3484 2638 3586 2698 est
3627 2642 3851 2698 tamen
3894 2634 4222 2719 evangelii
4261 2655 4402 2700 ma-

2436 2711 2668 2793 iestas,
2727 2721 2805 2780 ut
2858 2715 2943 2779 ad
2991 2736 3137 2780 eam
3181 2716 3647 2784 vindicandam
3702 2718 4091 2803 angelorum
4135 2723 4402 2787 nomine

2437 2799 2913 2882 quodammodo
2958 2800 3141 2866 abuti
3190 2804 3376 2869 nefas
3418 2825 3555 2869 non
3599 2804 3702 2870 sit.
3791 2805 3931 2889 Ipsi
3988 2813 4212 2872 autem
4254 2805 4402 2873 Deo

2436 2886 2794 2951 anathema
2835 2887 3153 2971 irrogare,
3199 2888 3388 2971 quale
3433 2890 3812 2974 exemplum
3856 2891 3996 2956 est?
4063 2891 4289 2957 Deum
4327 2892 4402 2957 in

2435 2971 2782 3054 scripturis
2827 2974 3071 3038 sanctis
3105 2973 3301 3058 loqui,
3347 2996 3540 3040 nemo
3578 2978 3841 3058 piorum
3879 2975 4151 3042 dubitat.
4222 2975 4401 3059 Quid

2436 3076 2596 3141 ergo
2653 3056 2835 3123 aliud
2894 3057 3018 3125 sibi
3076 3060 3292 3125 voluit
3353 3060 3489 3126 illis
3544 3060 3768 3127 verbis
3822 3061 4133 3149 Pighius,
4201 3083 4401 3147 quam

2436 3150 2619 3208 certa
2671 3144 2801 3208 Dei
2857 3144 3119 3210 oracula
3174 3151 3321 3225 [pag.
3377 3152 3485 3227 47]
3542 3167 3614 3213 se
3668 3147 3994 3214 dicturum
4050 3169 4092 3212 a
4145 3148 4399 3216 diabolo

2435 3228 2615 3294 edita
2667 3229 2904 3308 fuisse,
2961 3233 3018 3296 si
3071 3230 3351 3296 liberum
3411 3232 3661 3297 homini
3719 3234 4063 3299 arbitrium
4118 3233 4396 3299 tollant?

2435 3313 2635 3394 Haec„
2665 3316 3036 3399 quicunque
3080 3317 3228 3398 pius
3273 3315 3472 3397 audit,
3494 3338 3740 3382 -nonne
3775 3317 4140 3385 Cerberum
4176 3322 4397 3403 potius

2433 3399 2723 3484 aliquem
2760 3400 3009 3467 latrare
3054 3401 3245 3483 dicat,
3292 3423 3487 3485 quam
3527 3404 3864 3468 hominem
3907 3404 4137 3488 loqui?

2604 3485 2753 3551 Iam
2795 3495 2869 3552 ut
2908 3488 3269 3572 scripturas
3311 3488 3488 3571 ipsas
3534 3490 3722 3555 nobis
3765 3492 4077 3571 excutiat,
4123 3492 4249 3556 hoc
4292 3511 4398 3556 ar-

2433 3578 2748 3655 gumento
2800 3572 3042 3638 utitur:
3109 3573 3347 3659 legisse
3403 3594 3514 3639 888
3566 3581 3791 3659 1181188
3845 3595 4102 3656 010088,
4170 3577 4398 3642 011110-

2434 3657 2639 3724 doxos
2684 3663 2750 3722 et
2803 3666 3063 3726 sanctos
3116 3659 3446 3740 homines,
3504 3661 3840 3727 neminem
3891 3667 4116 3728 tamen
4168 3667 4397 3728 eoru‘m

2430 3742 2866 3823 intellexisse,
2934 3744 3299 3812 inevitabili
3365 3746 3755 3813 necessitate
3804 3747 3994 3814 nobis
4046 3750 4395 3831 provenire

2431 3830 2656 3894 omnia
2664 3854 2681 3910 3
2734 3830 3067 3897 neminem
3124 3830 3396 3913 dixisse,
3453 3830 3884 3915 impossibilia
3935 3834 4123 3900 nobis
4168 3854 4207 3897 8
4249 3834 4394 3900 Deo

2430 3915 2746 3999 praecipi,
2809 3921 2925 3981 aut
2975 3937 3095 3999 pro
3147 3917 3231 3982 iis
3282 3915 3581 3982 damnari
3637 3918 3971 3997 homines,
4030 3937 4196 4001 quae
4254 3940 4392 3984 non

2430 4000 2637 4066 libera
2688 4000 3065 4083 voluntate,
3121 4000 3238 4067 sed
3292 4003 3480 4068 fatali
3532 4004 3924 4069 necessitate
3974 4003 4242 4086 impulsi
4295 4005 4392 4069 fa-

2431 4087 2614 4152 ciunt
2624 4110 2641 4166 ;
2698 4087 3059 4166 neminem,
3119 4088 3342 4153 Deum
3385 4089 3794 4155 existimasse
3835 4089 4081 4153 fontem
4129 4110 4205 4154 ac
4250 4109 4391 4155 sca-

2431 4172 2790 4257 turiginem
2857 4173 3180 4239 scelerum
3245 4181 3314 4237 et
3374 4174 3775 4258 flagitiorum
3834 4173 4151 4239 omnium.
4240 4174 4392 4241 Pri-

2430 4279 2613 4322 mum
2658 4258 3047 4342 respondeo,
3102 4264 3325 4343 patres
3368 4258 3582 4323 nihilo
3624 4259 3838 4343 magis
3884 4280 4081 4343 quam
4126 4281 4245 4327 nos
4287 4262 4393 4326 vi-

2431 4351 2572 4409 tam
2611 4365 2847 4427 resque
2891 4344 3233 4409 hominum
3273 4345 3579 4410 fortunae
3624 4344 3963 4424 subiicere,
4012 4343 4130 4411 sed
4171 4346 4390 4429 provi-

2430 4428 2724 4495 dentiam
2781 4428 2913 4496 Dei
2969 4451 3322 4514 agnoscere
3379 4436 3446 4495 et
3502 4431 3902 4497 constituere
3955 4452 4281 4496 summam
4326 4438 4394 4497 et

2428 4516 2690 4582 unicam
2736 4516 3284 4600 gubernatricem,
3338 4537 3505 4600 quae
3548 4518 3798 4600 praesit
3841 4517 4131 4582 consiliis
4175 4516 4390 4586 homi-

2430 4622 2594 4667 num
2609 4653 2624 4680 ,
2690 4601 3069 4668 voluntates
3134 4604 3388 4683 flectat,
3457 4610 3731 4669 eventus
3795 4601 4174 4667 moderetur
4185 4625 4201 4681 3
4265 4622 4389 4667 nec

2429 4688 2917 4772 providentiam
2958 4709 3070 4755 eos
3119 4689 3498 4839 imaginari,
3559 4708 3726 4772 quae
3783 4686 4031 4753 subitos
4085 4693 4200 4751 aut
4242 4707 4389 4753 cae-

2432 4795 2541 4841 cos
2593 4773 2834 4840 habeat
2888 4782 3104 4841 motus
3118 4827 3133 4854 ,
3189 4797 3270 4842 ve
3354 4775 3435 4841 ab
3488 4773 3907 4840 inferioribus
3962 4773 4174 4838 causis
4226 4793 4388 4857 peu-

2432 4860 2611 4939 deat,
2652 4859 2760 4926 vel
2812 4867 3003 4924 nutet
3042 4860 3231 4927 varia
3280 4866 3347 4926 et
3395 4860 3647 4925 incerta
3688 4857 3774 4924 ad
3816 4858 4124 4922 fortuitos
4179 4879 4387 4940 casus,

2431 4943 2546 5012 sed
2582 4964 2750 5027 quae
2792 4944 3002 5023 firmo,
3048 4945 3285 5025 stabili,
3329 4952 3772 5029 perpetuoque
3812 4950 4040 5008 tenore
4075 4941 4200 5009 sibi
4234 4966 4388 5012 con-

2431 5035 2576 5097 stet.
2644 5027 2751 5095 De
2794 5029 3084 5112 possibili
3128 5038 3242 5096 aut
3282 5029 3669 5115 impossibili
3709 5030 3874 5115 legis
3909 5028 4387 5112 observatione,

2812 5114 2944 5180 uod
3000 5137 3121 5183 nos
3170 5118 3240 5182 in
3295 5124 3628 5184 certamen
3671 5136 3820 5182 cum
3863 5114 4165 5200 patribus
4208 5136 4387 5183 com-

2815 5222 2924 5266 am
2966 5222 3169 5284 quum
3212 5201 3734 5268 observationem
3777 5202 3943 5287 legis
3984 5201 4236 5267 homini
4281 5224 4386 5268 88-

2429 5136 2568 5179 non
2621 5121 2723 5179 est

2429 5200 2670 5265 mittat.

2431 5285 2714 5353 serimus
2777 5307 2920 5352 esse
2984 5287 3471 5371 impossibilem,
3538 5284 3670 5353 duo
3732 5284 4382 5372 comprehendimus:

2429 5372 2928 5456 perfectionem,
2986 5393 3149 5455 quae
3204 5371 3339 5438 illic
3394 5395 3434 5439 a
3488 5374 3680 5440 001118
3730 5374 4048 5458 exigitur,
4107 5380 4386 5441 naturae
