4999 6179
588 444 714 507 359

589 630 1015 713 compellant,
1075 628 1328 693 homini
1386 626 1547 693 illud
1604 628 1869 693 subesse
1934 626 2340 710 significant,
2397 646 2549 692 cum

590 716 720 782 illis
776 716 986 781 altera
1043 735 1124 779 ex
1182 721 1371 799 parte
1415 714 1581 779 aliae
1636 712 2093 787 conferuntur,
2153 731 2320 795 quae
2378 709 2552 775 dona

590 801 722 866 Dei
768 823 910 868 esse
953 800 1326 877 ostendunt,
1383 820 1805 883 quaecunque
1859 818 1898 861 a
1940 797 2126 862 nobis
2171 799 2546 882 exiguntur.

592 888 739 953 Iam
781 908 911 971 qua
965 888 1148 971 potui
1205 888 1454 970 optima
1506 885 1635 951 fide
1690 885 1998 967 exposui,
2055 882 2212 966 quid
2255 891 2397 947 tota
2437 882 2552 947 illa

595 975 996 1058 comparatio
1040 973 1163 1037 sibi
1213 973 1396 1037 velit:
1454 972 1578 1036 hoc
1621 979 1754 1047 est,
1810 978 1879 1034 et
1921 989 2233 1052 quorsum
2278 977 2549 1052 spectet,

594 1070 661 1125 et
703 1058 861 1143 quid
904 1060 1251 1125 contineat.
1318 1058 1598 1123 Duobus
1643 1064 1865 1122 autem
1901 1056 2215 1121 membris
2260 1062 2547 1121 constat:

596 1154 828 1228 sponte
883 1164 1154 1228 peccare
1209 1143 1538 1222 homines,
1582 1164 1786 1225 quum
1829 1150 2129 1224 peccant,
2178 1151 2247 1205 et
2288 1142 2552 1224 proprio

595 1231 956 1296 voluntatis
999 1240 1206 1295 motu:
1265 1229 1538 1312 ideoque
1591 1230 1838 1293 frustra
1888 1228 2015 1293 alio
2073 1227 2369 1292 derivare
2414 1227 2552 1293 cul-

595 1338 765 1400 pam.
856 1314 1081 1397 Quum
1127 1323 1347 1381 autem
1391 1316 1519 1380 Dei
1566 1315 1801 1398 spiritu
1848 1313 1930 1378 ad
1973 1314 2217 1380 bonum
2255 1312 2381 1376 diri
2476 1335 2551 1376 n-

592 1412 722 1482 tur,
769 1423 904 1466 non
951 1403 1045 1468 sic
1088 1401 1350 1468 excludi
1393 1421 1619 1465 eorum
1665 1401 2096 1465 voluntatem:
2145 1421 2348 1482 quum
2383 1335 2553 1463 {ileo

598 1490 741 1572 ipsa
784 1489 873 1554 sit
914 1488 1159 1572 gratia,
1220 1508 1447 1551 eorum
1489 1486 1898 1551 voluntatem
1958 1485 2040 1549 ad
2085 1485 2439 1550 amandum
2486 1490 2554 1548 et

596 1572 1037 1657 appetendum
1087 1575 1326 1638 bonum
1373 1573 1709 1637 inclinare.
1783 1574 1996 1637 Porro
2042 1572 2152 1638 ubi
2195 1570 2550 1649 hominem,

594 1668 740 1724 tum
785 1661 857 1724 in
899 1659 1118 1739 bonis,
1166 1672 1308 1723 tum
1360 1659 1431 1724 111
1477 1658 1670 1722 malis
1712 1658 2047 1742 operibus,
2109 1657 2551 1722 voluntarium

596 1766 738 1812 esse
773 1746 1199 1811 monstravit:
1240 1753 1468 1828 postea
1507 1743 1588 1808 de
1626 1744 1961 1808 voluntate
1996 1745 2156 1826 ipsa,
2194 1743 2405 1826 qualis
2445 1742 2551 1821 sit,

597 1841 664 1896 et
727 1831 884 1915 quid
948 1852 1066 1914 per
1122 1853 1194 1895 se
1245 1830 1490 1910 valeat,
1550 1830 1747 1895 simul
1793 1829 1872 1894 de
1940 1830 2228 1894 efficacia
2281 1830 2551 1913 gratiae,

600 1917 933 1999 disputare
990 1918 1245 2000 incipit,
1275 1917 1322 2001 ¹)
1393 1924 1460 1981 et
1513 1916 1918 1980 voluntatem
1985 1914 2250 1998 quidem
2314 1924 2555 1979 natura

598 2024 859 2087 semper
922 2002 1165 2067 malam
1232 2022 1402 2079 0000,
1469 2009 1545 2065 ut
1609 2002 1776 2066 nihil
1829 2022 2022 2083 quam
2057 2002 2207 2087 ⁸Dei
2262 2000 2556 2067 iustitiae

598 2089 1020 2171 pertinaciter
1065 2089 1366 2153 resistere
1403 2095 1628 2169 queat:
1676 2087 1814 2152 sola
1859 2087 2073 2171 gratia
2107 2086 2343 2152 bonam
2379 2086 2552 2151 fieri:

600 2186 668 2238 et
708 2175 800 2238 ita
841 2175 1002 2254 fieri,
1052 2183 1127 2239 ut
1171 2181 1328 2238 tunc
1371 2174 1715 2249 iustitiam,
1763 2195 1804 2238 a
1847 2194 1976 2255 qua
2017 2174 2200 2255 prius
2245 2171 2555 2237 abhorre-

596 2260 727 2337 bat,
774 2260 1142 2324 necessario
1189 2259 1420 2343 diligat
1463 2266 1529 2323 et
1573 2267 1901 2342 sequatur.
1993 2257 2170 2339 Quid
2216 2258 2376 2323 nos?
2444 2261 2552 2323 An

595 2345 1004 2411 voluntatem
1050 2344 1462 2411 excludimus
1514 2347 1764 2428 gratiae
1809 2344 2335 2428 praedieatione?
2399 2344 2554 2409 Alio

597 2432 802 2515 igitur
842 2431 1054 2497 colore
1111 2453 1180 2495 se
1224 2432 1468 2496 vestiat
1509 2430 1791 2514 Pighius
1837 2438 2121 2513 oportet,
2165 2431 2222 2495 si
2266 2430 2375 2495 vel
2407 2451 2554 2494 me-

598 2516 922 2583 diocribus
976 2517 1264 2600 ingeniis
1321 2517 1656 2598 imponere
1711 2515 1891 2581 velit.
1983 2516 2334 2581 Neminem
2379 2516 2553 2582 enim

595 2603 825 2687 fugere
879 2610 1124 2683 potest,
1196 2622 1391 2683 quam
1461 2610 1899 2686 congruenter
1944 2603 2395 2686 Augustinus,
2463 2603 2558 2667 sic

486 2736 490 2740 -
596 2685 955 2766 scribendo,
1002 2687 1339 2752 nobiscum
1385 2694 1452 2752 et
1494 2689 1738 2752 sentiat
1780 2696 1847 2752 et
1888 2687 2213 2771 loquatur.

770 2770 907 2838 Sed
949 2774 1080 2837 iam
1124 2781 1386 2855 tempus
1422 2782 1540 2851 cst,
1586 2781 1665 2837 ut
1699 2781 2149 2839 sacrosanctae
2183 2773 2407 2858 Pighii
2443 2771 2556 2838 de-

596 2858 884 2924 finitioni
939 2858 1131 2923 detur
1182 2858 1388 2924 locus:
1452 2867 1524 2924 ut
1564 2859 1719 2924 inde
1761 2859 1997 2923 melius
2041 2865 2382 2942 appareat,
2427 2879 2557 2941 quo

595 2946 740 3010 iure
796 2945 1177 3010 universam
1247 2948 1396 3023 [pag.
1446 2950 1594 3025 176]
1669 2944 2007 3011 ecclesiam
2086 2946 2430 3011 nobiscum
2486 2946 2556 3009 in

597 3038 930 3096 certamen
973 3032 1356 3110 committat,
1404 3039 1479 3097 ut
1513 3031 1654 3098 cius
1689 3029 1922 3097 deinde
1958 3032 2394 3114 patrocinium
2432 3031 2557 3097 sibi

599 3125 888 3201 usurpet.
979 3119 1357 3201 Antequam
1402 3139 1560 3184 vero
1604 3118 1685 3184 de
1730 3140 1802 3183 re
1855 3118 2001 3200 ipsa
2045 3139 2311 3184 sensum
2359 3140 2555 3183 suum

596 3205 902 3286 proferat,
948 3205 1102 3286 quia
1142 3204 1216 3268 in
1259 3204 1386 3271 hac
1430 3204 1817 3288 quaestione
1860 3203 1942 3269 de
1995 3207 2208 3288 gratia
2263 3205 2390 3269 Dei
2439 3226 2557 3287 po-

597 3290 926 3353 tissimum
971 3289 1209 3372 agitur,
1255 3288 1551 3355 diversas
1594 3288 1790 3356 huius
1824 3291 2006 3355 vocis
2043 3291 2557 3375 significationes

601 3383 970 3439 enumerat:
1033 3397 1244 3458 neque
1301 3385 1526 3440 tamen
1593 3375 1770 3441 aliud
1839 3376 2060 3454 affert,
2119 3377 2248 3442 nisi
2292 3375 2465 3459 quod
2518 3399 2557 3441 a

600 3461 844 3523 nostris
901 3459 1252 3543 diligenter
1309 3461 1728 3526 observatum
1795 3469 1862 3526 et
1924 3462 2243 3527 traditum
2297 3462 2554 3546 pridem

599 3545 756 3608 fuit:
815 3547 1076 3611 tametsi
1133 3546 1485 3630 pessimam
1550 3549 1829 3631 gratiam
1897 3569 2052 3613 mox
2117 3549 2375 3614 referat.
2465 3549 2557 3613 Et

600 3637 822 3695 tamen
892 3639 965 3695 ut
1029 3630 1284 3711 videas,
1348 3653 1545 3713 quam
1596 3633 1847 3714 peritus
1911 3633 1999 3698 sit
2053 3634 2429 3718 theologuS,
2499 3633 2557 3698 si

600 3716 756 3799 quid
816 3715 896 3781 de
952 3737 1071 3781 suo
1120 3717 1263 3781 vult
1320 3719 1650 3800 ingerere,
1707 3739 1874 3800 quae
1935 3720 2098 3785 alias
2155 3719 2322 3784 bene
2382 3719 2557 3785 dicta

599 3805 889 3878 fuerant,
949 3803 1088 3868 suis
1140 3804 1448 3868 farcturis
1492 3806 1852 3887 corrumpit
1895 3812 2090 3888 atque
2131 3807 2555 3871 contaminat.

599 3887 766 3952 Inde
810 3887 893 3953 ad
937 3887 1415 3966 declarandam,
1462 3910 1628 3972 quae
1670 3910 1756 3954 ex
1800 3893 1992 3973 primi
2037 3890 2321 3962 hominis
2361 3891 2557 3974 lapsu

601 3976 822 4052 fluxit,
870 3983 1147 4039 naturae
1192 3976 1675 4058 corruptionem
1720 3978 1988 4041 transit:
2048 3986 2122 4042 ut
2163 3977 2392 4060 procul
2437 3974 2557 4041 du-

600 4059 704 4124 bio
750 4061 819 4124 in
855 4061 997 4126 eius
1033 4062 1402 4145 cognitione
1441 4062 1641 4125 totius
1678 4061 2142 4145 disputationis
2176 4063 2371 4127 cardo
2411 4085 2556 4129 ver·

600 4148 781 4209 titur.
875 4145 1269 4230 Quanquam
1315 4147 1551 4223 miror,
1598 4146 1755 4229 quid
1802 4169 1979 4214 nunc
2025 4151 2085 4214 ei
2136 4149 2207 4213 in
2256 4157 2557 4216 mentem

601 4232 874 4310 venerit,
920 4241 997 4296 ut
1039 4233 1159 4298 hoc
1203 4230 1472 4298 exordio
1526 4241 1857 4312 uteretur,
1913 4254 2114 4317 quum
2151 4234 2306 4299 alibi
2351 4236 2555 4317 scrip-

602 4318 779 4394 serit,
817 4317 982 4381 nihil
1020 4339 1162 4383 esse
1198 4320 1408 4403 magis
1433 4339 1471 4383 a
1495 4320 1751 4383 ratione
1778 4319 2288 4386 dissentaneum.
2336 4321 2554 4400 Clara,

601 4403 844 4486 inquit,
903 4412 1033 4481 est,
1091 4411 1159 4468 ct
1213 4404 1458 4468 nemini
1517 4406 1853 4488 incognita
1896 4406 1976 4471 de
2034 4407 2237 4472 libero
2284 4408 2553 4473 arbitrio

600 4489 913 4555 ecclesiae
971 4489 1277 4553 definitio.
1380 4490 1485 4554 De
1543 4491 1850 4574 originali
1901 4500 2190 4575 peccate,
2252 4493 2553 4572 difficilis,

601 4574 876 4641 obscura
924 4585 989 4640 et
1041 4575 1355 4658 perplexa
1421 4596 1679 4659 sempor
1744 4577 1870 4641 fuit
1923 4580 2232 4661 quaestio,
2335 4577 2550 4659 Quam

603 4682 759 4744 ergo
816 4660 1170 4726 absurdum
1230 4671 1357 4739 est,
1414 4683 1554 4726 rem
1613 4683 1731 4745 per
1784 4684 1854 4728 00
1897 4663 2266 4746 expeditam
2325 4687 2555 4748 super·-

601 4767 808 4811 vacua
862 4747 1246 4812 difficultate
1299 4747 1677 4812 involvere?
1767 4748 1916 4815 Hoc
1969 4750 2229 4832 quidem
2280 4750 2555 4830 dicebat,

601 4842 677 4894 ut
734 4852 773 4895 a
837 4831 974 4896 1000
1039 4833 1162 4898 sibi
1224 4853 1455 4914 parum
1516 4831 1853 4899 commodo
1908 4834 2308 4902 deflecteret:
2376 4859 2558 4902 nunc

600 4927 818 4982 autem
868 4919 1136 4983 rationis
1182 4920 1476 5000 potentia
1519 4919 1765 5000 victus,
1812 4921 1968 4985 facit
2011 4921 2178 5006 quod
2227 4923 2556 5006 improba-

601 5013 802 5067 verat.
897 5005 985 5065 Et
1040 5023 1199 5068 sane
1239 5005 1480 5070 nimiae
1524 5004 1590 5069 id
1648 5006 1983 5073 socordiae
2027 5019 2094 5073 et
2148 5008 2557 5091 stupiditatis

597 5091 844 5162 fuerat,
896 5088 1062 5154 velle
1102 5110 1142 5152 a
1188 5092 1518 5172 praesenti
1578 5094 1956 5174 quaestione
2003 5114 2382 5176 expungere
2427 5093 2556 5157 ori-

600 5174 816 5257 ginale
871 5182 1243 5258 peccatum:
1303 5198 1385 5240 ex
1430 5199 1556 5260 quo
1611 5177 1961 5261 praecipua
2016 5200 2169 5262 pars
2214 5177 2556 5260 dependet.

615 5294 714 5303 —-—

741 5363 796 5422 1)
836 5362 960 5431 Cap.
1002 5360 1084 5417 15.

1896 433 2425 504 RESPONSIO
2470 434 2848 502 CONTRA
2888 432 3307 503 PIGHIUM

4476 441 4588 506 360

2651 624 2890 707 Longo
2945 622 3192 689 scilicet
3247 623 3582 689 volumine
3626 622 3976 690 contendet
4014 624 4330 709 Pighius,
4388 626 4590 693 Deum

2653 710 2907 774 homini
2963 708 3241 774 liberum
3297 710 3643 774 arbitrium
3699 709 4072 776 contulisse.
4164 709 4345 792 Quid
4387 713 4594 796 inepto

2652 795 2872 861 labore
2918 817 2988 861 se
3033 795 3365 862 macerat?
3434 795 3664 878 Neque
3706 796 3883 861 enim
3929 796 4104 862 aliud
4150 798 4416 863 tandem
4453 817 4595 864 con-

2653 890 2978 964 sequetur,
3024 881 3137 946 ubi
3182 881 3294 946 diu
3337 881 3751 965 multumque
3795 880 4154 961 sudaverit,
4203 884 4332 950 11101
4373 894 4448 948 ut
4488 906 4596 949 an-

2653 988 2935 1032 nuamus
2979 988 3216 1033 verum
3272 987 3447 1046 esse,
3501 965 3675 1051 quod
3730 989 3989 1051 semper
4032 969 4308 1053 professi
4353 990 4595 1036 sumus:

2655 1060 2724 1118 et
2766 1054 2934 1135 quod
2983 1055 3148 1118 forte
3194 1075 3323 1118 non
3382 1054 3477 1118 ita
3523 1053 3764 1119 diserte
3810 1055 4022 1136 eloqui
4065 1067 4314 1138 posset,
4372 1056 4494 1120 nisi
4535 1058 4599 1121 in

2655 1139 2878 1204 schola
2932 1147 3157 1205 nostra
3213 1140 3609 1223 profecisset.
3708 1141 3905 1205 Nunc
3949 1142 4333 1220 asserimus,
4379 1142 4601 1207 huma·

2655 1242 2817 1289 num
2862 1247 3072 1309 genus
3116 1226 3373 1309 perdita
3414 1226 3557 1303 illa,
3620 1247 3818 1309 quam
3861 1228 3929 1290 in
3975 1230 4306 1293 creatione
4351 1248 4600 1312 aecepe-

2656 1322 2777 1387 rat,
2821 1311 3141 1389 libertate,
3188 1313 3261 1376 in
3303 1314 3616 1377 miseram
3648 1313 4037 1378 servitutem
4076 1313 4409 1379 decidisse.
4464 1314 4603 1379 Hoc

2655 1397 2938 1480 Pighius
2984 1398 3296 1463 concedit.
3385 1397 3468 1462 In
3513 1398 3639 1465 hoc
3684 1399 4021 1463 servitutis
4058 1408 4236 1464 statu
4282 1401 4605 1464 hominem

2656 1504 2976 1567 negamus
3035 1483 3240 1549 libera
3294 1483 3582 1568 eligendi
3642 1494 3775 1550 tam
3833 1485 4015 1563 boni,
4076 1507 4271 1568 quam
4316 1486 4474 1549 mali
4518 1487 4605 1550 fa-

2655 1568 2903 1634 cultate
2944 1590 3085 1635 esse
3128 1568 3532 1652 praeditum,
3593 1578 3670 1634 ut
3714 1571 3797 1636 ad
3841 1576 3986 1651 [pag.
4039 1576 4186 1650 177]
4230 1570 4606 1636 utrumlibet

2656 1656 3143 1722 accommodare
3185 1679 3256 1721 se
3301 1664 3512 1739 queat.
3604 1655 3748 1723 Sub
3791 1658 4041 1740 peccati
4094 1657 4419 1740 siquidem
4460 1657 4607 1741 iugo

2656 1742 2872 1806 teneri
2927 1743 3253 1820 vinctum,
3315 1754 3391 1806 ut
3443 1742 3527 1807 ad
3567 1742 3702 1808 Dei
3756 1743 4039 1827 gratiam
4099 1745 4390 1826 aspirare
4434 1742 4607 1808 nullo

2656 1828 2848 1891 modo
2904 1829 3139 1911 possit,
3192 1827 3397 1894 donec
3464 1829 3716 1894 Christi
3781 1829 3998 1913 gratia
4053 1830 4388 1896 liberetur.
4487 1829 4610 1895 Hic

2658 1913 2870 1978 nodus
2911 1923 3030 1991 est,
3075 1915 3145 1979 in
3190 1936 3319 1997 quo
3363 1915 3643 1998 Pighius
3688 1916 3965 1981 resistit:
4013 1924 4093 1980 et·
4121 1923 4345 1980 tamen
4389 1916 4462 1979 in
4505 1937 4613 1979 ex·

2659 1999 2969 2065 cutienda
3024 2002 3468 2066 controversia
3536 2001 3739 2066 ullam
3807 2002 3947 2065 eius
4011 2003 4412 2067 mentionem
4478 2002 4615 2065 fieri

2660 2094 2866 2152 vetat:
2925 2084 3040 2150 'sed
3084 2108 3287 2164 nunc,
3350 2095 3423 2150 ut
3468 2087 3635 2165 dixi,
3694 2088 3986 2152 veritatis
4032 2088 4098 2151 vi
4142 2087 4495 2170 impulsuS,
4552 2089 4612 2150 in

2660 2194 2807 2237 011111
2857 2171 3073 2261 locum
3118 2173 3457 2256 ingressus
3482 2181 3602 2252 est,
3650 2195 3843 2256 quem
3872 2183 4210 2256 tantopere
4233 2173 4613 2258 refugiebat.

2833 2258 3043 2322 Porro
3089 2280 3173 2322 ne
3218 2259 3286 2322 in
3333 2260 3751 2325 revolvendis
3804 2261 3946 2325 eius
3984 2260 4259 2325 somniis
4304 2259 4618 2343 prolixior

2661 2346 2805 2421 sim,
2854 2344 3066 2427 capita
3100 2354 3359 2409 tantum
3393 2346 3537 2429 ipsa
3581 2366 3801 2410 rerum
3838 2347 4126 2412 breviter
4159 2347 4418 2413 notabo.
4488 2345 4617 2410 Im-

2660 2432 2841 2514 pium
2898 2450 3040 2495 esse
3108 2436 3301 2513 atque
3369 2432 3676 2496 insanum
3729 2440 4171 2497 commentum
4229 2442 4459 2498 censet
4511 2432 4619 2497 Pi·

2662 2516 2875 2601 ghiuS,
2922 2515 3093 2598 quod
3131 2524 3435 2581 naturam
3479 2517 3801 2605 tradimus
3836 2518 3929 2582 sic
3965 2519 4265 2582 vitiatam
4293 2540 4441 2584 esse
4476 2539 4619 2601 pec·

2662 2614 2805 2668 cato
2865 2602 3166 2684 originis,
3221 2609 3298 2666 ut
3351 2602 3515 2667 nihil
3574 2603 3857 2687 amplius
3908 2604 4119 2685 possit
4170 2603 4373 2668 homo
4431 2624 4620 2687 quam

2661 2709 2949 2772 peccare.
3007 2687 3239 2771 Neque
3283 2690 3459 2753 enim
3495 2689 3781 2755 ablatam
3821 2688 4006 2754 nobis
4049 2688 4255 2754 fuisse
4293 2698 4621 2765 naturam,

2664 2771 2774 2840 sed
2834 2773 3077 2838 donum
3137 2781 3399 2839 tantum
3464 2775 3995 2857 supernaturale,
4054 2774 4227 2858 quod
4282 2775 4624 2840 meliorem

2662 2860 3244 2943 perfectioremque
3269 2859 3584 2925 reddebat
3595 2869 3922 2939 naturam,
3948 2881 4146 2943 quam
4167 2861 4240 2925 in
4269 2882 4343 2926 se
4375 2861 4621 2926 fuisset.

2662 2945 2998 3011 Haeccine
3066 2952 3168 3010 est
3221 2967 3447 3022 causa,
3516 2967 3634 3011 cur
3685 2948 4138 3030 Augustinum
4195 2948 4395 3011 toties
4442 2945 4626 3012 nobis

2663 3032 2994 3115 eripuerit,
3040 3040 3117 3096 ut
3159 3052 3318 3098 suae
3361 3033 3683 3115 opinionis
3727 3041 3961 3099 testem
4003 3041 4495 3117 patronumque
4535 3033 4627 3097 fa-

2664 3118 2886 3185 ceret?
2979 3117 3241 3183 Clamat
3282 3121 3719 3201 Augustinus,
3764 3121 3837 3184 111
3883 3118 4005 3183 1100
4049 3129 4449 3202 argumento
4496 3140 4627 3183 non

2662 3213 2986 3281 naturam,
3034 3205 3247 3288 qualis
3288 3225 3329 3268 a
3363 3204 3508 3270 Deo
3551 3215 3769 3270 creata
3811 3205 3951 3282 fuit,
3998 3202 4113 3268 sed
4154 3212 4444 3270 naturae
4490 3227 4630 3272 cor-

2662 3297 2895 3373 ruptae
2949 3289 3449 3372 perversitatem
3507 3289 3982 3372 inspiciendam
4041 3310 4211 3355 esse:
4287 3312 4509 3373 neque
4564 3288 4630 3354 id

2663 3398 2795 3442 uno
2840 3376 2999 3453 loce,
3046 3376 3160 3441 sed
3207 3384 3382 3440 totus
3423 3377 3494 3440 in
3538 3375 3662 3441 hoc
3707 3375 3945 3459 ubique
3980 3386 4094 3440 est.
4158 3377 4418 3442 Contra
4460 3378 4629 3442 exis-

2661 3465 2857 3527 timat
2905 3462 3217 3546 Pighius,
3275 3460 3438 3524 nihil
3495 3462 3695 3527 fuisse
3750 3461 3830 3525 de
3897 3472 4136 3526 natura
4192 3462 4629 3528 diminutum:

2663 3559 2730 3613 et
2768 3556 2989 3612 tamen
3030 3546 3388 3630 Augustini
3421 3549 3672 3612 interea
3706 3548 4080 3612 testimonio
4113 3567 4183 3612 00
4204 3555 4472 3614 tuetur.
4544 3551 4635 3613 At

2661 3655 2792 3699 non
2838 3632 3208 3697 dissimulat
3250 3632 3433 3710 alibi,
3492 3633 3615 3698 hac
3660 3634 3729 3697 in
3773 3641 3963 3716 parte
4006 3653 4077 3697 se
4120 3634 4201 3699 ab
4247 3655 4329 3699 eo
4378 3635 4637 3701 dissen-

2662 3721 2803 3784 tire.
2897 3717 3030 3783 Sed
3072 3739 3275 3801 quum
3321 3720 3410 3783 sit
3452 3719 3575 3785 hoc
3617 3740 3981 3794 summum,
4029 3732 4096 3783 et
4149 3722 4439 3785 maximi
4496 3740 4638 3785 mo·

2662 3805 2870 3870 menti
2914 3806 2985 3868 in
3030 3813 3166 3869 tota
3209 3806 3654 3870 controversia
3698 3812 3914 3888 caput,
3958 3805 4027 3870 in
4075 3826 4203 3888 quo
4247 3826 4336 3870 ex
4386 3806 4638 3872 diame-

2664 3901 2766 3956 tro
2810 3889 3147 3968 dissident,
3194 3890 3348 3973 quid
3374 3899 3683 3973 tanquam
3720 3891 3919 3973 plena
3949 3892 4383 3957 consensione
4408 3901 4640 3976 postea

2662 3976 3026 4061 gloriatur?
3122 3974 3325 4054 Adde,
3372 3978 3544 4059 quod
3589 3978 3815 4042 nullus
3859 3998 4042 4042 error
4085 3985 4202 4057 est,
4243 4000 4457 4060 quem
4498 3999 4640 4044 ma-

2662 4066 2763 4148 gis
2808 4069 2924 4127 aut
2979 4063 3192 4127 acrius
3246 4065 3314 4126 in
3359 4063 3739 4147 Pelagianis
3782 4064 4201 4147 Augustinus
4255 4066 4639 4150 impugnet,

2662 4169 2859 4231 quam
2912 4148 3088 4232 quod
3155 4158 3433 4213 naturae
3487 4150 3935 4232 integritatem
3994 4149 4355 4215 iactarent:
4428 4172 4640 4234 quum

2662 4237 2802 4317 ipse
2850 4233 3289 4308 vulneratam,
3347 4243 3747 4317 corruptam,
3794 4235 4112 4316 perditam
4161 4257 4306 4301 esse
4357 4247 4642 4302 conten-

2660 4320 2860 4386 deret.
2954 4319 3288 4400 Quorsum
3365 4341 3521 4404 ergo
3586 4320 3980 4403 Pelagianos
4051 4319 4210 4385 adeo
4291 4322 4644 4389 exsecrari

2659 4409 2966 4491 pertinet,
3011 4426 3212 4488 quum
3256 4408 3468 4488 primo
3505 4426 3733 4470 eorum
3778 4407 4087 4472 axiomati
4133 4429 4384 4474 nomen
4441 4429 4645 4474 suum

2661 4494 2878 4578 palam
2926 4491 3284 4557 inscribat?
3375 4491 3780 4573 MortalitaS,
3847 4494 4089 4576 inquit,
4162 4502 4229 4557 et
4287 4494 4647 4578 corruptio

2658 4601 2741 4644 ex
2787 4578 3154 4644 conditione
3200 4584 3317 4654 est,
3360 4597 3492 4642 non
3540 4578 3696 4642 vitio
3738 4586 4036 4646 naturae.
4106 4578 4305 4645 Unde
4351 4579 4644 4664 probat?

2661 4664 2990 4747 Quoniam
3049 4684 3284 4745 corpus
3339 4684 3421 4728 ex
3476 4665 3642 4743 suis,
3710 4665 3947 4747 quibus
4009 4667 4462 4747 compositum
4522 4675 4646 4740 est,

2663 4751 3029 4834 principiis,
3092 4758 3159 4812 et
3212 4749 3696 4831 compositionis
3740 4751 3993 4816 ratione
4036 4752 4132 4815 ita
4178 4750 4452 4818 habeat.
4553 4754 4649 4818 At

2664 4837 2890 4902 eodem
2937 4843 3326 4918 argumento
3362 4836 3793 4916 evinceretur,
3838 4842 3985 4915 [pag.
4030 4841 4176 4916 178]
4218 4837 4377 4919 post
4411 4859 4648 4906 resur-

2664 4922 3024 4986 rectionem
3069 4941 3324 5003 quoque
3366 4924 3561 4986 morti
3586 4923 3724 4988 fore
3753 4923 4135 4989 obnoxium:
4183 4932 4250 4986 et
4271 4945 4474 4989 nunc
4499 4926 4647 4989 ani-

2665 5027 2841 5071 mam
2897 5027 3039 5071 esse
3093 5007 3454 5072 mortalem.
3544 5009 3648 5072 Ex
3695 5028 3823 5090 quo
3877 5009 4052 5073 enim
4106 5008 4449 5093 principio
4498 5021 4651 5076 orta

2666 5103 2793 5172 est,
2851 5093 2978 5157 nisi
3035 5114 3116 5157 ex
3172 5092 3425 5157 nihilo?
3513 5094 3838 5182 Equidem
3885 5096 3939 5159 si
3985 5095 4198 5172 illam,
4253 5117 4489 5176 quam·
4530 5098 4649 5162 ho·

2665 5180 2830 5242 mini
2888 5179 2969 5244 ab
3009 5178 3200 5242 initio
3244 5179 3430 5244 Deus
3472 5180 3870 5257 contulerat,
3928 5180 4444 5264 perfectionem,
4507 5204 4648 5248 non

2664 5265 2757 5329 ita
2801 5265 3132 5330 exstitisse
3184 5266 3255 5329 in
3299 5276 3538 5330 nat-ura
3581 5264 3855 5341 diceret,
3908 5273 3985 5331 ut
4025 5288 4144 5350 per
4187 5288 4257 5331 se
4304 5275 4385 5332 et
4434 5292 4526 5334 ex
4575 5291 4650 5334 00

2663 5350 2848 5415 1110111
2904 5350 3207 5430 haberet,
3265 5350 3544 5416 libenter
3598 5352 3665 5416 in
3712 5352 3857 5425 eius
3905 5355 4302 5417 sententiam
4357 5353 4650 5422 descen-

4530 5943 4956 6121 -.Ami
