4999 6179
637 430 855 500 xxn
1816 422 2393 495 maurannus-⁶
2411 421 3006 493 moneam
3048 390 3536 492 mouns.

639 628 864 690 autem
907 600 1161 686 cantica
1203 615 1441 703 gallica
1485 616 1797 683 ecelesiae
1843 617 1913 681 in
1958 637 2084 682 usu
2126 616 2327 681 fuisse
2372 637 2448 680 eo
2487 615 2624 682 iam
2669 621 2963 696 tempore
3008 611 3091 678 de
3133 634 3263 696 quo
3303 612 3415 681 hic
3471 613 3721 699 agitur,
3776 620 3964 696 patet
4005 615 4207 681 etiam
4264 636 4347 682 ex
4401 617 4679 702 epistola

638 730 921 800 Martini
962 730 1204 816 Peyeri
1247 726 1772 814 Witebergensis
1816 727 1901 793 ad
1945 726 2332 794 Conradum
2374 714 2759 793 Hubertum
2816 723 2877 792 d.
2925 727 2986 791 4.
3030 725 3295 791 Ianuar.
3348 729 3515 790 1540
3571 746 3739 810 quae
3791 724 4044 792 inedita
4086 735 4391 794 servatur
4432 727 4508 794 in
4549 730 4683 796 Ar-

637 844 853 913 ehivis
895 843 1141 911 nostris
1186 840 1575 921 Thomanis,
1642 840 1755 906 ubi
1804 839 1998 905 dicit:
2058 839 2381 937 Inprimis
2445 860 2604 905 vero
2660 838 2854 920 cupio
2909 836 3074 902 mihi
3141 837 3321 903 mitti
3384 837 3654 922 gallicas
3725 837 4059 905 cantiones
4114 839 4222 907 vel
4275 840 4562 923 psalmos
4605 848 4684 908 ut

639 953 858 1025 solent
900 955 1073 1043 apud
1118 975 1238 1019 vos
1283 952 1446 1018 cani.
1538 951 1684 1017 Hos
1728 951 1906 1016 enim
1949 949 2148 1016 valde
2192 951 2377 1034 cupit
2418 950 2663 1016 habere
2705 955 3091 1033 praeceptor
3134 948 3454 1032 principis
3499 946 3730 1015 nostri.

950 1064 1198 1132 Farelli
1243 1085 1649 1148 responsum,
1694 1065 1753 1129 si
1794 1062 1969 1148 quod
2010 1064 2228 1143 fuerit,
2274 1083 2412 1128 non
2452 1063 2834 1145 reperimus.
2926 1060 3184 1126 Verum
3224 1061 3427 1144 paulo
3470 1068 3639 1146 post,
3686 1062 3746 1127 d.
3790 1067 3889 1126 19.
3928 1064 4087 1129 Dee.
4133 1067 4317 1146 1539,
4364 1064 4682 1134 Calvinus

640 1182 727 1251 ad
769 1179 1056 1247 eundem
1099 1178 1340 1243 iterum
1384 1175 1466 1241 de
1510 1174 1782 1259 psalmis
1839 1174 2069 1242 scribit
2127 1173 2450 1239 nonnulla
2491 1194 2661 1257 quae
2721 1174 2937 1240 lucem
2982 1173 3271 1257 aliquam
3306 1173 3464 1240 huic
3507 1174 3876 1258 quaestioni
3918 1174 4289 1255 affundere,
4345 1177 4479 1242 imo
4522 1198 4677 1244 oon-

640 1293 962 1361 iecturam
1005 1296 1301 1356 nostram
1343 1288 1735 1353 confirmare
1777 1285 2106 1352 videntur.
2196 1286 2383 1352 Haec
2426 1286 2637 1350 altera
2680 1284 2956 1368 epistola
2997 1284 3098 1350 bis
3144 1285 3323 1369 typis
3365 1285 3524 1351 olim
3560 1305 3806 1353 excusa
3847 1286 4096 1371 legitur
4131 1287 4203 1352 in
4233 1287 4522 1355 editione
4565 1311 4681 1375 ge-

639 1404 916 1473 nevensi
959 1400 1248 1469 secunda
1288 1398 1743 1483 Epistularum
1787 1397 2050 1464 Oalvini
2100 1400 2264 1462 1576
2311 1418 2459 1483 pag.
2501 1402 2628 1463 ,411
2680 1406 2750 1464 et
2802 1399 2871 1463 in
2917 1397 3198 1464 editione
3243 1397 3818 1489 amstelodamensi
3860 1419 4010 1483 pag.
4059 1403 4203 1465 257.
4292 1402 4359 1467 A
4402 1402 4679 1469 caeteris

641 1516 846 1593 abest,
884 1523 1079 1600 atque
1122 1513 1281 1579 hinc
1321 1532 1481 1578 sane
1520 1510 1743 1577 evenit
1777 1518 1857 1574 ut
1895 1509 2231 1579 rarissime
2272 1508 2408 1575 viri
2443 1508 2614 1576 docti
2651 1510 2734 1576 ad
2776 1511 2938 1577 haee
2980 1509 3210 1575 Nostri
3246 1507 3465 1574 studia
3500 1511 3795 1581 animum
3833 1509 4261 1577 adverterint.
4327 1513 4501 1579 Eece
4537 1513 4680 1582 eius

638 1629 873 1697 verba:
918 1626 1210 1692 Psalmo-s*
1237 1624 1377 1689 idco
1406 1623 1802 1701 miseramus,
1833 1626 1905 1686 ut
1926 1622 2127 1702 prius
2177 1626 2580 1687 cantarentur
2613 1623 2788 1704 apud
2817 1642 2928 1687 vos
2958 1642 3154 1703 quam
3186 1621 3342 1686 illuc
3361 1623 3769 1703 pervenirent
3800 1643 3924 1704 quo
3952 1624 4290 1711 intelliyia
4323 1625 4680 1692 &emimus

638 1741 810 1807 enim
851 1739 1021 1805 brevi
1049 1737 1396 1820 publicare.
1490 1734 1658 1817 Quia
1699 1735 1906 1816 maqis
1948 1732 2269 1799 arridebat
2310 1733 2578 1799 melodia
2628 1734 3023 1817 yso-manica,
3077 1738 3320 1799 coactus
3360 1752 3505 1799 aum
3546 1734 3828 1815 experiri
3869 1736 4027 1818 quid
4070 1736 4346 1801 camina
4387 1736 4674 1804 valerem

643 1852 758 1921 Ita
779 1851 1024 1936 psalmi
1063 1850 1205 1928 duo,
1255 1853 1345 1911 46
1394 1852 1453 1912 et
1493 1850 1606 1926 25,
1640 1844 1867 1926 prima
1908 1851 2057 1910 sunt
2087 1865 2227 1910 mea
2270 1845 2588 1927 tirocinia,
2631 1845 2796 1911 alios
2826 1850 3046 1928 postea
3100 1846 3340 1910 atoexm
3382 1896 3398 1913 .
3444 1896 3457 1910 .
3507 1894 3520 1909 .
3569 1895 3583 1910 .
3671 1845 3881 1912 Vides
3933 1846 4043 1914 hie
4097 1848 4386 1932 psalmos
4428 1849 4678 1918 Neoco·

635 1985 824 2031 mum
866 1964 1103 2049 missos
1144 1958 1442 2025 nondum
1483 1958 1664 2043 typis
1708 1977 2053 2041 expressos
2107 1956 2339 2037 fuisse,
2399 1965 2466 2021 et
2523 1948 2945 2040 probabiliter
2987 1944 3357 2040 pauciores,
3416 1972 3579 2040 quos
3623 1958 4001 2041 speciminis
4043 1960 4186 2026 loco
4231 1960 4317 2026 ad
4358 1961 4675 2029 melodias

642 2075 1055 2161 germanicas
1098 2074 1240 2157 ipse
1283 2076 1737 2153 composuerat
1752 2120 1767 2150 ,
1828 2090 2035 2153 quum
2088 2068 2161 2133 hi
2223 2066 2401 2133 modi
2454 2089 2617 2152 prae
2671 2067 2928 2152 gallinis
2973 2074 3170 2135 antea
3211 2068 3470 2135 usitatis
3513 2070 3667 2134 usui
3723 2091 3908 2138 sacro
3948 2073 4163 2156 magis
4208 2073 4679 2141 accommodati

638 2187 1045 2256 viderentur.
1133 2183 1283 2251 Iam
1323 2181 1651 2266 respicere
1693 2180 1861 2247 velis
1877 2232 1894 2261 ,
1941 2200 2370 2265 quaesumus,
2415 2180 2837 2264 'psalmorum
2879 2166 3220 2260 numeros,
3265 2184 3347 2245 46
3385 2189 3454 2246 et
3487 2184 3569 2245 25
3583 2233 3601 2262 ,
3662 2202 3827 2266 quos
3872 2180 4191 2251 Calvinus
4247 2187 4503 2269 poetica
4559 2207 4678 2254 sua

642 2298 945 2367 tirocinia
987 2295 1161 2376 dicit,
1206 2297 1320 2380 qui
1360 2295 1488 2379 ipsi
1530 2294 1796 2359 numeri
1837 2295 2013 2359 inter
2051 2292 2199 2359 illos
2242 2300 2601 2360 occurrunt
2653 2314 2815 2376 quos
2859 2293 2932 2357 in
2988 2292 3275 2359 editione
3331 2294 3787 2376 antiquissima
3837 2297 4214 2362 invenimus
4256 2298 4518 2366 Maroto
4560 2300 4679 2367 ab-

644 2409 1047 2479 iudicandos.
1138 2404 1513 2473 Nonnullos
1566 2426 1761 2489 porro
1821 2404 1983 2471 alios
2036 2426 2107 2471 se
2152 2405 2515 2471 attexuisse
2556 2424 2762 2487 quum
2798 2405 3110 2485 fateatur,
3177 2405 3472 2471 numeris
3514 2404 3781 2489 quidem
3823 2404 3982 2473 non'
4001 2408 4333 2490 indicatis,
4393 2411 4677 2478 nimisne

640 2523 910 2610 ingenio
949 2527 1174 2588 nostro
1231 2516 1591 2584 indulsisse
1632 2516 1756 2582 tibi
1797 2516 2197 2597 videbimur,
2258 2517 2314 2582 si
2358 2516 2422 2582 ei
2468 2515 2938 2583 vindicarimus
2981 2538 3061 2582 ea
3104 2518 3399 2583 carmina
3423 2502 3609 2601 'quae
3651 2518 3725 2584 in
3768 2519 3997 2586 eadem
4041 2518 4357 2603 editione,
4413 2528 4677 2608 praeter

640 2636 761 2704 illa
814 2634 973 2715 duo,
1018 2628 1573 2717 deprehendimus
1625 2626 1972 2693 a'de'cuora?
2063 2628 2261 2695 Gerte
2316 2628 2652 2694 Bovetum
2705 2630 3072 2696 sententiae
3124 2635 3389 2695 nostrae
3433 2630 3682 2697 socium
3724 2639 3794 2697 et
3832 2631 4069 2698 vadem
4083 2684 4099 2712 ,
4152 2631 4287 2699 imo
4330 2632 4676 2721 πρόδρομον

638 2750 907 2827 habere,
950 2754 1030 2811 ut
1073 2765 1220 2810 eam
1263 2763 1398 2808 non
1435 2741 1616 2809 omni
1662 2740 1861 2808 dubio
1903 2741 2221 2806 maiorem
2262 2740 2479 2820 faeiat,
2524 2740 2594 2806 id
2637 2750 2859 2808 tamen
2902 2740 3086 2808 valet
3127 2748 3203 2806 ut
3242 2743 3455 2827 magis
3497 2763 3725 2809 secure
3768 2750 3836 2809 et
3875 2741 4159 2810 fidenter
4202 2745 4481 2813 eandem
4522 2769 4677 2833 pro—

642 2862 971 2928 fiteamur.
1059 2853 1543 2923 Exhibebimus
1580 2853 1789 2938 igitur
1840 2852 2129 2938 psalmos
2181 2852 2331 2919 illos
2376 2851 2461 2918 ad
2506 2852 2752 2920 calcem
2792 2851 2945 2919 libri
2986 2853 3279 2939 liturgici
3321 2859 3399 2920 ut
3444 2875 3609 2938 opus
3651 2875 3809 2921 vere
3866 2855 4315 2949 calvinianam
4329 2909 4347 2938 ,
4377 2860 4677 2935 ,minoris

642 2969 807 3039 illud
852 2967 1118 3055 quidem
1160 2968 1495 3046 momenti,
1539 2967 1596 3031 si
1637 2963 1930 3031 indolem
1970 2967 2110 3030 eius
2157 2964 2600 3050 theologicam
2653 2972 2768 3031 aut
2818 2965 3139 3049 poetieam
3184 2974 3468 3049 spectes,
3526 2987 3756 3033 verum
3803 2974 4030 3033 tamen
4073 2971 4176 3034 sui
4220 2972 4481 3054 generis
4523 2972 4675 3038 uni-
4743 3020 4756 3031 .

644 3088 816 3164 euin,
865 3091 934 3149 et
974 3081 1083 3149 vel
1123 3080 1250 3147 hac
1289 3077 1371 3146 de
1412 3098 1615 3145 causa
1655 3075 2077 3144 memorabile
2120 3075 2299 3161 quod
2355 3099 2536 3145 nunc
2589 3077 2881 3162 primum
2924 3098 3010 3143 ex
3066 3078 3201 3144 suis
3253 3076 3524 3145 latebris
3578 3078 3748 3145 illud
3789 3079 4256 3164 protrahimus.
4345 3081 4476 3150 His
4496 3083 4673 3174 ‚addi

643 3195 839 3263 debet
880 3192 1212 3277 antiquior
1253 3191 1373 3258 illa
1410 3190 1729 3275 Decalogi
1773 3189 1989 3256 versio
2031 3190 2288 3272 poetica
2330 3210 2531 3273 quam
2574 3211 2615 3255 a
2656 3191 3026 3256 marotiana
3067 3191 3334 3257 omnino
3377 3189 3705 3258 diversam
3735 3191 4322 3275 deprehendimus.
4412 3194 4675 3264 Cantici

640 3328 803 3378 vero
848 3299 1180 3375 Simeonis
1223 3304 1548 3389 originem
1603 3301 2043 3369 calvinianam
2091 3300 2362 3367 dubiam
2415 3300 2605 3367 nobis
2658 3303 2813 3368 fecit
2854 3303 3166 3370 Bovetus.
3257 3301 3472 3369 Multo
3527 3304 3753 3371 minus
3808 3303 4011 3372 etiam
4053 3313 4315 3373 caetera
4355 3308 4669 3393 carmina,

641 3440 813 3505 quae
856 3438 1061 3502 supra
1101 3427 1180 3482 ut
1222 3437 1263 3482 a
1298 3415 1668 3481 marotiana
1708 3413 2089 3480 collectione
2132 3411 2348 3478 aliena
2385 3413 2858 3494 recensuimus,
2903 3435 3025 3498 pro
3068 3415 3460 3482 calvinianis
3503 3414 3626 3483 tibi
3660 3416 4121 3483 commendare
4165 3420 4490 3502 ausimus;
4537 3423 4672 3487 imo

637 3531 863 3616 plures
908 3538 978 3594 et
1011 3529 1438 3615 gravissimas
1478 3527 1768 3591 rationes
1811 3524 2001 3591 nobis
2041 3522 2222 3590 idem
2262 3524 2375 3590 ille
2418 3524 2835 3593 doctissimus
2879 3535 3068 3592 autor
3119 3526 3460 3610 proposuit
3501 3527 3738 3610 quibus
3791 3527 4228 3598 demonstrari
4282 3551 4476 3614 posse
4517 3553 4672 3617 per-

638 3641 859 3722 hibet,
912 3663 992 3708 ea
1036 3640 1150 3706 alii
1213 3638 1502 3722 cuipiam
1545 3638 1768 3722 potius
1820 3657 2019 3721 quam
2074 3635 2321 3702 Nostro
2376 3635 2730 3704 tribuenda
2785 3659 2944 3705 esse.
3035 3636 3262 3720 Quum
3319 3644 3540 3705 tamen
3585 3639 3747 3706 haec
3789 3642 4085 3724 quaestio
4127 3641 4426 3727 longiore
4469 3645 4672 3712 etiam

637 3753 1095 3838 disquisitione
1139 3748 1343 3836 digna
1384 3748 1706 3829 videatur,
1752 3755 1822 3815 et
1865 3748 2146 3814 aliorum
2190 3769 2450 3833 quoque
2493 3751 2789 3816 virorum
2833 3749 3173 3817 doctorum
3213 3750 3458 3818 iudicio
3499 3751 3971 3834 permittenda,
4027 3754 4140 3837 qui
4178 3754 4454 3821 fortasse
4497 3754 4672 3824 hano

636 3865 1049 3950 provinciam
1102 3864 1174 3927 in
1237 3860 1578 3927 literarum
1648 3860 2039 3946 gallicarum
2095 3859 2373 3926 historia
2441 3860 2793 3929 recolenda
2857 3862 2981 3930 sibi
3039 3862 3426 3948 delegerunt
3481 3872 3595 3929 aut
3660 3872 3891 3948 postea
3946 3862 4270 3949 deligent,
4335 3887 4480 3933 rem
4531 3888 4670 3934 non

638 3978 909 4043 omnino
949 3974 1250 4040 inutilem
1295 3994 1415 4038 nos
1457 3973 1749 4038 facturos
1790 3974 2191 4056 putavimus,
2239 3974 2297 4038 si
2341 3972 2593 4057 aliquot
2633 3973 2929 4058 pagellas
2975 3973 3188 4041 dubiis
3229 3974 3362 4040 illis
3406 3974 3810 4041 carminibus
3854 3977 4345 4043 reservarimus.

945 4087 1255 4170 Denique
1313 4092 1381 4150 et
1433 4084 1560 4149 hoc
1612 4063 1951 4150 addemus.
2044 4084 2272 4167 Quum
2316 4084 2643 4151 Calvinus
2688 4086 2773 4153 ad
2813 4086 3158 4151 Farellum
3202 4086 3460 4166 scribit,
3518 4084 3642 4151 sibi
3684 4088 3898 4172 magis
3940 4087 4292 4155 melodiam
4335 4092 4670 4175 germanie

633 4221 785 4268 eam
827 4198 1145 4277 arrisisse,
1192 4195 1277 4261 ad
1320 4217 1520 4280 quam
1562 4218 1754 4263 suam
1794 4196 2202 4280 psalmorum
2243 4197 2717 4264 nonnullorum
2761 4198 3130 4264 versionem
3179 4197 3716 4278 accommodaret,
3758 4199 3984 4282 plures
4026 4200 4204 4266 viros
4238 4199 4463 4270 doctos
4503 4202 4671 4269 adii-

631 4334 785 4378 mus
827 4310 902 4376 in
942 4309 1219 4377 historia
1262 4309 1362 4373 rei
1405 4310 1724 4389 musicae,
1785 4308 2261 4375 ecclesiasticae
2304 4309 2593 4375 maxime
2637 4316 2705 4373 et
2748 4308 3056 4376 alsaticae
3069 4361 3085 4389 ‚
3130 4330 3290 4392 prae
3334 4311 3609 4376 caeteris
3654 4316 3984 4392 versatos,
4037 4313 4247 4396 iisque
4280 4320 4473 4380 notas
4514 4336 4671 4380 mu-

631 4424 802 4492 sicas
845 4422 919 4487 in
962 4429 1242 4505 utraque
1287 4418 1575 4486 editione
1617 4421 1913 4505 principe
1954 4420 2226 4504 psalmis
2267 4422 2413 4487 istis
2453 4418 2670 4487 dubiis
2713 4422 3045 4505 appositas
3088 4421 3607 4502 transmisimus,
3665 4429 3744 4487 ut
3785 4423 3842 4487 si
3884 4422 4040 4506 quid
4084 4424 4166 4490 ad
4212 4425 4670 4510 quaestionem
4749 4447 4756 4450 ‘

632 4532 1091 4603 elucidandam
1139 4531 1294 4599 inde
1347 4530 1650 4598 derivare
1700 4539 2000 4615 possent,
2060 4531 2404 4599 nobiscum
2446 4533 2931 4599 communicare
2974 4533 3222 4600 vellent
3273 4540 3592 4617 petentes.
3677 4532 3868 4618 Inter
3908 4556 4072 4619 quos
4093 4536 4221 4606 ‚vir
4262 4536 4668 4605 humanissi-

629 4668 782 4712 mus
826 4647 905 4711 F.
958 4646 1129 4730 Aug.
1178 4644 1400 4723 Ihme,
1462 4643 1691 4710 Theol.
1735 4643 1929 4711 Bacc.
1976 4650 2044 4709 et
2085 4645 2170 4711 V.
2217 4644 2303 4710 D.
2347 4645 2441 4710 M.
2487 4644 2563 4709 in
2603 4646 2749 4711 vieo
2794 4644 3311 4725 Muterhausen,
3374 4646 3517 4710 fuse
3572 4652 3642 4710 et
3705 4645 3894 4713 docte
3952 4647 4139 4713 nobis
4197 4621 4543 4735 respondit
4595 4657 4671 4715 et

630 4758 852 4825 allatis
895 4755 1289 4823 testimoniis
1332 4777 1452 4823 nos
1497 4756 1806 4822 certiores
1849 4754 2021 4835 fecit,
2069 4775 2212 4822 esse
2253 4777 2326 4821 re
2365 4775 2526 4822 vera
2558 4756 2790 4822 modos
2824 4758 3235 4842 germanicos
3269 4756 3501 4840 primis
3533 4764 3685 4841 post
3718 4758 4098 4824 inchoatam
4131 4761 4670 4832 reformationem

630 4867 966 4936 decenniis
1010 4868 1447 4952 Argentorati
1486 4867 1768 4934 usitatos
1814 4872 1881 4931 et
1925 4887 2010 4932 ex
2055 4874 2243 4950 parte
2296 4866 2541 4934 ibidem
2586 4890 2627 4934 a
2671 4869 2872 4937 variis
2927 4869 3317 4935 nominatim
3362 4869 3638 4954 cognitis
3691 4870 3858 4936 viris
3902 4873 4295 4956 compositos
4311 4926 4329 4954 ,
4374 4872 4458 4938 ad
4498 4894 4669 4958 quos

627 4981 924 5065 plerique
968 4979 1065 5044 illi
1108 4979 1364 5063 psalmi,
1414 5001 1548 5046 non
1594 4986 1817 5046 tamen
1862 5000 2119 5059 omnes,
2180 4976 2516 5047 decantari
2562 4979 2933 5048 debuerint:
2999 4980 3126 5046 hac
3179 4987 3401 5045 tamen
3444 4983 3619 5048 faeta
3660 4981 4077 5050 distinctione
4120 4992 4200 5051 ut
4238 4984 4440 5053 iidem
4479 4985 4667 5053 modi

627 5093 700 5158 in
741 5090 1026 5158 editione
1070 5091 1617 5176 Argentoratensi
1663 5093 1815 5174 (154
1827 5092 1895 5176 5)
1940 5092 2298 5177 genuinam
2341 5113 2533 5158 suam
2574 5094 2857 5159 formam
2899 5092 3312 5180 retinuerint,
3356 5092 3430 5158 in
3474 5093 3759 5159 editione
3802 5093 4186 5163 Genevensi
4217 5119 4379 5163 vero
4427 5097 4666 5185 (1542)

628 5203 817 5270 varie
858 5203 1098 5268 mutati
1146 5204 1578 5287 reperiantur.
1669 5202 1805 5270 Sed
1850 5202 2163 5270 melodias
2206 5202 2460 5269 Psalmi
2513 5189 2633 5269 1'20
2670 5211 2738 5270 et
2777 5208 2895 5268 142
2943 5210 3011 5269 et
3052 5203 3312 5270 Cantici
3358 5202 3690 5271 Simeonis
3729 5226 3896 5288 quae
3945 5206 4055 5274 hic
4105 5211 4665 5293 praescribantur,

627 5315 894 5382 omnino
949 5314 1305 5382 Germanis
1363 5317 1623 5401 ignotas
1681 5314 1911 5395 fuisse,
1970 5315 2210 5382 asserit
2250 5314 2380 5380 Vir
2423 5314 2859 5382 doctissimus.
2947 5315 3157 5382 Plura
3198 5324 3266 5383 et
3309 5317 3713 5388 accuratiora
3755 5339 3841 5384 ex
3883 5320 4023 5386 eius
4066 5321 4385 5405 symbolis
4429 5342 4668 5390 excer-
