4999 6179
615 456 736 517 251

614 639 814 718 mula,
861 659 993 703 non
1031 637 1160 702 nisi
1196 636 1265 700 in
1309 656 1387 700 ea
1421 634 1718 700 doctrina
1761 631 2096 697 immorari
2132 629 2359 706 voluit,
2406 650 2574 711 quae

614 726 752 793 sola
795 724 1102 791 ecclesiae
1160 723 1426 806 propria
1468 727 1598 800 est,
1655 728 1724 783 et
1767 718 2136 784 necessaria
2179 715 2441 798 cognitu
2488 714 2574 779 ad

615 811 925 878 salutem:
985 808 1155 873 nihil
1201 808 1452 874 scilicet
1505 806 1725 871 valere
1767 824 1888 888 per
1942 825 2013 867 se
2072 810 2349 867 naturae
2393 802 2573 865 vires

614 898 697 962 ad
748 894 1236 980 percipiendam
1279 892 1508 971 fidem,
1567 890 1650 956 ad
1690 889 2130 955 obedientiam
2175 887 2436 953 divinae
2478 886 2574 951 le-

616 985 737 1069 gis,
767 993 835 1048 et
879 988 1085 1046 totam
1111 979 1518 1065 spiritualem
1545 977 1884 1042 iustitiam.
1933 973 2112 1055 Quid
2156 975 2227 1037 in
2272 972 2576 1040 civilibus

616 1076 683 1136 et
726 1066 1020 1134 externis
1063 1065 1349 1143 valeant,
1396 1064 1550 1146 quia
1584 1084 1712 1127 non
1749 1082 2148 1145 magnopere
2183 1059 2335 1124 fidei
2370 1060 2574 1123 inter-

617 1162 735 1234 est,
773 1153 987 1219 noluit
1008 1152 1329 1217 curiosius
1366 1150 1716 1233 disputare.
1769 1148 2141 1223 Caeterum,
2186 1145 2357 1228 quod
2395 1164 2576 1208 sum·

615 1262 801 1306 mum
847 1246 949 1305 est
993 1240 1060 1303 in
1110 1238 1236 1303 hac
1281 1236 1678 1319 quaestione,
1728 1244 1795 1299 ct
1836 1234 2023 1298 cuius
2067 1233 2281 1317 gratia
2324 1231 2580 1312 reliqua

616 1327 841 1391 omnia
906 1325 1243 1403 dicuntur,
1311 1319 1862 1406 quemadmodum
1927 1318 2117 1383 initio
2172 1318 2577 1400 propositum

615 1413 743 1478 fuit
777 1433 817 1475 a
859 1410 1161 1476 Luthero
1205 1418 1272 1475 et
1314 1407 1478 1483 aliis,
1524 1407 1620 1470 ita
1663 1404 1859 1470 hodie
1903 1402 2330 1481 defendimus,
2375 1425 2450 1468 ac
2492 1422 2577 1465 ne

614 1499 686 1563 in
728 1497 865 1562 illis
909 1495 1192 1578 quidem,
1238 1515 1406 1577 quae
1448 1492 1589 1557 dixi
1623 1490 1707 1556 ad
1741 1490 1941 1556 fidem
1983 1489 2316 1555 non'adeo
2353 1508 2578 1554 neces-

616 1584 794 1649 saria
838 1602 1013 1658 esse,
1061 1579 1240 1645 aliud
1283 1581 1578 1655 interest,
1627 1578 1754 1642 nisi
1800 1575 1973 1660 quod
2016 1576 2229 1640 forma
2271 1572 2578 1657 loquendi

617 1670 711 1736 sic
755 1669 881 1733 fuit
923 1667 1246 1751 mitigata,
1289 1687 1373 1731 ne
1417 1664 1573 1748 quid
1619 1661 1997 1729 offensionis
2041 1662 2331 1726 haberet.

789 1754 925 1820 Ubi
966 1753 1141 1818 hanc
1184 1751 1441 1835 peregit
1482 1748 1743 1815 fabulae
1777 1756 2052 1832 partem,
2099 1746 2182 1811 ad
2227 1746 2431 1811 alium
2472 1767 2579 1811 ac-

617 1851 760 1907 tum
806 1837 1173 1917 descendit,
1229 1846 1307 1902 ut
1364 1836 1689 1920 dogmat-is
1743 1836 1951 1899 nostri
2003 1834 2351 1917 mysteria,
2410 1831 2582 1896 sicut

615 1933 824 2005 vocat,
864 1927 934 1989 in
979 1932 1277 2007 apertam
1312 1921 1528 1987 lucem
1569 1927 1774 1999 eruat,
1818 1941 1901 1984 ex
1937 1919 2068 1983 illis
2100 1918 2390 1983 tenebris
2434 1918 2578 2000 qui-

615 2014 744 2079 bus
788 2009 1013 2076 abdita
1068 2015 1227 2074 sunt
1269 2008 1444 2093 apud
1501 2027 1622 2072 nos
1679 2028 1754 2072 ac
1801 2005 2117 2070 demersa.
2207 2004 2428 2086 Atque
2468 2003 2580 2068 hic

617 2119 822 2181 quum
863 2096 945 2161 de
1002 2094 1398 2161 obscuritate
1437 2100 1693 2172 nostra,
1748 2100 1892 2156 tum
1939 2090 2019 2155 de
2064 2091 2383 2155 varietate
2427 2110 2579 2154 con-

618 2184 937 2267 queritur.
1025 2181 1200 2245 Nam
1243 2199 1446 2262 quum
1481 2200 1600 2262 per
1643 2199 1713 2243 66
1756 2177 2236 2242 tenebricosum
2284 2179 2428 2253 [pag.
2469 2179 2579 2254 26]

613 2270 707 2336 sit
748 2266 1181 2344 mendacium,
1228 2285 1349 2330 nos
1391 2263 1677 2330 latebras
1722 2260 1808 2328 ad
1848 2260 2207 2327 fallendum
2243 2280 2580 2342 quaerere,

616 2360 962 2439 praeterea
1004 2360 1141 2416 tam
1185 2372 1330 2417 esse
1371 2352 1547 2415 inter
1590 2369 1711 2415 nos
1756 2347 2106 2413 dissimiles
2152 2367 2228 2411 ac
2263 2345 2579 2425 diversos,

614 2448 692 2507 ut
733 2446 990 2507 certum
1034 2434 1284 2521 aliquid
1318 2458 1402 2501 ex
1446 2435 1751 2500 omnibus
1786 2433 2110 2517 colligere,
2156 2433 2457 2497 infinitus
2493 2433 2581 2497 sit

616 2525 818 2592 labor.
891 2524 1104 2590 Aiunt
1146 2544 1352 2588 unum
1389 2542 1531 2587 esse
1569 2520 1994 2585 lusciosorum
2034 2539 2242 2601 genus
2282 2518 2395 2600 qui
2440 2539 2580 2583 cre·

614 2612 887 2697 pusculo
931 2609 1168 2674 melius
1211 2629 1409 2690 quam
1453 2605 1728 2671 meridie
1771 2614 2064 2671 cernant.
2153 2606 2246 2669 Et
2288 2625 2580 2669 commu-

616 2698 792 2763 niter
826 2695 1126 2763 videmus
1170 2714 1281 2758 eos
1301 2744 1314 2769 ,
1372 2692 1484 2774 qui
1527 2699 1756 2756 tenera
1798 2699 1954 2755 sunt
1995 2690 2319 2772 debilique
2362 2690 2580 2755 oculo-

618 2804 768 2849 rum
805 2783 961 2857 acie,
1009 2779 1092 2844 ad
1182 2779 1396 2843 lenam
1439 2778 1652 2843 lucem
1698 2778 1752 2841 si
1795 2776 2134 2859 prodeant,
2179 2777 2389 2859 magis
2433 2797 2581 2857 per-

620 2868 860 2951 stringi
919 2874 986 2930 et
1045 2865 1125 2929 116
1211 2864 1355 2928 tari.
1462 2864 1568 2927 Ex
1623 2884 1850 2927 eorum
1924 2882 2199 2926 numero
2267 2882 2409 2926 esse
2466 2862 2579 2925 Pi-

619 2954 854 3039 ghium
880 2953 1026 3034 quis
1056 2950 1297 3035 neget?
1368 2950 1464 3014 Ut
1491 2947 1896 3031 eloquentiae
1945 2946 2205 3011 laudem
2231 2947 2379 3011 aliis
2425 2968 2578 3012 con-

618 3039 962 3116 cedamus,
1017 3037 1316 3122 linguam
1372 3044 1593 3100 tamen
1648 3042 1825 3100 certe
1870 3034 2186 3099 habemus
2243 3053 2374 3098 non
2417 3032 2580 3098 adeo

616 3126 1003 3210 impeditam
1049 3144 1173 3188 nec
1216 3121 1617 3205 perplexam.
1709 3124 1929 3204 Atque
1973 3120 2044 3185 in
2079 3119 2204 3185 hoc
2246 3120 2415 3185 serio
2459 3142 2579 3185 nos

616 3211 914 3278 laborare
948 3230 1175 3273 omnes
1210 3206 1761 3284 animadvertunt,
1799 3213 1875 3271 ut
1907 3206 2373 3290 intelligamur.
2431 3205 2579 3270 Imo

617 3298 804 3362 nulla
857 3294 1072 3377 magis
1127 3294 1208 3359 de
1261 3315 1461 3360 causa
1514 3293 1701 3358 nobis
1756 3292 2116 3358 adversarii
2171 3301 2577 3371 succensent,

617 3403 813 3466 quam
849 3379 1024 3463 quod
1049 3379 1247 3444 nimis
1284 3379 1674 3444 familiarem
1697 3378 1949 3443 Ohristi
1974 3378 2342 3444 doctrinam
2378 3378 2579 3462 vulgo

616 3467 981 3534 fecerimus.
1073 3464 1274 3531 Solus
1326 3465 1404 3530 Pi
1455 3465 1605 3529 hius
1668 3464 1913 3529 nimiae
1979 3464 2393 3529 obscuritatis
2462 3486 2580 3529 no·

617 3555 873 3620 biscum
929 3550 1319 3634 expostulat.
1409 3486 1547 3615 &ed
1603 3550 1727 3615 hoc
1800 3557 1902 3615 est
1955 3549 2126 3632 quod
2197 3549 2354 3615 alibi
2412 3548 2576 3614 dixi:

617 3659 802 3705 more
842 3657 1199 3721 puerorum
1215 3686 1232 3716 ,
1278 3637 1388 3718 qui
1433 3635 1820 3701 umbratiles
1864 3635 1936 3699 in
1971 3634 2211 3700 scholis
2254 3634 2580 3701 declama-

617 3728 830 3790 tiones
871 3722 1144 3800 habent‚
1193 3723 1418 3786 omnia
1481 3720 1827 3786 rhetorum
1886 3729 2234 3804 praecepta
2277 3722 2421 3786 sine
2466 3720 2579 3785 de-

617 3812 794 3877 lectu
839 3810 912 3873 in
955 3829 1149 3874 usum
1187 3828 1382 3872 suum
1426 3806 1724 3889 applicat.
1813 3806 2017 3890 Legit
2058 3806 2313 3884 alicubi,
2357 3807 2581 3872 valere

617 3898 741 3963 hoc
790 3894 875 3960 ad
928 3892 1344 3978 gravandum
1388 3890 1864 3970 adversarium,
1923 3894 1979 3956 si
2023 3891 2437 3958 obscuritatis
2480 3893 2579 3959 vi·

618 3985 786 4048 tium
828 3980 1108 4048 obiicere
1142 3979 1241 4043 illi
1284 3999 1504 4061 queas.
1592 3978 1914 4060 Arripuit,
1956 3979 2109 4060 quia
2149 3978 2465 4062 placebat,
2513 3985 2581 4043 et

616 4090 794 4133 nunc
820 4076 1067 4131 temere
1093 4066 1161 4129 in
1185 4085 1305 4130 nos
1334 4063 1692 4146 detorquet.
1741 4063 1876 4128 Sed
1892 4063 2044 4129 huic
2069 4086 2376 4147 cupresso
2399 4086 2579 4129 nunc

501 4165 506 4170 “
618 4173 752 4219 11611
777 4159 918 4217 erat
938 4151 1146 4216 locus:
1194 4170 1396 4233 quum
1423 4148 1576 4214 libri
1600 4150 1825 4226 nostri,
1850 4150 1991 4214 sine
2017 4150 2148 4214 alia
2176 4150 2575 4228 defensione,

620 4260 690 4305 se
733 4239 882 4320 111116
928 4238 1089 4301 satis
1135 4238 1216 4301 ab
1261 4235 1387 4300 hac
1429 4234 1604 4300 futili
1659 4234 1990 4300 calumnia
2041 4234 2395 4301 vindicent.
2484 4237 2580 4300 Et

617 4326 759 4409 ipse
801 4342 988 4399 mox,
1034 4323 1223 4404 quasi
1260 4322 1361 4385 sui
1406 4319 1675 4399 oblituS,
1721 4319 2102 4385 methodum
2137 4321 2298 4385 mihi
2344 4320 2580 4386 saltem

620 4418 689 4475 et
728 4407 1272 4492 perspicuitatem
1316 4406 1561 4470 tribuit
1652 4407 1762 4471 An
1805 4407 1900 4471 ita
1941 4408 2117 4472 inter
2159 4429 2279 4472 nos
2325 4406 2578 4473 dissen-

619 4496 866 4560 tiamus
889 4537 924 4570 ,-
963 4493 1134 4558 sicut
1175 4493 1406 4569 iactat,
1453 4492 1591 4556 eius
1635 4493 1760 4557 fuit
1798 4494 2092 4575 probare.
2181 4493 2376 4558 Nunc
2420 4493 2579 4575 quid

618 4579 798 4647 aliud
845 4578 1077 4658 dicam,
1123 4577 1250 4642 nisi
1296 4577 1515 4641 omnia
1557 4579 1628 4641 in
1672 4598 1792 4644 nos
1826 4586 2073 4643 temere
2114 4580 2392 4657 effutire,
2436 4580 2578 4661 qui-

618 4669 742 4732 bus
785 4666 870 4730 iis
911 4672 1178 4730 tantum
1221 4683 1422 4729 exosa
1462 4660 1844 4729 redderetur
1885 4674 2115 4730 nostra
2156 4665 2482 4743 doctrina,
2541 4663 2599 4730 a'

617 4752 858 4834 quibus
897 4771 1034 4815 non
1076 4748 1364 4834 legitur?
1453 4749 1684 4831 Neque
1728 4750 1905 4814 enim
1949 4771 2177 4815 eorum
2222 4751 2426 4815 ullam
2471 4772 2578 4815 ra·

615 4839 864 4902 tionem
907 4836 1124 4914 habet,
1168 4835 1283 4917 qui
1325 4842 1554 4901 nostra
1596 4834 1702 4900 vel
1744 4835 2093 4901 minimum
2137 4837 2497 4921 attigerint.

790 4922 1030 4986 Postea
1073 4920 1305 5004 incipit
1342 4922 1506 4986 meis
1547 4920 1765 4987 verbis
1783 4921 2148 5005 explicare,
2194 4922 2354 5004 quid
2398 4943 2577 4987 com-

617 5009 910 5075 muniter
951 5006 1344 5072 sentiamus:
1402 5008 1666 5072 tametsi
1720 5029 1805 5073 ne
1863 5008 2167 5074 videatur
2216 5007 2416 5073 nimis
2459 5028 2576 5090 pa-

545 5109 554 5116 ·
620 5092 753 5157 lam
797 5113 1096 5176 pugnare
1137 5094 1278 5175 ipse
1323 5113 1575 5172 secum,
1627 5095 2007 5177 exceptione
2051 5095 2287 5171 utitur,
2346 5094 2402 5157 si
2444 5114 2578 5175 qua

621 5179 710 5243 sit
764 5179 938 5243 inter
993 5198 1115 5243 nos
1168 5200 1300 5244 una
1353 5181 1718 5246 communis
1771 5182 2114 5246 sententia.
2204 5179 2413 5244 Vides
2466 5177 2576 5245 hic

618 5265 849 5343 lector,
922 5263 1260 5329 hominem
1311 5266 1675 5352 constringi
1731 5267 1928 5332 simul
1983 5275 2051 5332 et
2104 5264 2401 5330 distrahi.
2488 5264 2574 5329 In

617 5357 826 5415 totam
869 5350 1407 5418 Lutheranorum
1461 5360 1710 5419 sectam
1724 5404 1741 5432 ,
1796 5373 1933 5417 non
1985 5353 2058 5416 in
2111 5352 2446 5434 privatum
2489 5372 2575 5416 ex

1926 437 2453 507 RESPONslo
2499 437 2878 527 CONTRA
2919 438 3338 505 Plenum

4515 440 4638 502 252

2676 650 2755 694 ea
2818 629 3191 709 quempiam
3262 634 3595 693 certamen
3659 627 4008 693 instituere
4066 634 4213 706 [pag.
4268 631 4374 705 27]
4433 626 4643 693 videri

2675 713 2840 779 vult.
2931 714 3083 778 Non
3136 721 3354 796 potest
3397 720 3618 778 autem
3667 734 3892 778 omnes
3936 714 4140 779 semel
4183 711 4457 793 adoriri,
4513 714 4643 780 nisi

2679 800 3081 865 coniunctos.
3171 799 3690 864 Consensionem
3735 807 3814 863 ut
3854 800 4041 865 nobis
4086 798 4363 878 tribuat,
4406 820 4643 883 grava-

2678 888 2799 950 tim
2846 885 3210 951 adducitur.
3302 886 3481 970 Ergo
3525 892 3876 968 utrumque
3908 886 4109 963 simul
4154 884 4331 963 dicit,
4378 893 4448 949 et
4482 906 4642 951 neu-

2680 980 2882 1036 trum:
2929 977 2995 1036 et
3037 972 3131 1035 ita
3165 971 3411 1036 nodum
3453 971 3866 1036 insolubilem
3909 971 4257 1055 abrumpit.
4313 970 4444 1036 His
4488 971 4646 1037 sub-

2678 1058 2897 1139 iungit
2959 1078 3187 1121 eorum
3241 1056 3697 1140 compendium
3762 1078 3928 1140 61166
3995 1056 4283 1128 secundo
4361 1057 4646 1123 Institu-

2682 1144 2879 1207 tionis
2924 1164 3108 1207 meae
3153 1145 3363 1226 capite
3388 1144 3438 1226 ¹)
3485 1143 3565 1207 de
3601 1142 3727 1207 hac
3769 1164 3841 1208 re
3878 1142 4226 1224 disputavi.
4303 1143 4456 1208 Non
4493 1165 4645 1210 sum

2682 1236 2818 1293 tam
2866 1228 3194 1312 malignus
3239 1240 3355 1293 aut
3396 1249 3715 1306 morosus,
3754 1237 3833 1293 ut
3866 1229 4186 1314 Pighium
4227 1229 4444 1295 malae
4489 1229 4645 1296 fidei

2680 1316 2753 1379 in
2798 1316 2962 1379 meis
3006 1313 3376 1390 recitandis,
3422 1316 3568 1380 sine
3610 1334 3827 1393 causa,
3873 1335 4193 1382 accusem.
4265 1314 4525 1381 Verum
4558 1337 4645 1381 ne

2682 1398 2809 1465 sibi
2877 1400 3028 1482 plus
3100 1402 3273 1465 iusto
3343 1399 3749 1479 blandiatur,
3817 1402 3910 1466 sic
3982 1420 4261 1484 agnosco
4315 1422 4645 1466 summam

2682 1506 2870 1551 meae
2906 1485 3366 1567 disputationis
3408 1494 3739 1568 utcunque
3775 1487 4188 1570 complexum
4224 1507 4385 1565 esse,
4429 1494 4508 1552 ut
4542 1494 4644 1552 ta-

2682 1593 2837 1636 men
2880 1572 3154 1637 minime
3200 1572 3398 1637 velim
3442 1572 3608 1637 tales
3653 1573 3720 1637 in
3771 1579 3983 1637 totum
4039 1592 4204 1655 opus
4247 1574 4645 1657 compositas

2684 1678 2827 1722 esse
2872 1658 3219 1739 epitomas:
3279 1679 3490 1741 neque
3534 1659 3705 1723 hanc
3758 1678 4014 1742 quoque
4066 1659 4278 1741 ipsam
4321 1658 4454 1724 alia
4496 1659 4645 1743 lege

2684 1744 2955 1825 recipio,
3011 1743 3139 1808 nisi
3186 1750 3261 1807 ut
3304 1745 3385 1808 ab
3430 1744 3618 1809 hoste
3673 1742 3990 1826 prodiisse
4044 1746 4470 1810 meminerint
4511 1745 4645 1810 166-

2682 1837 2874 1894 tores.
2964 1829 3138 1893 Nam
3197 1829 3370 1913 quod
3423 1851 3529 1895 me
3583 1831 3726 1912 ipso
3771 1830 4135 1896 ordinatius
4178 1838 4247 1896 ot
4286 1831 4645 1896 cohaeren-

2683 1917 2815 1980 tius
2860 1916 3083 1980 omnia
3125 1913 3423 1999 digerere
3466 1936 3537 1981 se
3579 1916 3810 1995 iactat,
3870 1917 3937 1981 id
3979 1938 4097 1982 suo
4140 1938 4323 1982 more
4367 1917 4646 2000 duplici-

2683 2008 2785 2066 ter
2825 2002 3008 2067 facit:
3066 2021 3334 2084 nempe,
3392 2010 3461 2066 et
3503 2024 3573 2067 se
3615 2003 3906 2081 inaniter
3949 2003 4309 2082 efferendo,
4369 2010 4438 2069 et
4480 2002 4645 2069 libe-

2683 2087 2912 2151 raliter
2953 2086 3351 2152 mentiendo.
3438 2087 3567 2152 Illa
3611 2090 3811 2153 etiam
3858 2090 4088 2154 omitto
4125 2089 4393 2171 quibus,
4453 2088 4643 2155 velut

2682 2174 2888 2237 amari
2924 2172 3197 2255 liquoris
3233 2174 3459 2256 guttis,
3484 2195 3632 2238 mea
3659 2173 3856 2240 verba
3887 2175 4096 2241 obiter
4134 2176 4441 2259 aspergit,
4475 2195 4642 2258 6116-

2685 2258 2905 2323 minus
2940 2258 3169 2324 lectori
3207 2261 3492 2342 sapiant:
3538 2280 3647 2324 me
3671 2268 3976 2326 truncare
4002 2260 4462 2345 Chrysostomi
4485 2282 4643 2327 sen-

2684 2345 2954 2409 tentiam
2973 2396 2989 2423 ,
3046 2366 3245 2427 quam
3302 2345 3385 2411 ad
3437 2345 3714 2412 verbum
3756 2347 3999 2426 refero,
4052 2347 4223 2413 sicut
4263 2346 4443 2430 apud
4484 2367 4643 2412 eum

2684 2430 2987 2496 habetur:
3046 2452 3155 2495 me
3198 2431 3512 2516 affingere
3571 2432 3949 2515 opinionem
3990 2432 4193 2498 Petro
4236 2432 4641 2514 LombardO,

2683 2520 2902 2598 quam‘
2938 2516 3244 2583 omnibus
3308 2527 3685 2601 promptum
3740 2527 3840 2584 est
3903 2517 4126 2584 videre
4176 2517 4349 2584 bona
4409 2518 4545 2584 fide
4602 2538 4645 2582 a

2684 2623 2790 2666 me
2844 2603 3235 2685 expositam:
3294 2624 3400 2668 me
3450 2603 3525 2668 in
3579 2604 3859 2670 citandis
3911 2604 4385 2688 prophetarum
4449 2605 4643 2670 testi-

2684 2687 2952 2766 moniis,
3002 2695 3120 2753 aut
3156 2688 3496 2754 infidelem
3539 2711 3710 2769 esse,
3765 2698 3882 2755 aut
3921 2710 4059 2755 non
4103 2690 4287 2773 sequi
4327 2689 4493 2756 fidos
4534 2691 4644 2756 111-

2686 2780 3035 2855 terpreteS,
3104 2774 3260 2855 quia
3327 2774 3566 2841 alicubi
3648 2798 3687 2840 a
3762 2776 4025 2860 vulgari
4096 2778 4645 2859 interpretatione

2687 2858 3015 2924 dissentia
3108 2859 3285 2925 Sunt
3337 2862 3513 2927 enim
3572 2863 3783 2926 relatu
3838 2862 4139 2946 indigna,
4201 2864 4327 2927 nisi
4384 2860 4470 2927 ad
4526 2861 4644 2928 de-

2685 2944 3179 3009 monstrandam
3234 2947 3560 3030 insignem
3603 2946 3826 3031 Pighii
3874 2954 3942 3013 et
3994 2948 4324 3013 inscitiam
4389 2956 4457 3012 et
4498 2970 4645 3014 1116·-

2684 3030 2949 3098 litiamz·
2981 3052 3178 3114 quam
3221 3041 3446 3098 tamon
3488 3034 3634 3100 sani
3676 3034 3983 3110 lectores,
4030 3034 4276 3118 absque
4315 3034 4646 3100 monitore

2685 3118 2846 3182 satis
2898 3118 3443 3184 animadvertent.
3534 3121 3759 3186 Unum
3823 3141 4057 3204 operae
4122 3122 4407 3204 pretium
4465 3129 4647 3188 esset

2686 3205 2960 3282 referre,
3019 3204 3144 3269 nisi
3192 3205 3320 3269 alio
3365 3204 3506 3269 loco
3550 3207 3787 3271 iterum
3833 3214 4186 3290 repeteret,
4242 3207 4355 3273 ubi
4399 3212 4646 3273 tractar-

2687 3289 2890 3354 bitur:
2948 3291 3490 3375 imaginationem
3548 3291 3796 3358 scilicet
3850 3292 3934 3357 ab
3988 3314 4063 3357 66
4119 3293 4401 3372 censeri,
4467 3292 4647 3376 quod

2685 3376 2974 3441 animam
3018 3376 3280 3442 fidelem
3325 3376 3523 3443 doceo
3567 3398 3606 3442 a
3659 3380 4157 3464 regeneratione
4200 3379 4274 3444 in
4332 3378 4498 3444 duas
4542 3377 4644 3445 di-

2683 3462 2897 3528 visam
2939 3483 3080 3527 esse
3136 3471 3374 3545 partes.
3464 3463 3639 3529 Nam
3693 3465 3799 3531 vel
3844 3465 3915 3529 in
3964 3465 4089 3530 hoc
4134 3465 4271 3531 solo
4313 3465 4516 3532 verbo
4559 3463 4646 3529 11-

2683 3546 2890 3613 lustre
2945 3550 3277 3631 specimen
3318 3549 3686 3633 Pighianae
3744 3551 4113 3635 theologiae
4166 3551 4409 3616 intueri
4463 3549 4643 3617 licet.

2686 3631 2855 3714 Quis
2913 3636 3090 3698 enim
3144 3656 3277 3700 non
3332 3635 3603 3714 videats
3634 3638 3925 3702 animam
3969 3658 4119 3702 eum
4173 3658 4290 3721 pro
4336 3636 4475 3703 sale
4518 3635 4647 3701 116-

2684 3719 2943 3802 bere,'2)
2996 3720 3109 3802 qui
3142 3727 3281 3784 tam
3326 3721 3712 3787 familiarem
3756 3724 3883 3806 piis
3926 3724 4161 3788 animis
4202 3743 4477 3788 sensum
4518 3743 4644 3805 pro

2683 3805 3153 3889 imaginatione
3208 3806 3446 3871 ducat?
3534 3808 3790 3873 Verum
3839 3811 3991 3892 quia
4046 3809 4171 3874 hoc
4227 3810 4298 3872 in
4342 3809 4485 3891 ipso
4532 3829 4645 3874 ar·

2683 3892 2978 3974 gumenti
3033 3891 3304 3957 cardine
3341 3895 3742 3972 continetur,
3798 3905 3864 3959 et
3916 3894 4052 3961 11116
4109 3895 4309 3959 etiam
4351 3894 4646 3979 Pighius

2682 3979 2938 4059 repetit,
2975 3978 3377 4044 commodius
3419 3984 3568 4057 [pag.
3613 3985 3721 4060 28]
3764 4002 3840 4045 eo
3874 4001 4080 4063 usque
4113 3979 4471 4045 differetur.

2857 4063 3004 4129 Hac
3046 4084 3300 4147 quoque
3354 4065 3611 4130 ratione
3665 4075 4065 4149 postremam
4106 4065 4287 4132 illius
4330 4065 4645 4132 obiectio-

2683 4169 2836 4213 nem
2879 4149 3113 4215 leviter
3156 4148 3346 4214 modo
3390 4151 3555 4215 attin
3712 4204 3727 4228 ,
3775 4174 3906 4235 6116
3949 4152 4297 4217 stultitiam
4340 4158 4646 4218 nostram

2684 4233 2955 4314 deridet,
3000 4234 3170 4317 quod
3207 4243 3470 4300 tantum
3504 4236 3571 4301 la
3654 4239 3744 4303 ris
3779 4238 4245 4304 exhauriamus
4286 4240 4357 4304 in
4400 4237 4648 4304 docen-

2684 4319 2786 4385 dis
2831 4319 3233 4398 hominibus,
3277 4322 3389 4403 qni
3433 4323 3631 4387 fidem
3675 4331 3895 4388 tamen
3938 4326 4191 4390 interea
4231 4345 4366 4389 non
4402 4324 4647 4389 huma·

2684 4407 2790 4470 nis
2833 4405 3365 4489 persuasionibus
3421 4410 3665 4489 parari,
3723 4408 3839 4474 sed
3896 4410 4168 4493 spiritus
4225 4411 4435 4474 sancti
4487 4430 4647 4493 pro-

2684 4494 2902 4574 prium
2959 4512 3103 4557 esse
3161 4514 3322 4575 opus
3382 4495 3750 4560 asserimus.
3843 4495 4015 4559 Nam
4079 4502 4307 4578 postea
4371 4496 4444 4560 in
4496 4498 4648 4579 ipso

2685 4578 3147 4660 disputationis
3201 4599 3555 4662 progressu
3598 4580 3842 4645 iterum
3894 4589 4207 4647 recurret.
4294 4579 4434 4647 Sed
4487 4581 4652 4666 61116

2687 4670 2904 4728 tamen
2948 4664 3072 4728 hoc
3116 4662 3263 4726 ideo
3311 4665 3386 4727 in
3439 4666 3652 4746 primo
3688 4665 3915 4730 limine
3958 4668 4245 4750 positum
4289 4674 4392 4734 est
4436 4689 4478 4734 a
4521 4666 4650 4733 Pi-

2683 4748 2872 4832 ghio,
2917 4757 2994 4812 ut
3019 4749 3279 4831 scriptis
3323 4751 3566 4817 nostris
3602 4753 3781 4818 viam
3803 4752 4271 4834 praecluderet,
4318 4774 4457 4819 non
4531 4774 4652 4819 66-

2682 4856 2830 4899 611111
2871 4834 2944 4897 111
2979 4842 3192 4899 totum
3228 4837 3600 4917 praeterire.
3676 4838 3939 4903 Ludere
3981 4860 4102 4904 nos
4145 4859 4412 4922 operam
4506 4839 4647 4918 cit,

2682 4920 2981 4985 homines
3017 4919 3101 4985 ad
3140 4919 3339 4985 fidem
3373 4922 3706 4989 incitando
3741 4933 3810 4989 et
3843 4924 4270 5012 exhortando,
4309 4924 4650 5008 siquidem

2682 5026 2830 5070 eam
2883 5025 3020 5069 non
3075 5026 3197 5070 sua
3244 5006 3372 5091 ipsi
3437 5009 3748 5075 facultate
3801 5011 4206 5095 concipiunt,
4276 5009 4394 5076 sed
4449 5012 4653 5077 Deus

2820 5297 2880 5362 1)
2919 5297 3048 5352 Scit.
3083 5297 3202 5352 edd.
3241 5299 3631 5382 antiquiorum,
3669 5314 3818 5354 nunc
3856 5299 3979 5356 Lib.
4016 5300 4107 5355 11.
4145 5300 4277 5382 Cap.
4315 5302 4419 5356 1-
4433 5302 4533 5358 VI.

2819 5365 2878 5432 2)
2919 5365 3048 5423 Soa.
3082 5383 3223 5437 pour
3257 5385 3601 5425 assaisonner
3636 5368 3687 5422 le
3723 5375 3887 5439 reste,
3908 5375 3985 5454 με
4016 5371 4147 5425 bene
4181 5369 4318 5426 ducit
4356 5370 4577 5428 Gallim.
