<?xml version="1.0" encoding="UTF-8"?>
<!DOCTYPE html PUBLIC "-//W3C//DTD XHTML 1.0 Transitional//EN"
    "http://www.w3.org/TR/xhtml1/DTD/xhtml1-transitional.dtd">
<html xmlns="http://www.w3.org/1999/xhtml" xml:lang="en" lang="en">
 <head>
  <title>
</title>
<meta http-equiv="Content-Type" content="text/html;charset=utf-8" />
  <meta name='ocr-system' content='tesseract 3.04.00' />
  <meta name='ocr-capabilities' content='ocr_page ocr_carea ocr_par ocr_line ocrx_word'/>
</head>
<body>
  <div class='ocr_page' id='page_1' title='image "./ioanniscalvinio00horsgoog_0204.png"; bbox 0 0 4999 6179; ppageno 0'>
   <div class='ocr_carea' id='block_1_1' title="bbox 552 448 672 510">
    <p class='ocr_par' dir='ltr' id='par_1_1' title="bbox 552 448 672 510">
     <span class='ocr_line' id='line_1_1' title="bbox 552 448 672 510; baseline -0.008 0"><span class='ocrx_word' id='word_1_1' title='bbox 552 448 672 510; x_wconf 83' lang='lat'><strong>331</strong></span> 
     </span>
    </p>
   </div>
   <div class='ocr_carea' id='block_1_2' title="bbox 544 628 2512 5013">
    <p class='ocr_par' dir='ltr' id='par_1_2' title="bbox 547 628 2511 1731">
     <span class='ocr_line' id='line_1_2' title="bbox 549 628 2509 717; baseline -0.004 -17"><span class='ocrx_word' id='word_1_2' title='bbox 549 654 748 700; x_wconf 89' lang='lat' dir='ltr'><strong>suum</strong></span> <span class='ocrx_word' id='word_1_3' title='bbox 811 633 998 699; x_wconf 91' lang='lat' dir='ltr'><strong>illum</strong></span> <span class='ocrx_word' id='word_1_4' title='bbox 1066 633 1470 717; x_wconf 75' lang='lat' dir='ltr'><strong>catalogum,</strong></span> <span class='ocrx_word' id='word_1_5' title='bbox 1551 652 1694 697; x_wconf 91' lang='lat' dir='ltr'><strong>meo</strong></span> <span class='ocrx_word' id='word_1_6' title='bbox 1760 630 1935 715; x_wconf 79' lang='lat' dir='ltr'><strong>stylo</strong></span> <span class='ocrx_word' id='word_1_7' title='bbox 1999 630 2135 694; x_wconf 88' lang='lat' dir='ltr'><strong>iam</strong></span> <span class='ocrx_word' id='word_1_8' title='bbox 2203 628 2509 711; x_wconf 90' lang='lat' dir='ltr'><strong>superius</strong></span> 
     </span>
     <span class='ocr_line' id='line_1_3' title="bbox 550 718 2511 800; baseline -0.004 -14"><span class='ocrx_word' id='word_1_9' title='bbox 550 721 926 787; x_wconf 81' lang='lat' dir='ltr'><strong>confossum</strong></span> <span class='ocrx_word' id='word_1_10' title='bbox 966 725 1035 785; x_wconf 90' lang='lat' dir='ltr'><strong>et</strong></span> <span class='ocrx_word' id='word_1_11' title='bbox 1088 739 1352 785; x_wconf 79' lang='lat' dir='ltr'><strong>erasum</strong></span> <span class='ocrx_word' id='word_1_12' title='bbox 1367 770 1381 797; x_wconf 93' lang='lat'><strong>,</strong></span> <span class='ocrx_word' id='word_1_13' title='bbox 1429 719 1675 785; x_wconf 89' lang='lat' dir='ltr'><strong>recitat.</strong></span> <span class='ocrx_word' id='word_1_14' title='bbox 1766 718 1914 800; x_wconf 84' lang='lat' dir='ltr'><strong>Ego</strong></span> <span class='ocrx_word' id='word_1_15' title='bbox 1956 736 2118 780; x_wconf 86' lang='lat' dir='ltr'><strong>vero</strong></span> <span class='ocrx_word' id='word_1_16' title='bbox 2163 736 2295 780; x_wconf 91' lang='lat' dir='ltr'><strong>non</strong></span> <span class='ocrx_word' id='word_1_17' title='bbox 2360 736 2511 779; x_wconf 91' lang='lat' dir='ltr'><strong>cum</strong></span> 
     </span>
     <span class='ocr_line' id='line_1_4' title="bbox 550 799 2511 890; baseline -0.004 -18"><span class='ocrx_word' id='word_1_18' title='bbox 550 806 842 890; x_wconf 87' lang='lat' dir='ltr'><strong>antiquis</strong></span> <span class='ocrx_word' id='word_1_19' title='bbox 898 806 1196 889; x_wconf 86' lang='lat' dir='ltr'><strong>patribus</strong></span> <span class='ocrx_word' id='word_1_20' title='bbox 1252 804 1418 870; x_wconf 81' lang='lat' dir='ltr'><strong>mihi</strong></span> <span class='ocrx_word' id='word_1_21' title='bbox 1483 803 1730 869; x_wconf 90' lang='lat' dir='ltr'><strong>bellum</strong></span> <span class='ocrx_word' id='word_1_22' title='bbox 1786 823 1930 868; x_wconf 89' lang='lat' dir='ltr'><strong>esse</strong></span> <span class='ocrx_word' id='word_1_23' title='bbox 1995 803 2332 884; x_wconf 87' lang='lat' dir='ltr'><strong>profiteor,</strong></span> <span class='ocrx_word' id='word_1_24' title='bbox 2392 799 2511 865; x_wconf 88' lang='lat' dir='ltr'><strong>sed</strong></span> 
     </span>
     <span class='ocr_line' id='line_1_5' title="bbox 549 886 2511 978; baseline -0.004 -21"><span class='ocrx_word' id='word_1_25' title='bbox 549 912 702 957; x_wconf 83' lang='lat' dir='ltr'><strong>cum</strong></span> <span class='ocrx_word' id='word_1_26' title='bbox 745 891 988 978; x_wconf 89' lang='lat' dir='ltr'><strong>Pighio</strong></span> <span class='ocrx_word' id='word_1_27' title='bbox 1034 889 1363 956; x_wconf 76' lang='lat' dir='ltr'><strong>duntaxat</strong></span> <span class='ocrx_word' id='word_1_28' title='bbox 1404 899 1472 956; x_wconf 91' lang='lat' dir='ltr'><strong>et</strong></span> <span class='ocrx_word' id='word_1_29' title='bbox 1514 888 1854 967; x_wconf 87' lang='lat' dir='ltr'><strong>similibus,</strong></span> <span class='ocrx_word' id='word_1_30' title='bbox 1900 889 2007 954; x_wconf 84' lang='lat' dir='ltr'><strong>vel</strong></span> <span class='ocrx_word' id='word_1_31' title='bbox 2050 887 2352 965; x_wconf 86' lang='lat' dir='ltr'><strong>canibus,</strong></span> <span class='ocrx_word' id='word_1_32' title='bbox 2400 886 2511 951; x_wconf 83' lang='lat' dir='ltr'><strong>vel</strong></span> 
     </span>
     <span class='ocr_line' id='line_1_6' title="bbox 548 973 2509 1062; baseline -0.003 -20"><span class='ocrx_word' id='word_1_33' title='bbox 548 979 788 1062; x_wconf 88' lang='lat' dir='ltr'><strong>porcis:</strong></span> <span class='ocrx_word' id='word_1_34' title='bbox 848 980 961 1061; x_wconf 91' lang='lat' dir='ltr'><strong>qui</strong></span> <span class='ocrx_word' id='word_1_35' title='bbox 1017 984 1499 1043; x_wconf 88' lang='lat' dir='ltr'><strong>sacrosanctam</strong></span> <span class='ocrx_word' id='word_1_36' title='bbox 1552 983 1618 1041; x_wconf 91' lang='lat' dir='ltr'><strong>et</strong></span> <span class='ocrx_word' id='word_1_37' title='bbox 1670 974 2027 1040; x_wconf 89' lang='lat' dir='ltr'><strong>salutarem</strong></span> <span class='ocrx_word' id='word_1_38' title='bbox 2079 973 2210 1039; x_wconf 88' lang='lat' dir='ltr'><strong>Dei</strong></span> <span class='ocrx_word' id='word_1_39' title='bbox 2264 973 2509 1038; x_wconf 87' lang='lat' dir='ltr'><strong>verita-</strong></span> 
     </span>
     <span class='ocr_line' id='line_1_7' title="bbox 550 1057 2508 1147; baseline -0.004 -18"><span class='ocrx_word' id='word_1_40' title='bbox 550 1071 687 1129; x_wconf 90' lang='lat' dir='ltr'><strong>tem</strong></span> <span class='ocrx_word' id='word_1_41' title='bbox 705 1115 719 1141; x_wconf 90' lang='lat'><strong>,</strong></span> <span class='ocrx_word' id='word_1_42' title='bbox 776 1066 1016 1147; x_wconf 89' lang='lat' dir='ltr'><strong>partim</strong></span> <span class='ocrx_word' id='word_1_43' title='bbox 1081 1065 1344 1146; x_wconf 89' lang='lat' dir='ltr'><strong>impuro</strong></span> <span class='ocrx_word' id='word_1_44' title='bbox 1406 1071 1473 1127; x_wconf 93' lang='lat' dir='ltr'><strong>et</strong></span> <span class='ocrx_word' id='word_1_45' title='bbox 1530 1060 1852 1127; x_wconf 90' lang='lat' dir='ltr'><strong>obscoeno</strong></span> <span class='ocrx_word' id='word_1_46' title='bbox 1921 1066 2133 1126; x_wconf 91' lang='lat' dir='ltr'><strong>rostro</strong></span> <span class='ocrx_word' id='word_1_47' title='bbox 2191 1057 2508 1124; x_wconf 90' lang='lat' dir='ltr'><strong>contami-</strong></span> 
     </span>
     <span class='ocr_line' id='line_1_8' title="bbox 551 1146 2511 1234; baseline -0.004 -19"><span class='ocrx_word' id='word_1_48' title='bbox 551 1156 753 1227; x_wconf 87' lang='lat' dir='ltr'><strong>nant,</strong></span> <span class='ocrx_word' id='word_1_49' title='bbox 813 1151 1055 1234; x_wconf 87' lang='lat' dir='ltr'><strong>partim</strong></span> <span class='ocrx_word' id='word_1_50' title='bbox 1109 1149 1497 1215; x_wconf 89' lang='lat' dir='ltr'><strong>conculcant</strong></span> <span class='ocrx_word' id='word_1_51' title='bbox 1533 1146 1839 1231; x_wconf 74' lang='lat' dir='ltr'><strong>pedibuS,</strong></span> <span class='ocrx_word' id='word_1_52' title='bbox 1896 1148 2139 1230; x_wconf 89' lang='lat' dir='ltr'><strong>partim</strong></span> <span class='ocrx_word' id='word_1_53' title='bbox 2183 1151 2511 1210; x_wconf 82' lang='lat' dir='ltr'><strong>venenato</strong></span> 
     </span>
     <span class='ocr_line' id='line_1_9' title="bbox 550 1230 2510 1317; baseline -0.004 -16"><span class='ocrx_word' id='word_1_54' title='bbox 550 1256 781 1302; x_wconf 89' lang='lat' dir='ltr'><strong>morsu</strong></span> <span class='ocrx_word' id='word_1_55' title='bbox 825 1236 1145 1314; x_wconf 88' lang='lat' dir='ltr'><strong>lacerant,</strong></span> <span class='ocrx_word' id='word_1_56' title='bbox 1203 1236 1446 1317; x_wconf 87' lang='lat' dir='ltr'><strong>partim</strong></span> <span class='ocrx_word' id='word_1_57' title='bbox 1490 1234 1738 1299; x_wconf 88' lang='lat' dir='ltr'><strong>latratu</strong></span> <span class='ocrx_word' id='word_1_58' title='bbox 1780 1240 2282 1316; x_wconf 89' lang='lat' dir='ltr'><strong>persequuntur.</strong></span> <span class='ocrx_word' id='word_1_59' title='bbox 2372 1230 2510 1295; x_wconf 83' lang='lat' dir='ltr'><strong>Ve-</strong></span> 
     </span>
     <span class='ocr_line' id='line_1_10' title="bbox 551 1315 2508 1403; baseline -0.004 -17"><span class='ocrx_word' id='word_1_60' title='bbox 551 1343 704 1387; x_wconf 89' lang='lat' dir='ltr'><strong>rum</strong></span> <span class='ocrx_word' id='word_1_61' title='bbox 756 1322 816 1386; x_wconf 92' lang='lat' dir='ltr'><strong>si</strong></span> <span class='ocrx_word' id='word_1_62' title='bbox 872 1324 943 1386; x_wconf 93' lang='lat' dir='ltr'><strong>in</strong></span> <span class='ocrx_word' id='word_1_63' title='bbox 1001 1321 1347 1386; x_wconf 87' lang='lat' dir='ltr'><strong>refutanda</strong></span> <span class='ocrx_word' id='word_1_64' title='bbox 1388 1322 1528 1386; x_wconf 89' lang='lat' dir='ltr'><strong>eius</strong></span> <span class='ocrx_word' id='word_1_65' title='bbox 1584 1319 1972 1403; x_wconf 80' lang='lat' dir='ltr'><strong>garrulitate</strong></span> <span class='ocrx_word' id='word_1_66' title='bbox 2015 1318 2323 1383; x_wconf 80' lang='lat' dir='ltr'>insistere</span> <span class='ocrx_word' id='word_1_67' title='bbox 2367 1315 2508 1382; x_wconf 84' lang='lat' dir='ltr'><strong>vel-</strong></span> 
     </span>
     <span class='ocr_line' id='line_1_11' title="bbox 549 1402 2508 1489; baseline -0.003 -18"><span class='ocrx_word' id='word_1_68' title='bbox 549 1407 704 1487; x_wconf 88' lang='lat' dir='ltr'><strong>lem,</strong></span> <span class='ocrx_word' id='word_1_69' title='bbox 749 1407 973 1474; x_wconf 89' lang='lat' dir='ltr'><strong>nullus</strong></span> <span class='ocrx_word' id='word_1_70' title='bbox 1019 1414 1191 1473; x_wconf 91' lang='lat' dir='ltr'><strong>esset</strong></span> <span class='ocrx_word' id='word_1_71' title='bbox 1233 1408 1402 1472; x_wconf 89' lang='lat' dir='ltr'><strong>finis.</strong></span> <span class='ocrx_word' id='word_1_72' title='bbox 1490 1405 1724 1489; x_wconf 89' lang='lat' dir='ltr'><strong>Itaque</strong></span> <span class='ocrx_word' id='word_1_73' title='bbox 1775 1411 1922 1484; x_wconf 81' lang='lat' dir='ltr'><strong>[pag.</strong></span> <span class='ocrx_word' id='word_1_74' title='bbox 1967 1409 2114 1483; x_wconf 87' lang='lat'>137]</span> <span class='ocrx_word' id='word_1_75' title='bbox 2162 1424 2201 1467; x_wconf 89' lang='lat' dir='ltr'><strong>a</strong></span> <span class='ocrx_word' id='word_1_76' title='bbox 2243 1402 2508 1468; x_wconf 87' lang='lat' dir='ltr'><strong>lectori·</strong></span> 
     </span>
     <span class='ocr_line' id='line_1_12' title="bbox 547 1487 2509 1578; baseline -0.004 -19"><span class='ocrx_word' id='word_1_77' title='bbox 547 1494 674 1559; x_wconf 87' lang='lat' dir='ltr'><strong>bus</strong></span> <span class='ocrx_word' id='word_1_78' title='bbox 715 1502 884 1578; x_wconf 84' lang='lat' dir='ltr'><strong>pete,</strong></span> <span class='ocrx_word' id='word_1_79' title='bbox 932 1514 1017 1557; x_wconf 91' lang='lat' dir='ltr'><strong>ne</strong></span> <span class='ocrx_word' id='word_1_80' title='bbox 1054 1516 1095 1559; x_wconf 89' lang='lat' dir='ltr'><strong>a</strong></span> <span class='ocrx_word' id='word_1_81' title='bbox 1129 1515 1200 1558; x_wconf 90' lang='lat' dir='ltr'><strong>re</strong></span> <span class='ocrx_word' id='word_1_82' title='bbox 1246 1494 1388 1575; x_wconf 88' lang='lat' dir='ltr'><strong>ipsa</strong></span> <span class='ocrx_word' id='word_1_83' title='bbox 1424 1491 1745 1557; x_wconf 80' lang='lat' dir='ltr'><strong>dimoveri</strong></span> <span class='ocrx_word' id='word_1_84' title='bbox 1784 1513 1855 1557; x_wconf 89' lang='lat' dir='ltr'><strong>se</strong></span> <span class='ocrx_word' id='word_1_85' title='bbox 1889 1492 2242 1574; x_wconf 88' lang='lat' dir='ltr'><strong>patiantur.</strong></span> <span class='ocrx_word' id='word_1_86' title='bbox 2311 1487 2509 1569; x_wconf 78' lang='lat' dir='ltr'><strong>Quod</strong></span> 
     </span>
     <span class='ocr_line' id='line_1_13' title="bbox 551 1576 2508 1661; baseline -0.004 -16"><span class='ocrx_word' id='word_1_87' title='bbox 551 1580 607 1645; x_wconf 91' lang='lat' dir='ltr'><strong>si</strong></span> <span class='ocrx_word' id='word_1_88' title='bbox 652 1580 817 1644; x_wconf 89' lang='lat' dir='ltr'><strong>mihi</strong></span> <span class='ocrx_word' id='word_1_89' title='bbox 862 1577 1190 1658; x_wconf 79' lang='lat' dir='ltr'><strong>dederint,</strong></span> <span class='ocrx_word' id='word_1_90' title='bbox 1251 1580 1531 1644; x_wconf 88' lang='lat' dir='ltr'><strong>efficiam</strong></span> <span class='ocrx_word' id='word_1_91' title='bbox 1576 1600 1661 1642; x_wconf 92' lang='lat' dir='ltr'><strong>ne</strong></span> <span class='ocrx_word' id='word_1_92' title='bbox 1705 1577 1866 1661; x_wconf 84' lang='lat' dir='ltr'><strong>quid</strong></span> <span class='ocrx_word' id='word_1_93' title='bbox 1909 1579 1980 1641; x_wconf 91' lang='lat' dir='ltr'><strong>in</strong></span> <span class='ocrx_word' id='word_1_94' title='bbox 2023 1576 2190 1641; x_wconf 89' lang='lat' dir='ltr'><strong>meis</strong></span> <span class='ocrx_word' id='word_1_95' title='bbox 2233 1594 2508 1656; x_wconf 90' lang='lat' dir='ltr'><strong>respon-</strong></span> 
     </span>
     <span class='ocr_line' id='line_1_14' title="bbox 551 1665 2226 1731; baseline -0.002 0"><span class='ocrx_word' id='word_1_96' title='bbox 551 1666 846 1731; x_wconf 84' lang='lat' dir='ltr'><strong>sionibus</strong></span> <span class='ocrx_word' id='word_1_97' title='bbox 892 1665 1281 1731; x_wconf 79' lang='lat' dir='ltr'><strong>desiderent.</strong></span> <span class='ocrx_word' id='word_1_98' title='bbox 2217 1680 2226 1685; x_wconf 80' lang='grc'><em>“</em></span> 
     </span>
    </p>

    <p class='ocr_par' dir='ltr' id='par_1_3' title="bbox 544 1744 2512 5013">
     <span class='ocr_line' id='line_1_15' title="bbox 727 1744 2509 1834; baseline -0.004 -18"><span class='ocrx_word' id='word_1_99' title='bbox 727 1752 952 1831; x_wconf 88' lang='lat' dir='ltr'><strong>Nunc,</strong></span> <span class='ocrx_word' id='word_1_100' title='bbox 1014 1754 1300 1834; x_wconf 89' lang='lat' dir='ltr'><strong>primum</strong></span> <span class='ocrx_word' id='word_1_101' title='bbox 1361 1751 1534 1833; x_wconf 81' lang='lat' dir='ltr'><strong>quod</strong></span> <span class='ocrx_word' id='word_1_102' title='bbox 1589 1752 1791 1815; x_wconf 88' lang='lat' dir='ltr'><strong>recito</strong></span> <span class='ocrx_word' id='word_1_103' title='bbox 1836 1746 2193 1814; x_wconf 87' lang='lat' dir='ltr'><strong>absurdum</strong></span> <span class='ocrx_word' id='word_1_104' title='bbox 2238 1761 2366 1810; x_wconf 78' lang='lat' dir='ltr'><strong>cst-z</strong></span> <span class='ocrx_word' id='word_1_105' title='bbox 2430 1744 2509 1811; x_wconf 80' lang='lat' dir='ltr'><strong>Si</strong></span> 
     </span>
     <span class='ocr_line' id='line_1_16' title="bbox 549 1834 2508 1922; baseline -0.004 -18"><span class='ocrx_word' id='word_1_106' title='bbox 549 1846 893 1922; x_wconf 86' lang='lat' dir='ltr'><strong>peccatum</strong></span> <span class='ocrx_word' id='word_1_107' title='bbox 947 1838 1358 1904; x_wconf 87' lang='lat' dir='ltr'><strong>necessitatis</strong></span> <span class='ocrx_word' id='word_1_108' title='bbox 1415 1843 1544 1914; x_wconf 83' lang='lat' dir='ltr'><strong>est,</strong></span> <span class='ocrx_word' id='word_1_109' title='bbox 1600 1836 1734 1900; x_wconf 88' lang='lat' dir='ltr'><strong>iam</strong></span> <span class='ocrx_word' id='word_1_110' title='bbox 1787 1834 2030 1900; x_wconf 81' lang='lat' dir='ltr'><strong>desinit</strong></span> <span class='ocrx_word' id='word_1_111' title='bbox 2083 1854 2224 1898; x_wconf 88' lang='lat' dir='ltr'><strong>esse</strong></span> <span class='ocrx_word' id='word_1_112' title='bbox 2278 1852 2508 1915; x_wconf 81' lang='lat' dir='ltr'><strong>pecca-</strong></span> 
     </span>
     <span class='ocr_line' id='line_1_17' title="bbox 550 1915 2510 2005; baseline -0.004 -17"><span class='ocrx_word' id='word_1_113' title='bbox 550 1930 730 2003; x_wconf 84' lang='lat' dir='ltr'><strong>tum3</strong></span> <span class='ocrx_word' id='word_1_114' title='bbox 769 1924 824 1988; x_wconf 91' lang='lat' dir='ltr'><strong>si</strong></span> <span class='ocrx_word' id='word_1_115' title='bbox 871 1923 1317 1988; x_wconf 86' lang='lat' dir='ltr'><strong>voluntarium</strong></span> <span class='ocrx_word' id='word_1_116' title='bbox 1362 1931 1492 1999; x_wconf 88' lang='lat' dir='ltr'><strong>est,</strong></span> <span class='ocrx_word' id='word_1_117' title='bbox 1548 1943 1704 2005; x_wconf 90' lang='lat' dir='ltr'><strong>ergo</strong></span> <span class='ocrx_word' id='word_1_118' title='bbox 1746 1921 1946 1986; x_wconf 84' lang='lat' dir='ltr'><strong>vitari</strong></span> <span class='ocrx_word' id='word_1_119' title='bbox 1991 1925 2224 2002; x_wconf 88' lang='lat' dir='ltr'><strong>potest.</strong></span> <span class='ocrx_word' id='word_1_120' title='bbox 2323 1915 2510 1982; x_wconf 91' lang='lat' dir='ltr'><strong>Addo</strong></span> 
     </span>
     <span class='ocr_line' id='line_1_18' title="bbox 552 2006 2510 2087; baseline -0.004 -12"><span class='ocrx_word' id='word_1_121' title='bbox 552 2019 806 2086; x_wconf 88' lang='lat' dir='ltr'><strong>autem,</strong></span> <span class='ocrx_word' id='word_1_122' title='bbox 856 2010 981 2074; x_wconf 92' lang='lat' dir='ltr'><strong>hoc</strong></span> <span class='ocrx_word' id='word_1_123' title='bbox 1041 2009 1418 2074; x_wconf 82' lang='lat' dir='ltr'><strong>dilemmate</strong></span> <span class='ocrx_word' id='word_1_124' title='bbox 1466 2018 1776 2073; x_wconf 86' lang='lat' dir='ltr'><strong>vexatum</strong></span> <span class='ocrx_word' id='word_1_125' title='bbox 1831 2007 1989 2071; x_wconf 87' lang='lat' dir='ltr'><strong>olim</strong></span> <span class='ocrx_word' id='word_1_126' title='bbox 2032 2006 2233 2070; x_wconf 88' lang='lat' dir='ltr'><strong>fuisse</strong></span> <span class='ocrx_word' id='word_1_127' title='bbox 2279 2007 2510 2087; x_wconf 90' lang='lat' dir='ltr'><strong>Augu-</strong></span> 
     </span>
     <span class='ocr_line' id='line_1_19' title="bbox 552 2092 2511 2178; baseline -0.004 -18"><span class='ocrx_word' id='word_1_128' title='bbox 552 2096 801 2161; x_wconf 87' lang='lat' dir='ltr'><strong>stinum</strong></span> <span class='ocrx_word' id='word_1_129' title='bbox 867 2117 906 2160; x_wconf 88' lang='lat' dir='ltr'><strong>a</strong></span> <span class='ocrx_word' id='word_1_130' title='bbox 983 2095 1273 2178; x_wconf 80' lang='lat' dir='ltr'><strong>Pelagio,</strong></span> <span class='ocrx_word' id='word_1_131' title='bbox 1378 2094 1638 2159; x_wconf 84' lang='lat' dir='ltr'><strong>Clamat</strong></span> <span class='ocrx_word' id='word_1_132' title='bbox 1712 2094 1822 2159; x_wconf 89' lang='lat' dir='ltr'><strong>hic</strong></span> <span class='ocrx_word' id='word_1_133' title='bbox 1885 2092 2336 2175; x_wconf 75' lang='lat' dir='ltr'><strong>phreneticuS,</strong></span> <span class='ocrx_word' id='word_1_134' title='bbox 2400 2109 2511 2153; x_wconf 90' lang='lat' dir='ltr'><strong>me</strong></span> 
     </span>
     <span class='ocr_line' id='line_1_20' title="bbox 551 2176 2511 2264; baseline -0.003 -18"><span class='ocrx_word' id='word_1_135' title='bbox 551 2181 837 2246; x_wconf 88' lang='lat' dir='ltr'><strong>mentiri.</strong></span> <span class='ocrx_word' id='word_1_136' title='bbox 951 2182 1154 2264; x_wconf 87' lang='lat' dir='ltr'><strong>Atqui</strong></span> <span class='ocrx_word' id='word_1_137' title='bbox 1225 2180 1388 2245; x_wconf 86' lang='lat' dir='ltr'><strong>nihil</strong></span> <span class='ocrx_word' id='word_1_138' title='bbox 1450 2179 1591 2243; x_wconf 89' lang='lat' dir='ltr'><strong>dixi</strong></span> <span class='ocrx_word' id='word_1_139' title='bbox 1655 2179 1831 2262; x_wconf 92' lang='lat' dir='ltr'><strong>quod</strong></span> <span class='ocrx_word' id='word_1_140' title='bbox 1897 2199 2031 2242; x_wconf 91' lang='lat' dir='ltr'><strong>non</strong></span> <span class='ocrx_word' id='word_1_141' title='bbox 2095 2176 2511 2260; x_wconf 79' lang='lat' dir='ltr'><strong>Augustinus</strong></span> 
     </span>
     <span class='ocr_line' id='line_1_21' title="bbox 552 2262 2511 2350; baseline -0.004 -20"><span class='ocrx_word' id='word_1_142' title='bbox 552 2268 693 2350; x_wconf 91' lang='lat' dir='ltr'><strong>ipse</strong></span> <span class='ocrx_word' id='word_1_143' title='bbox 737 2265 1113 2349; x_wconf 85' lang='lat' dir='ltr'><strong>prodiderit.</strong></span> <span class='ocrx_word' id='word_1_144' title='bbox 1182 2266 1379 2332; x_wconf 89' lang='lat' dir='ltr'><strong>Hanc</strong></span> <span class='ocrx_word' id='word_1_145' title='bbox 1421 2267 1596 2330; x_wconf 89' lang='lat' dir='ltr'><strong>enim</strong></span> <span class='ocrx_word' id='word_1_146' title='bbox 1642 2264 1900 2348; x_wconf 86' lang='lat' dir='ltr'><strong>Pelagii</strong></span> <span class='ocrx_word' id='word_1_147' title='bbox 1944 2262 2511 2328; x_wconf 84' lang='lat' dir='ltr'><strong>ratiocinationem</strong></span> 
     </span>
     <span class='ocr_line' id='line_1_22' title="bbox 551 2346 2510 2436; baseline -0.003 -20"><span class='ocrx_word' id='word_1_148' title='bbox 551 2373 799 2417; x_wconf 90' lang='lat' dir='ltr'><strong>nonam</strong></span> <span class='ocrx_word' id='word_1_149' title='bbox 824 2351 874 2435; x_wconf 81' lang='lat'><strong>¹)</strong></span> <span class='ocrx_word' id='word_1_150' title='bbox 919 2353 1123 2436; x_wconf 89' lang='lat' dir='ltr'><strong>ponit,</strong></span> <span class='ocrx_word' id='word_1_151' title='bbox 1172 2352 1340 2416; x_wconf 88' lang='lat' dir='ltr'><strong>libro</strong></span> <span class='ocrx_word' id='word_1_152' title='bbox 1377 2350 1459 2416; x_wconf 89' lang='lat' dir='ltr'><strong>dc</strong></span> <span class='ocrx_word' id='word_1_153' title='bbox 1493 2352 1911 2417; x_wconf 86' lang='lat' dir='ltr'><strong>Perfectione</strong></span> <span class='ocrx_word' id='word_1_154' title='bbox 1945 2349 2249 2414; x_wconf 89' lang='lat' dir='ltr'><strong>iustitiae.</strong></span> <span class='ocrx_word' id='word_1_155' title='bbox 2321 2346 2510 2428; x_wconf 79' lang='lat' dir='ltr'><strong>Quae</strong></span> 
     </span>
     <span class='ocr_line' id='line_1_23' title="bbox 551 2432 2511 2522; baseline -0.003 -19"><span class='ocrx_word' id='word_1_156' title='bbox 551 2459 708 2522; x_wconf 90' lang='lat' dir='ltr'><strong>ergo</strong></span> <span class='ocrx_word' id='word_1_157' title='bbox 748 2439 878 2504; x_wconf 86' lang='lat' dir='ltr'><strong>ista</strong></span> <span class='ocrx_word' id='word_1_158' title='bbox 921 2451 1024 2503; x_wconf 87' lang='lat' dir='ltr'><strong>est</strong></span> <span class='ocrx_word' id='word_1_159' title='bbox 1065 2438 1297 2516; x_wconf 90' lang='lat' dir='ltr'><strong>rabies,</strong></span> <span class='ocrx_word' id='word_1_160' title='bbox 1342 2458 1589 2520; x_wconf 88' lang='lat' dir='ltr'><strong>negare</strong></span> <span class='ocrx_word' id='word_1_161' title='bbox 1634 2437 1892 2520; x_wconf 80' lang='lat' dir='ltr'><strong>uspiam</strong></span> <span class='ocrx_word' id='word_1_162' title='bbox 1934 2455 2096 2512; x_wconf 89' lang='lat' dir='ltr'><strong>esse,</strong></span> <span class='ocrx_word' id='word_1_163' title='bbox 2140 2432 2310 2518; x_wconf 92' lang='lat' dir='ltr'><strong>quod</strong></span> <span class='ocrx_word' id='word_1_164' title='bbox 2355 2441 2511 2498; x_wconf 88' lang='lat' dir='ltr'><strong>ante</strong></span> 
     </span>
     <span class='ocr_line' id='line_1_24' title="bbox 551 2522 2512 2603; baseline -0.003 -15"><span class='ocrx_word' id='word_1_165' title='bbox 551 2525 774 2590; x_wconf 89' lang='lat' dir='ltr'><strong>oculos</strong></span> <span class='ocrx_word' id='word_1_166' title='bbox 837 2523 1234 2590; x_wconf 82' lang='lat' dir='ltr'><strong>exhibetur?</strong></span> <span class='ocrx_word' id='word_1_167' title='bbox 1348 2525 1442 2587; x_wconf 89' lang='lat' dir='ltr'><strong>At</strong></span> <span class='ocrx_word' id='word_1_168' title='bbox 1524 2522 1846 2603; x_wconf 69' lang='lat' dir='ltr'><strong>similiter¹</strong></span> <span class='ocrx_word' id='word_1_169' title='bbox 1893 2542 2055 2585; x_wconf 87' lang='lat' dir='ltr'><strong>usus</strong></span> <span class='ocrx_word' id='word_1_170' title='bbox 2117 2530 2218 2585; x_wconf 90' lang='lat' dir='ltr'><strong>est</strong></span> <span class='ocrx_word' id='word_1_171' title='bbox 2282 2527 2512 2586; x_wconf 90' lang='lat' dir='ltr'><strong>contra</strong></span> 
     </span>
     <span class='ocr_line' id='line_1_25' title="bbox 549 2606 2512 2692; baseline -0.003 -17"><span class='ocrx_word' id='word_1_172' title='bbox 549 2609 977 2676; x_wconf 82' lang='lat' dir='ltr'><strong>Manichaeos</strong></span> <span class='ocrx_word' id='word_1_173' title='bbox 1037 2610 1468 2692; x_wconf 86' lang='lat' dir='ltr'><strong>Augustinus.</strong></span> <span class='ocrx_word' id='word_1_174' title='bbox 1581 2608 1741 2672; x_wconf 86' lang='lat' dir='ltr'><strong>Rite</strong></span> <span class='ocrx_word' id='word_1_175' title='bbox 1794 2606 2086 2690; x_wconf 90' lang='lat' dir='ltr'><strong>quidem,</strong></span> <span class='ocrx_word' id='word_1_176' title='bbox 2145 2614 2213 2672; x_wconf 91' lang='lat' dir='ltr'><strong>et</strong></span> <span class='ocrx_word' id='word_1_177' title='bbox 2262 2607 2512 2689; x_wconf 89' lang='lat' dir='ltr'><strong>optima</strong></span> 
     </span>
     <span class='ocr_line' id='line_1_26' title="bbox 550 2692 2511 2777; baseline -0.002 -17"><span class='ocrx_word' id='word_1_178' title='bbox 550 2697 834 2773; x_wconf 88' lang='lat' dir='ltr'><strong>ratione,</strong></span> <span class='ocrx_word' id='word_1_179' title='bbox 892 2716 1097 2776; x_wconf 88' lang='lat' dir='ltr'><strong>quum</strong></span> <span class='ocrx_word' id='word_1_180' title='bbox 1153 2695 1251 2759; x_wconf 87' lang='lat' dir='ltr'><strong>illi</strong></span> <span class='ocrx_word' id='word_1_181' title='bbox 1303 2703 1645 2777; x_wconf 87' lang='lat' dir='ltr'><strong>peccatum</strong></span> <span class='ocrx_word' id='word_1_182' title='bbox 1704 2694 2078 2759; x_wconf 87' lang='lat' dir='ltr'><strong>hominibus</strong></span> <span class='ocrx_word' id='word_1_183' title='bbox 2132 2714 2172 2756; x_wconf 86' lang='lat' dir='ltr'><strong>a</strong></span> <span class='ocrx_word' id='word_1_184' title='bbox 2212 2694 2359 2757; x_wconf 92' lang='lat' dir='ltr'><strong>Deo</strong></span> <span class='ocrx_word' id='word_1_185' title='bbox 2405 2692 2511 2756; x_wconf 89' lang='lat' dir='ltr'><strong>in-</strong></span> 
     </span>
     <span class='ocr_line' id='line_1_27' title="bbox 551 2779 2510 2865; baseline -0.002 -21"><span class='ocrx_word' id='word_1_186' title='bbox 551 2783 854 2865; x_wconf 89' lang='lat' dir='ltr'><strong>genitum</strong></span> <span class='ocrx_word' id='word_1_187' title='bbox 907 2801 1079 2857; x_wconf 86' lang='lat' dir='ltr'><strong>esse,</strong></span> <span class='ocrx_word' id='word_1_188' title='bbox 1126 2789 1438 2863; x_wconf 88' lang='lat' dir='ltr'><strong>tanquam</strong></span> <span class='ocrx_word' id='word_1_189' title='bbox 1483 2779 1920 2846; x_wconf 85' lang='lat' dir='ltr'><strong>substantiale</strong></span> <span class='ocrx_word' id='word_1_190' title='bbox 1963 2779 2211 2844; x_wconf 89' lang='lat' dir='ltr'><strong>malum</strong></span> <span class='ocrx_word' id='word_1_191' title='bbox 2229 2830 2243 2855; x_wconf 88' lang='lat'><strong><em>‚</em></strong></span> <span class='ocrx_word' id='word_1_192' title='bbox 2298 2779 2510 2862; x_wconf 88' lang='lat' dir='ltr'><strong>finge-</strong></span> 
     </span>
     <span class='ocr_line' id='line_1_28' title="bbox 549 2864 2510 2949; baseline -0.001 -18"><span class='ocrx_word' id='word_1_193' title='bbox 549 2874 731 2946; x_wconf 82' lang='lat' dir='ltr'><strong>rent3</strong></span> <span class='ocrx_word' id='word_1_194' title='bbox 776 2887 910 2930; x_wconf 91' lang='lat' dir='ltr'><strong>non</strong></span> <span class='ocrx_word' id='word_1_195' title='bbox 954 2866 1386 2932; x_wconf 89' lang='lat' dir='ltr'><strong>concederent</strong></span> <span class='ocrx_word' id='word_1_196' title='bbox 1443 2866 1601 2931; x_wconf 88' lang='lat' dir='ltr'><strong>vitio</strong></span> <span class='ocrx_word' id='word_1_197' title='bbox 1654 2866 1956 2949; x_wconf 88' lang='lat' dir='ltr'><strong>propriae</strong></span> <span class='ocrx_word' id='word_1_198' title='bbox 1995 2864 2359 2930; x_wconf 82' lang='lat' dir='ltr'><strong>voluntatis</strong></span> <span class='ocrx_word' id='word_1_199' title='bbox 2402 2883 2510 2929; x_wconf 85' lang='lat' dir='ltr'><strong>ac-</strong></span> 
     </span>
     <span class='ocr_line' id='line_1_29' title="bbox 549 2950 2510 3034; baseline 0 -19"><span class='ocrx_word' id='word_1_200' title='bbox 549 2950 803 3018; x_wconf 90' lang='lat' dir='ltr'><strong>cidisse.</strong></span> <span class='ocrx_word' id='word_1_201' title='bbox 908 2952 1152 3017; x_wconf 89' lang='lat' dir='ltr'><strong>Nostra</strong></span> <span class='ocrx_word' id='word_1_202' title='bbox 1203 2960 1423 3017; x_wconf 87' lang='lat' dir='ltr'><strong>autem</strong></span> <span class='ocrx_word' id='word_1_203' title='bbox 1459 2973 1659 3018; x_wconf 86' lang='lat' dir='ltr'><strong>causa</strong></span> <span class='ocrx_word' id='word_1_204' title='bbox 1701 2950 2055 3017; x_wconf 81' lang='lat' dir='ltr'><strong>dissimilis.</strong></span> <span class='ocrx_word' id='word_1_205' title='bbox 2145 2951 2326 3034; x_wconf 88' lang='lat' dir='ltr'><strong>Ergo</strong></span> <span class='ocrx_word' id='word_1_206' title='bbox 2382 2951 2510 3016; x_wconf 89' lang='lat' dir='ltr'><strong>sic-</strong></span> 
     </span>
     <span class='ocr_line' id='line_1_30' title="bbox 552 3035 2512 3121; baseline -0.001 -18"><span class='ocrx_word' id='word_1_207' title='bbox 552 3039 654 3104; x_wconf 91' lang='lat' dir='ltr'><strong>uti</strong></span> <span class='ocrx_word' id='word_1_208' title='bbox 703 3039 902 3104; x_wconf 88' lang='lat' dir='ltr'><strong>huius</strong></span> <span class='ocrx_word' id='word_1_209' title='bbox 957 3036 1226 3104; x_wconf 83' lang='lat' dir='ltr'><strong>absurdi</strong></span> <span class='ocrx_word' id='word_1_210' title='bbox 1280 3039 1638 3105; x_wconf 86' lang='lat' dir='ltr'><strong>obiectione</strong></span> <span class='ocrx_word' id='word_1_211' title='bbox 1700 3035 1893 3104; x_wconf 91' lang='lat' dir='ltr'><strong>hodie</strong></span> <span class='ocrx_word' id='word_1_212' title='bbox 1948 3058 2068 3103; x_wconf 91' lang='lat' dir='ltr'><strong>nos</strong></span> <span class='ocrx_word' id='word_1_213' title='bbox 2123 3042 2512 3121; x_wconf 88' lang='lat' dir='ltr'><strong>oppugnant</strong></span> 
     </span>
     <span class='ocr_line' id='line_1_31' title="bbox 549 3124 2509 3210; baseline -0.002 -20"><span class='ocrx_word' id='word_1_214' title='bbox 549 3145 978 3192; x_wconf 88' lang='lat' dir='ltr'><strong>romanenses</strong></span> <span class='ocrx_word' id='word_1_215' title='bbox 1043 3126 1360 3210; x_wconf 79' lang='lat' dir='ltr'><strong>theologi,</strong></span> <span class='ocrx_word' id='word_1_216' title='bbox 1412 3125 1507 3190; x_wconf 87' lang='lat' dir='ltr'><strong>ita</strong></span> <span class='ocrx_word' id='word_1_217' title='bbox 1573 3126 1732 3190; x_wconf 90' lang='lat' dir='ltr'><strong>olim</strong></span> <span class='ocrx_word' id='word_1_218' title='bbox 1785 3124 2012 3190; x_wconf 89' lang='lat' dir='ltr'><strong>eadem</strong></span> <span class='ocrx_word' id='word_1_219' title='bbox 2057 3124 2509 3207; x_wconf 88' lang='lat' dir='ltr'><strong>Augustinum</strong></span> 
     </span>
     <span class='ocr_line' id='line_1_32' title="bbox 551 3209 2510 3300; baseline -0.001 -24"><span class='ocrx_word' id='word_1_220' title='bbox 551 3211 866 3294; x_wconf 86' lang='lat' dir='ltr'><strong>Pelagius</strong></span> <span class='ocrx_word' id='word_1_221' title='bbox 921 3211 1294 3300; x_wconf 85' lang='lat' dir='ltr'><strong>impetebat.</strong></span> <span class='ocrx_word' id='word_1_222' title='bbox 1400 3213 1640 3276; x_wconf 80' lang='lat' dir='ltr'><strong>Exstat</strong></span> <span class='ocrx_word' id='word_1_223' title='bbox 1707 3211 1885 3275; x_wconf 89' lang='lat' dir='ltr'><strong>enim</strong></span> <span class='ocrx_word' id='word_1_224' title='bbox 1951 3210 2147 3288; x_wconf 91' lang='lat' dir='ltr'><strong>liber,</strong></span> <span class='ocrx_word' id='word_1_225' title='bbox 2215 3211 2329 3292; x_wconf 90' lang='lat' dir='ltr'><strong>qui</strong></span> <span class='ocrx_word' id='word_1_226' title='bbox 2384 3209 2510 3275; x_wconf 91' lang='lat' dir='ltr'><strong>hoc</strong></span> 
     </span>
     <span class='ocr_line' id='line_1_33' title="bbox 551 3296 2508 3381; baseline -0.001 -21"><span class='ocrx_word' id='word_1_227' title='bbox 551 3304 857 3362; x_wconf 89' lang='lat' dir='ltr'><strong>testatur.</strong></span> <span class='ocrx_word' id='word_1_228' title='bbox 947 3297 1266 3381; x_wconf 86' lang='lat' dir='ltr'><strong>Negando</strong></span> <span class='ocrx_word' id='word_1_229' title='bbox 1313 3298 1468 3380; x_wconf 92' lang='lat' dir='ltr'><strong>quid</strong></span> <span class='ocrx_word' id='word_1_230' title='bbox 1524 3298 1817 3379; x_wconf 87' lang='lat' dir='ltr'><strong>proficiet</strong></span> <span class='ocrx_word' id='word_1_231' title='bbox 1858 3296 2182 3381; x_wconf 85' lang='lat' dir='ltr'><strong>Pighius?</strong></span> <span class='ocrx_word' id='word_1_232' title='bbox 2273 3296 2365 3360; x_wconf 85' lang='lat' dir='ltr'><strong>Et</strong></span> <span class='ocrx_word' id='word_1_233' title='bbox 2405 3303 2508 3359; x_wconf 88' lang='lat' dir='ltr'><strong>ta-</strong></span> 
     </span>
     <span class='ocr_line' id='line_1_34' title="bbox 550 3381 2508 3466; baseline 0 -20"><span class='ocrx_word' id='word_1_234' title='bbox 550 3402 709 3450; x_wconf 86' lang='lat' dir='ltr'><strong>men</strong></span> <span class='ocrx_word' id='word_1_235' title='bbox 750 3381 946 3462; x_wconf 81' lang='lat' dir='ltr'><strong>illud,</strong></span> <span class='ocrx_word' id='word_1_236' title='bbox 1005 3383 1176 3466; x_wconf 92' lang='lat' dir='ltr'><strong>quod</strong></span> <span class='ocrx_word' id='word_1_237' title='bbox 1233 3405 1271 3448; x_wconf 85' lang='lat' dir='ltr'><strong>a</strong></span> <span class='ocrx_word' id='word_1_238' title='bbox 1313 3404 1419 3448; x_wconf 90' lang='lat' dir='ltr'><strong>me</strong></span> <span class='ocrx_word' id='word_1_239' title='bbox 1460 3383 1752 3449; x_wconf 85' lang='lat' dir='ltr'><strong>additum</strong></span> <span class='ocrx_word' id='word_1_240' title='bbox 1797 3384 2078 3466; x_wconf 85' lang='lat' dir='ltr'><strong>Pighius</strong></span> <span class='ocrx_word' id='word_1_241' title='bbox 2119 3382 2508 3465; x_wconf 87' lang='lat' dir='ltr'><strong>praetermi-</strong></span> 
     </span>
     <span class='ocr_line' id='line_1_35' title="bbox 553 3467 2505 3553; baseline -0.001 -21"><span class='ocrx_word' id='word_1_242' title='bbox 553 3467 658 3546; x_wconf 84' lang='lat' dir='ltr'><strong>sit,</strong></span> <span class='ocrx_word' id='word_1_243' title='bbox 706 3477 993 3551; x_wconf 88' lang='lat' dir='ltr'><strong>quantae</strong></span> <span class='ocrx_word' id='word_1_244' title='bbox 1038 3477 1138 3534; x_wconf 88' lang='lat' dir='ltr'><strong>est</strong></span> <span class='ocrx_word' id='word_1_245' title='bbox 1183 3471 1652 3553; x_wconf 80' lang='lat' dir='ltr'><strong>ingenuitatis?</strong></span> <span class='ocrx_word' id='word_1_246' title='bbox 1709 3469 1903 3535; x_wconf 91' lang='lat' dir='ltr'><strong>Nolle</strong></span> <span class='ocrx_word' id='word_1_247' title='bbox 1947 3490 2055 3532; x_wconf 88' lang='lat' dir='ltr'><strong>me</strong></span> <span class='ocrx_word' id='word_1_248' title='bbox 2079 3468 2302 3534; x_wconf 86' lang='lat' dir='ltr'><strong>hostes</strong></span> <span class='ocrx_word' id='word_1_249' title='bbox 2348 3489 2505 3532; x_wconf 90' lang='lat' dir='ltr'><strong>nos-</strong></span> 
     </span>
     <span class='ocr_line' id='line_1_36' title="bbox 552 3553 2509 3639; baseline -0.002 -21"><span class='ocrx_word' id='word_1_250' title='bbox 552 3561 693 3619; x_wconf 88' lang='lat' dir='ltr'><strong>tros</strong></span> <span class='ocrx_word' id='word_1_251' title='bbox 746 3556 1171 3639; x_wconf 83' lang='lat' dir='ltr'><strong>praegravari</strong></span> <span class='ocrx_word' id='word_1_252' title='bbox 1228 3556 1482 3638; x_wconf 86' lang='lat' dir='ltr'><strong>Pelagii</strong></span> <span class='ocrx_word' id='word_1_253' title='bbox 1541 3557 1822 3630; x_wconf 86' lang='lat' dir='ltr'><strong>nomine,</strong></span> <span class='ocrx_word' id='word_1_254' title='bbox 1875 3555 2080 3620; x_wconf 87' lang='lat' dir='ltr'><strong>donec</strong></span> <span class='ocrx_word' id='word_1_255' title='bbox 2124 3553 2204 3618; x_wconf 92' lang='lat' dir='ltr'><strong>de</strong></span> <span class='ocrx_word' id='word_1_256' title='bbox 2249 3576 2321 3617; x_wconf 89' lang='lat' dir='ltr'><strong>re</strong></span> <span class='ocrx_word' id='word_1_257' title='bbox 2365 3555 2509 3635; x_wconf 88' lang='lat' dir='ltr'><strong>ipsa</strong></span> 
     </span>
     <span class='ocr_line' id='line_1_37' title="bbox 550 3639 2507 3706; baseline -0.001 -2"><span class='ocrx_word' id='word_1_258' title='bbox 550 3641 961 3705; x_wconf 81' lang='lat' dir='ltr'><strong>satisfactum</strong></span> <span class='ocrx_word' id='word_1_259' title='bbox 1018 3662 1057 3705; x_wconf 90' lang='lat' dir='ltr'><strong>a</strong></span> <span class='ocrx_word' id='word_1_260' title='bbox 1110 3641 1300 3706; x_wconf 91' lang='lat' dir='ltr'><strong>nobis</strong></span> <span class='ocrx_word' id='word_1_261' title='bbox 1356 3643 1572 3706; x_wconf 86' lang='lat' dir='ltr'><strong>fuerit.</strong></span> <span class='ocrx_word' id='word_1_262' title='bbox 1659 3643 1869 3706; x_wconf 89' lang='lat' dir='ltr'><strong>Porro</strong></span> <span class='ocrx_word' id='word_1_263' title='bbox 1912 3639 2359 3706; x_wconf 83' lang='lat' dir='ltr'><strong>satisfaciendi</strong></span> <span class='ocrx_word' id='word_1_264' title='bbox 2400 3660 2507 3703; x_wconf 90' lang='lat' dir='ltr'><strong>ra·-</strong></span> 
     </span>
     <span class='ocr_line' id='line_1_38' title="bbox 545 3725 2506 3809; baseline 0 -19"><span class='ocrx_word' id='word_1_265' title='bbox 545 3725 639 3790; x_wconf 84' lang='lat' dir='ltr'><strong>tio</strong></span> <span class='ocrx_word' id='word_1_266' title='bbox 686 3726 848 3792; x_wconf 90' lang='lat' dir='ltr'><strong>haec</strong></span> <span class='ocrx_word' id='word_1_267' title='bbox 893 3734 1023 3792; x_wconf 86' lang='lat' dir='ltr'><strong>est:</strong></span> <span class='ocrx_word' id='word_1_268' title='bbox 1080 3726 1526 3792; x_wconf 84' lang='lat' dir='ltr'><strong>Nihilominus</strong></span> <span class='ocrx_word' id='word_1_269' title='bbox 1568 3727 1711 3791; x_wconf 92' lang='lat' dir='ltr'><strong>iure</strong></span> <span class='ocrx_word' id='word_1_270' title='bbox 1755 3726 1943 3791; x_wconf 89' lang='lat' dir='ltr'><strong>nobis</strong></span> <span class='ocrx_word' id='word_1_271' title='bbox 1986 3726 2302 3809; x_wconf 88' lang='lat' dir='ltr'><strong>imputari</strong></span> <span class='ocrx_word' id='word_1_272' title='bbox 2358 3745 2506 3807; x_wconf 90' lang='lat' dir='ltr'><strong>pec-</strong></span> 
     </span>
     <span class='ocr_line' id='line_1_39' title="bbox 544 3809 2509 3894; baseline -0.002 -17"><span class='ocrx_word' id='word_1_273' title='bbox 544 3820 768 3877; x_wconf 89' lang='lat' dir='ltr'><strong>catum</strong></span> <span class='ocrx_word' id='word_1_274' title='bbox 785 3864 799 3890; x_wconf 92' lang='lat'><strong>,</strong></span> <span class='ocrx_word' id='word_1_275' title='bbox 847 3814 1108 3877; x_wconf 89' lang='lat' dir='ltr'><strong>etiamsi</strong></span> <span class='ocrx_word' id='word_1_276' title='bbox 1151 3813 1590 3878; x_wconf 88' lang='lat' dir='ltr'><strong>necessarium</strong></span> <span class='ocrx_word' id='word_1_277' title='bbox 1638 3813 1743 3878; x_wconf 90' lang='lat' dir='ltr'><strong>sit.</strong></span> <span class='ocrx_word' id='word_1_278' title='bbox 1832 3812 2033 3878; x_wconf 87' lang='lat' dir='ltr'><strong>Ratio</strong></span> <span class='ocrx_word' id='word_1_279' title='bbox 2078 3819 2207 3892; x_wconf 88' lang='lat' dir='ltr'><strong>est,</strong></span> <span class='ocrx_word' id='word_1_280' title='bbox 2251 3812 2406 3894; x_wconf 88' lang='lat' dir='ltr'><strong>quia</strong></span> <span class='ocrx_word' id='word_1_281' title='bbox 2449 3809 2509 3875; x_wconf 89' lang='lat' dir='ltr'><strong>si</strong></span> 
     </span>
     <span class='ocr_line' id='line_1_40' title="bbox 548 3896 2506 3982; baseline -0.001 -19"><span class='ocrx_word' id='word_1_282' title='bbox 548 3898 698 3982; x_wconf 88' lang='lat' dir='ltr'><strong>quis</strong></span> <span class='ocrx_word' id='word_1_283' title='bbox 753 3919 904 3963; x_wconf 90' lang='lat' dir='ltr'><strong>cum</strong></span> <span class='ocrx_word' id='word_1_284' title='bbox 959 3898 1105 3964; x_wconf 91' lang='lat' dir='ltr'><strong>Dco</strong></span> <span class='ocrx_word' id='word_1_285' title='bbox 1172 3896 1534 3981; x_wconf 88' lang='lat' dir='ltr'><strong>disceptare</strong></span> <span class='ocrx_word' id='word_1_286' title='bbox 1590 3899 1780 3977; x_wconf 86' lang='lat' dir='ltr'><strong>velit,</strong></span> <span class='ocrx_word' id='word_1_287' title='bbox 1853 3907 1920 3963; x_wconf 90' lang='lat' dir='ltr'><strong>et</strong></span> <span class='ocrx_word' id='word_1_288' title='bbox 1973 3898 2095 3963; x_wconf 89' lang='lat' dir='ltr'><strong>hoc</strong></span> <span class='ocrx_word' id='word_1_289' title='bbox 2158 3903 2506 3981; x_wconf 88' lang='lat' dir='ltr'><strong>praetextu</strong></span> 
     </span>
     <span class='ocr_line' id='line_1_41' title="bbox 545 3982 2505 4069; baseline -0.002 -20"><span class='ocrx_word' id='word_1_290' title='bbox 545 3984 867 4051; x_wconf 89' lang='lat' dir='ltr'><strong>iudicium</strong></span> <span class='ocrx_word' id='word_1_291' title='bbox 913 3986 1401 4069; x_wconf 83' lang='lat' dir='ltr'><strong>subterfugere,</strong></span> <span class='ocrx_word' id='word_1_292' title='bbox 1448 3985 1602 4067; x_wconf 89' lang='lat' dir='ltr'><strong>quia</strong></span> <span class='ocrx_word' id='word_1_293' title='bbox 1647 3985 1843 4049; x_wconf 81' lang='lat' dir='ltr'><strong>aliter</strong></span> <span class='ocrx_word' id='word_1_294' title='bbox 1887 4006 2018 4048; x_wconf 91' lang='lat' dir='ltr'><strong>non</strong></span> <span class='ocrx_word' id='word_1_295' title='bbox 2065 3985 2337 4067; x_wconf 89' lang='lat' dir='ltr'><strong>poterit,</strong></span> <span class='ocrx_word' id='word_1_296' title='bbox 2386 3982 2505 4047; x_wconf 88' lang='lat' dir='ltr'><strong>ha-</strong></span> 
     </span>
     <span class='ocr_line' id='line_1_42' title="bbox 545 4069 2506 4153; baseline -0.001 -19"><span class='ocrx_word' id='word_1_297' title='bbox 545 4069 659 4134; x_wconf 90' lang='lat' dir='ltr'><strong>bet</strong></span> <span class='ocrx_word' id='word_1_298' title='bbox 701 4078 1003 4153; x_wconf 89' lang='lat' dir='ltr'><strong>paratam</strong></span> <span class='ocrx_word' id='word_1_299' title='bbox 1047 4072 1572 4153; x_wconf 87' lang='lat' dir='ltr'><strong>responsionem:</strong></span> <span class='ocrx_word' id='word_1_300' title='bbox 1633 4069 1930 4135; x_wconf 84' lang='lat' dir='ltr'><strong>Perditio</strong></span> <span class='ocrx_word' id='word_1_301' title='bbox 1972 4078 2090 4135; x_wconf 87' lang='lat' dir='ltr'><strong>tua</strong></span> <span class='ocrx_word' id='word_1_302' title='bbox 2132 4069 2340 4135; x_wconf 87' lang='lat' dir='ltr'><strong>Israel</strong></span> <span class='ocrx_word' id='word_1_303' title='bbox 2359 4093 2376 4148; x_wconf 80' lang='lat'>3</span> <span class='ocrx_word' id='word_1_304' title='bbox 2434 4069 2506 4132; x_wconf 88' lang='lat' dir='ltr'><strong>in</strong></span> 
     </span>
     <span class='ocr_line' id='line_1_43' title="bbox 548 4154 2507 4238; baseline -0.001 -19"><span class='ocrx_word' id='word_1_305' title='bbox 548 4176 656 4219; x_wconf 88' lang='lat' dir='ltr'><strong>me</strong></span> <span class='ocrx_word' id='word_1_306' title='bbox 707 4156 1164 4222; x_wconf 87' lang='lat' dir='ltr'><strong>tantummodo</strong></span> <span class='ocrx_word' id='word_1_307' title='bbox 1215 4156 1535 4221; x_wconf 87' lang='lat' dir='ltr'><strong>auxilium</strong></span> <span class='ocrx_word' id='word_1_308' title='bbox 1587 4163 1774 4220; x_wconf 88' lang='lat' dir='ltr'><strong>tuum</strong></span> <span class='ocrx_word' id='word_1_309' title='bbox 1827 4154 1972 4238; x_wconf 87' lang='lat' dir='ltr'><strong>(Os.</strong></span> <span class='ocrx_word' id='word_1_310' title='bbox 2015 4160 2112 4234; x_wconf 90' lang='lat'><strong>13,</strong></span> <span class='ocrx_word' id='word_1_311' title='bbox 2153 4162 2241 4238; x_wconf 84' lang='lat'><strong>9).</strong></span> <span class='ocrx_word' id='word_1_312' title='bbox 2308 4154 2507 4221; x_wconf 85' lang='lat' dir='ltr'><strong>Unde</strong></span> 
     </span>
     <span class='ocr_line' id='line_1_44' title="bbox 549 4240 2504 4325; baseline 0 -22"><span class='ocrx_word' id='word_1_313' title='bbox 549 4240 728 4304; x_wconf 89' lang='lat' dir='ltr'><strong>enim</strong></span> <span class='ocrx_word' id='word_1_314' title='bbox 781 4243 909 4306; x_wconf 90' lang='lat' dir='ltr'><strong>ista</strong></span> <span class='ocrx_word' id='word_1_315' title='bbox 963 4242 1382 4325; x_wconf 89' lang='lat' dir='ltr'><strong>impotentia,</strong></span> <span class='ocrx_word' id='word_1_316' title='bbox 1451 4242 1581 4306; x_wconf 90' lang='lat' dir='ltr'><strong>nisi</strong></span> <span class='ocrx_word' id='word_1_317' title='bbox 1633 4263 1717 4306; x_wconf 89' lang='lat' dir='ltr'><strong>ex</strong></span> <span class='ocrx_word' id='word_1_318' title='bbox 1777 4250 2052 4307; x_wconf 88' lang='lat' dir='ltr'><strong>naturae</strong></span> <span class='ocrx_word' id='word_1_319' title='bbox 2106 4240 2504 4306; x_wconf 82' lang='lat' dir='ltr'><strong>vitiositate?</strong></span> 
     </span>
     <span class='ocr_line' id='line_1_45' title="bbox 547 4325 2505 4412; baseline 0 -21"><span class='ocrx_word' id='word_1_320' title='bbox 547 4325 746 4392; x_wconf 87' lang='lat' dir='ltr'><strong>Unde</strong></span> <span class='ocrx_word' id='word_1_321' title='bbox 834 4348 983 4391; x_wconf 90' lang='lat' dir='ltr'><strong>orro</strong></span> <span class='ocrx_word' id='word_1_322' title='bbox 1018 4328 1363 4406; x_wconf 83' lang='lat' dir='ltr'><strong>vitiositas,</strong></span> <span class='ocrx_word' id='word_1_323' title='bbox 1410 4328 1539 4392; x_wconf 90' lang='lat' dir='ltr'><strong>nisi</strong></span> <span class='ocrx_word' id='word_1_324' title='bbox 1581 4327 1758 4412; x_wconf 92' lang='lat' dir='ltr'><strong>quod</strong></span> <span class='ocrx_word' id='word_1_325' title='bbox 1802 4328 1998 4393; x_wconf 88' lang='lat' dir='ltr'><strong>homo</strong></span> <span class='ocrx_word' id='word_1_326' title='bbox 2034 4327 2271 4394; x_wconf 87' lang='lat' dir='ltr'><strong>defecit</strong></span> <span class='ocrx_word' id='word_1_327' title='bbox 2313 4348 2353 4391; x_wconf 89' lang='lat' dir='ltr'><strong>a</strong></span> <span class='ocrx_word' id='word_1_328' title='bbox 2388 4348 2505 4392; x_wconf 89' lang='lat' dir='ltr'><strong>suo</strong></span> 
     </span>
     <span class='ocr_line' id='line_1_46' title="bbox 548 4412 2504 4496; baseline 0.001 -20"><span class='ocrx_word' id='word_1_329' title='bbox 548 4413 781 4496; x_wconf 87' lang='lat' dir='ltr'><strong>opifice</strong></span> <span class='ocrx_word' id='word_1_330' title='bbox 915 4412 1135 4478; x_wconf 89' lang='lat' dir='ltr'><strong>Huius</strong></span> <span class='ocrx_word' id='word_1_331' title='bbox 1182 4414 1567 4480; x_wconf 87' lang='lat' dir='ltr'><strong>defectionis</strong></span> <span class='ocrx_word' id='word_1_332' title='bbox 1609 4435 1814 4496; x_wconf 88' lang='lat' dir='ltr'><strong>quum</strong></span> <span class='ocrx_word' id='word_1_333' title='bbox 1855 4416 1951 4479; x_wconf 92' lang='lat' dir='ltr'><strong>rei</strong></span> <span class='ocrx_word' id='word_1_334' title='bbox 2008 4416 2214 4480; x_wconf 88' lang='lat' dir='ltr'><strong>simus</strong></span> <span class='ocrx_word' id='word_1_335' title='bbox 2259 4434 2504 4492; x_wconf 88' lang='lat' dir='ltr'><strong>omnes,</strong></span> 
     </span>
     <span class='ocr_line' id='line_1_47' title="bbox 545 4498 2506 4585; baseline 0.001 -23"><span class='ocrx_word' id='word_1_336' title='bbox 545 4499 619 4562; x_wconf 89' lang='lat' dir='ltr'><strong>in</strong></span> <span class='ocrx_word' id='word_1_337' title='bbox 675 4498 798 4564; x_wconf 83' lang='lat' dir='ltr'><strong>hac</strong></span> <span class='ocrx_word' id='word_1_338' title='bbox 861 4500 1249 4564; x_wconf 77' lang='lat' dir='ltr'><strong>necessitate</strong></span> <span class='ocrx_word' id='word_1_339' title='bbox 1309 4521 1437 4582; x_wconf 87' lang='lat' dir='ltr'><strong>qua</strong></span> <span class='ocrx_word' id='word_1_340' title='bbox 1491 4501 2006 4585; x_wconf 82' lang='lat' dir='ltr'><strong>constringimur</strong></span> <span class='ocrx_word' id='word_1_341' title='bbox 2058 4501 2201 4566; x_wconf 90' lang='lat' dir='ltr'><strong>dico</strong></span> <span class='ocrx_word' id='word_1_342' title='bbox 2246 4508 2506 4566; x_wconf 89' lang='lat' dir='ltr'><strong>exstare</strong></span> 
     </span>
     <span class='ocr_line' id='line_1_48' title="bbox 545 4583 2506 4669; baseline 0.001 -21"><span class='ocrx_word' id='word_1_343' title='bbox 545 4583 950 4649; x_wconf 89' lang='lat' dir='ltr'><strong>luculentam</strong></span> <span class='ocrx_word' id='word_1_344' title='bbox 995 4584 1436 4650; x_wconf 87' lang='lat' dir='ltr'><strong>damnationis</strong></span> <span class='ocrx_word' id='word_1_345' title='bbox 1479 4593 1742 4651; x_wconf 89' lang='lat' dir='ltr'><strong>nostrae</strong></span> <span class='ocrx_word' id='word_1_346' title='bbox 1787 4606 2084 4666; x_wconf 88' lang='lat' dir='ltr'><strong>causam;</strong></span> <span class='ocrx_word' id='word_1_347' title='bbox 2141 4586 2506 4669; x_wconf 83' lang='lat' dir='ltr'><strong>plurimum</strong></span> 
     </span>
     <span class='ocr_line' id='line_1_49' title="bbox 545 4669 2508 4754; baseline 0.002 -22"><span class='ocrx_word' id='word_1_348' title='bbox 545 4669 753 4754; x_wconf 85' lang='lat' dir='ltr'><strong>igitur</strong></span> <span class='ocrx_word' id='word_1_349' title='bbox 810 4671 1064 4748; x_wconf 89' lang='lat' dir='ltr'><strong>abesse,</strong></span> <span class='ocrx_word' id='word_1_350' title='bbox 1119 4677 1197 4735; x_wconf 84' lang='lat' dir='ltr'><strong>&#39;ut</strong></span> <span class='ocrx_word' id='word_1_351' title='bbox 1251 4670 1335 4736; x_wconf 90' lang='lat' dir='ltr'><strong>ad</strong></span> <span class='ocrx_word' id='word_1_352' title='bbox 1388 4672 1880 4738; x_wconf 89' lang='lat' dir='ltr'><strong>excusationem</strong></span> <span class='ocrx_word' id='word_1_353' title='bbox 1929 4673 2162 4738; x_wconf 84' lang='lat' dir='ltr'><strong>valeat.</strong></span> <span class='ocrx_word' id='word_1_354' title='bbox 2252 4672 2384 4738; x_wconf 91' lang='lat' dir='ltr'><strong>Hic</strong></span> <span class='ocrx_word' id='word_1_355' title='bbox 2434 4674 2508 4737; x_wconf 90' lang='lat' dir='ltr'><strong>in</strong></span> 
     </span>
     <span class='ocr_line' id='line_1_50' title="bbox 547 4756 2507 4843; baseline 0.001 -23"><span class='ocrx_word' id='word_1_356' title='bbox 547 4756 905 4820; x_wconf 89' lang='lat' dir='ltr'><strong>cachinnos</strong></span> <span class='ocrx_word' id='word_1_357' title='bbox 985 4766 1161 4821; x_wconf 89' lang='lat' dir='ltr'><strong>totus</strong></span> <span class='ocrx_word' id='word_1_358' title='bbox 1215 4757 1498 4841; x_wconf 86' lang='lat' dir='ltr'><strong>Pighius</strong></span> <span class='ocrx_word' id='word_1_359' title='bbox 1565 4759 1869 4823; x_wconf 82' lang='lat' dir='ltr'><strong>solvitur:</strong></span> <span class='ocrx_word' id='word_1_360' title='bbox 1939 4764 2083 4838; x_wconf 81' lang='lat' dir='ltr'><strong>[pag.</strong></span> <span class='ocrx_word' id='word_1_361' title='bbox 2127 4763 2277 4839; x_wconf 84' lang='lat'>138]</span> <span class='ocrx_word' id='word_1_362' title='bbox 2333 4758 2507 4843; x_wconf 90' lang='lat' dir='ltr'><strong>quod</strong></span> 
     </span>
     <span class='ocr_line' id='line_1_51' title="bbox 548 4841 2506 4927; baseline 0.003 -23"><span class='ocrx_word' id='word_1_363' title='bbox 548 4849 688 4904; x_wconf 86' lang='lat' dir='ltr'><strong>tam</strong></span> <span class='ocrx_word' id='word_1_364' title='bbox 733 4842 927 4906; x_wconf 91' lang='lat' dir='ltr'><strong>nihili</strong></span> <span class='ocrx_word' id='word_1_365' title='bbox 974 4841 1228 4907; x_wconf 89' lang='lat' dir='ltr'><strong>ratione</strong></span> <span class='ocrx_word' id='word_1_366' title='bbox 1271 4865 1377 4907; x_wconf 90' lang='lat' dir='ltr'><strong>me</strong></span> <span class='ocrx_word' id='word_1_367' title='bbox 1426 4844 1724 4927; x_wconf 87' lang='lat' dir='ltr'><strong>elapsum</strong></span> <span class='ocrx_word' id='word_1_368' title='bbox 1771 4865 1913 4911; x_wconf 87' lang='lat' dir='ltr'><strong>esse</strong></span> <span class='ocrx_word' id='word_1_369' title='bbox 1959 4845 2300 4911; x_wconf 90' lang='lat' dir='ltr'><strong>confidam.</strong></span> <span class='ocrx_word' id='word_1_370' title='bbox 2371 4843 2506 4910; x_wconf 79' lang='lat' dir='ltr'><strong>Sed</strong></span> 
     </span>
     <span class='ocr_line' id='line_1_52' title="bbox 548 4924 2507 5013; baseline 0.003 -23"><span class='ocrx_word' id='word_1_371' title='bbox 548 4924 704 5008; x_wconf 90' lang='lat' dir='ltr'><strong>quid</strong></span> <span class='ocrx_word' id='word_1_372' title='bbox 749 4927 951 4991; x_wconf 88' lang='lat' dir='ltr'><strong>habet</strong></span> <span class='ocrx_word' id='word_1_373' title='bbox 1001 4928 1144 5010; x_wconf 90' lang='lat' dir='ltr'><strong>ipse</strong></span> <span class='ocrx_word' id='word_1_374' title='bbox 1189 4927 1361 5012; x_wconf 89' lang='lat' dir='ltr'><strong>quod</strong></span> <span class='ocrx_word' id='word_1_375' title='bbox 1405 4931 1737 5013; x_wconf 83' lang='lat' dir='ltr'><strong>opponat?</strong></span> <span class='ocrx_word' id='word_1_376' title='bbox 1829 4930 2040 4997; x_wconf 68' lang='lat' dir='ltr'><strong>Suum</strong></span> <span class='ocrx_word' id='word_1_377' title='bbox 2096 4931 2267 4996; x_wconf 90' lang='lat' dir='ltr'><strong>illud</strong></span> <span class='ocrx_word' id='word_1_378' title='bbox 2311 4931 2507 4996; x_wconf 89' lang='lat' dir='ltr'><strong>toties</strong></span> 
     </span>
    </p>
   </div>
   <div class='ocr_carea' id='block_1_3' title="bbox 548 5143 956 5154">
    <p class='ocr_par' dir='ltr' id='par_1_4' title="bbox 548 5143 956 5154">
     <span class='ocr_line' id='line_1_53' title="bbox 548 5143 956 5154; baseline 0 1025"><span class='ocrx_word' id='word_1_379' title='bbox 548 5143 956 5154; x_wconf 95' lang='lat' dir='ltr'><strong> </strong></span> 
     </span>
    </p>
   </div>
   <div class='ocr_carea' id='block_1_4' title="bbox 547 5301 2510 5444">
    <p class='ocr_par' dir='ltr' id='par_1_5' title="bbox 547 5301 2510 5444">
     <span class='ocr_line' id='line_1_54' title="bbox 687 5301 2510 5376; baseline 0.001 -19"><span class='ocrx_word' id='word_1_380' title='bbox 687 5301 745 5369; x_wconf 89' lang='grc'><strong>1)</strong></span> <span class='ocrx_word' id='word_1_381' title='bbox 797 5302 891 5358; x_wconf 69' lang='grc' dir='ltr'><strong>Βία</strong></span> <span class='ocrx_word' id='word_1_382' title='bbox 935 5306 1156 5360; x_wconf 68' lang='lat' dir='ltr'><strong>manino</strong></span> <span class='ocrx_word' id='word_1_383' title='bbox 1209 5307 1490 5376; x_wconf 62' lang='lat' dir='ltr'><strong>legendum</strong></span> <span class='ocrx_word' id='word_1_384' title='bbox 1538 5323 1659 5362; x_wconf 82' lang='lat' dir='ltr'><strong>cum</strong></span> <span class='ocrx_word' id='word_1_385' title='bbox 1697 5307 1875 5372; x_wconf 63' lang='lat' dir='ltr'><strong>Besa,</strong></span> <span class='ocrx_word' id='word_1_386' title='bbox 1924 5305 2155 5360; x_wconf 71' lang='lat' dir='ltr'><strong>ducibus</strong></span> <span class='ocrx_word' id='word_1_387' title='bbox 2216 5305 2510 5374; x_wconf 70' lang='lat' dir='ltr'><strong>Auqustini</strong></span> 
     </span>
     <span class='ocr_line' id='line_1_55' title="bbox 547 5364 1712 5444; baseline 0.003 -19"><span class='ocrx_word' id='word_1_388' title='bbox 547 5369 892 5427; x_wconf 66' lang='lat' dir='ltr'><strong>editionibus.</strong></span> <span class='ocrx_word' id='word_1_389' title='bbox 969 5374 1232 5444; x_wconf 65' lang='lat' dir='ltr'><strong>fflnceps</strong></span> <span class='ocrx_word' id='word_1_390' title='bbox 1265 5377 1451 5432; x_wconf 73' lang='lat' dir='ltr'><strong>habet:</strong></span> <span class='ocrx_word' id='word_1_391' title='bbox 1486 5364 1712 5431; x_wconf 57' lang='lat' dir='ltr'><strong>novaiffl‘</strong></span> 
     </span>
    </p>
   </div>
   <div class='ocr_carea' id='block_1_5' title="bbox 1857 436 3269 506">
    <p class='ocr_par' dir='ltr' id='par_1_6' title="bbox 1857 436 3269 506">
     <span class='ocr_line' id='line_1_56' title="bbox 1857 436 3269 506; baseline -0.001 -1"><span class='ocrx_word' id='word_1_392' title='bbox 1857 436 2383 506; x_wconf 81' lang='lat' dir='ltr'><strong>RESPONSIO</strong></span> <span class='ocrx_word' id='word_1_393' title='bbox 2429 437 2809 505; x_wconf 72' lang='lat' dir='ltr'><strong>CONTRA</strong></span> <span class='ocrx_word' id='word_1_394' title='bbox 2851 437 3269 505; x_wconf 82' lang='lat' dir='ltr'><strong>PIGHIUM</strong></span> 
     </span>
    </p>
   </div>
   <div class='ocr_carea' id='block_1_6' title="bbox 4449 439 4572 502">
    <p class='ocr_par' dir='ltr' id='par_1_7' title="bbox 4449 439 4572 502">
     <span class='ocr_line' id='line_1_57' title="bbox 4449 439 4572 502; baseline 0 -1"><span class='ocrx_word' id='word_1_395' title='bbox 4449 439 4572 502; x_wconf 83' lang='lat'><strong>332</strong></span> 
     </span>
    </p>
   </div>
   <div class='ocr_carea' id='block_1_7' title="bbox 2609 625 4578 5442">
    <p class='ocr_par' dir='ltr' id='par_1_8' title="bbox 2609 625 4578 5442">
     <span class='ocr_line' id='line_1_58' title="bbox 2613 625 4575 711; baseline -0.001 -19"><span class='ocrx_word' id='word_1_396' title='bbox 2613 629 2967 711; x_wconf 85' lang='lat' dir='ltr'><strong>repetitum</strong></span> <span class='ocrx_word' id='word_1_397' title='bbox 3000 645 3266 692; x_wconf 88' lang='lat' dir='ltr'><strong>carmen</strong></span> <span class='ocrx_word' id='word_1_398' title='bbox 3302 626 3574 692; x_wconf 87' lang='lat' dir='ltr'><strong>occinit:</strong></span> <span class='ocrx_word' id='word_1_399' title='bbox 3614 648 3694 691; x_wconf 87' lang='lat' dir='ltr'><strong>ex</strong></span> <span class='ocrx_word' id='word_1_400' title='bbox 3722 625 4023 710; x_wconf 88' lang='lat' dir='ltr'><strong>patribus</strong></span> <span class='ocrx_word' id='word_1_401' title='bbox 4050 646 4120 690; x_wconf 86' lang='lat' dir='ltr'><strong>se</strong></span> <span class='ocrx_word' id='word_1_402' title='bbox 4145 632 4575 704; x_wconf 87' lang='lat' dir='ltr'><strong>monstrasse,</strong></span> 
     </span>
     <span class='ocr_line' id='line_1_59' title="bbox 2611 711 4578 796; baseline -0.001 -17"><span class='ocrx_word' id='word_1_403' title='bbox 2611 716 2857 780; x_wconf 84' lang='lat' dir='ltr'><strong>frustra</strong></span> <span class='ocrx_word' id='word_1_404' title='bbox 2899 712 3121 778; x_wconf 89' lang='lat' dir='ltr'><strong>datam</strong></span> <span class='ocrx_word' id='word_1_405' title='bbox 3159 733 3302 779; x_wconf 85' lang='lat' dir='ltr'><strong>esse</strong></span> <span class='ocrx_word' id='word_1_406' title='bbox 3338 712 3570 796; x_wconf 85' lang='lat' dir='ltr'><strong>legem,</strong></span> <span class='ocrx_word' id='word_1_407' title='bbox 3609 714 3666 778; x_wconf 87' lang='lat' dir='ltr'><strong>si</strong></span> <span class='ocrx_word' id='word_1_408' title='bbox 3706 712 3968 795; x_wconf 91' lang='lat' dir='ltr'><strong>impleri</strong></span> <span class='ocrx_word' id='word_1_409' title='bbox 4003 718 4315 794; x_wconf 89' lang='lat' dir='ltr'><strong>nequeat;</strong></span> <span class='ocrx_word' id='word_1_410' title='bbox 4358 711 4578 778; x_wconf 85' lang='lat' dir='ltr'><strong>locum</strong></span> 
     </span>
     <span class='ocr_line' id='line_1_60' title="bbox 2613 797 4575 876; baseline -0.001 -12"><span class='ocrx_word' id='word_1_411' title='bbox 2613 820 2736 866; x_wconf 89' lang='lat' dir='ltr'><strong>nec</strong></span> <span class='ocrx_word' id='word_1_412' title='bbox 2778 801 3019 865; x_wconf 89' lang='lat' dir='ltr'><strong>merito</strong></span> <span class='ocrx_word' id='word_1_413' title='bbox 3079 818 3199 864; x_wconf 92' lang='lat' dir='ltr'><strong>nec</strong></span> <span class='ocrx_word' id='word_1_414' title='bbox 3243 797 3561 863; x_wconf 91' lang='lat' dir='ltr'><strong>demerito</strong></span> <span class='ocrx_word' id='word_1_415' title='bbox 3604 799 3773 876; x_wconf 85' lang='lat' dir='ltr'><strong>fore,</strong></span> <span class='ocrx_word' id='word_1_416' title='bbox 3833 798 3963 863; x_wconf 90' lang='lat' dir='ltr'><strong>nisi</strong></span> <span class='ocrx_word' id='word_1_417' title='bbox 4021 806 4160 862; x_wconf 89' lang='lat' dir='ltr'><strong>tam</strong></span> <span class='ocrx_word' id='word_1_418' title='bbox 4202 797 4287 862; x_wconf 90' lang='lat' dir='ltr'><strong>ad</strong></span> <span class='ocrx_word' id='word_1_419' title='bbox 4332 797 4575 863; x_wconf 90' lang='lat' dir='ltr'><strong>bonum</strong></span> 
     </span>
     <span class='ocr_line' id='line_1_61' title="bbox 2613 884 4575 970; baseline -0.002 -19"><span class='ocrx_word' id='word_1_420' title='bbox 2613 908 2812 970; x_wconf 89' lang='lat' dir='ltr'><strong>quam</strong></span> <span class='ocrx_word' id='word_1_421' title='bbox 2857 885 2940 951; x_wconf 89' lang='lat' dir='ltr'><strong>ad</strong></span> <span class='ocrx_word' id='word_1_422' title='bbox 2980 885 3229 949; x_wconf 89' lang='lat' dir='ltr'><strong>malum</strong></span> <span class='ocrx_word' id='word_1_423' title='bbox 3264 884 3473 950; x_wconf 90' lang='lat' dir='ltr'><strong>libera</strong></span> <span class='ocrx_word' id='word_1_424' title='bbox 3516 884 3604 949; x_wconf 90' lang='lat' dir='ltr'><strong>sit</strong></span> <span class='ocrx_word' id='word_1_425' title='bbox 3644 884 3967 950; x_wconf 81' lang='lat' dir='ltr'><strong>voluntas.</strong></span> <span class='ocrx_word' id='word_1_426' title='bbox 4035 885 4258 966; x_wconf 88' lang='lat' dir='ltr'><strong>Atque</strong></span> <span class='ocrx_word' id='word_1_427' title='bbox 4290 892 4368 948; x_wconf 92' lang='lat' dir='ltr'><strong>ut</strong></span> <span class='ocrx_word' id='word_1_428' title='bbox 4401 884 4575 949; x_wconf 90' lang='lat' dir='ltr'><strong>mul-</strong></span> 
     </span>
     <span class='ocr_line' id='line_1_62' title="bbox 2614 968 4578 1053; baseline -0.001 -17"><span class='ocrx_word' id='word_1_429' title='bbox 2614 973 2901 1037; x_wconf 89' lang='lat' dir='ltr'><strong>titudine</strong></span> <span class='ocrx_word' id='word_1_430' title='bbox 2964 972 3239 1037; x_wconf 85' lang='lat' dir='ltr'><strong>testium</strong></span> <span class='ocrx_word' id='word_1_431' title='bbox 3302 992 3422 1036; x_wconf 92' lang='lat' dir='ltr'><strong>nos</strong></span> <span class='ocrx_word' id='word_1_432' title='bbox 3488 970 3750 1049; x_wconf 89' lang='lat' dir='ltr'><strong>obruat,</strong></span> <span class='ocrx_word' id='word_1_433' title='bbox 3818 976 4027 1035; x_wconf 89' lang='lat' dir='ltr'><strong>totam</strong></span> <span class='ocrx_word' id='word_1_434' title='bbox 4091 968 4277 1034; x_wconf 88' lang='lat' dir='ltr'><strong>illam</strong></span> <span class='ocrx_word' id='word_1_435' title='bbox 4294 1020 4309 1045; x_wconf 96' lang='lat'><em>‚</em></span> <span class='ocrx_word' id='word_1_436' title='bbox 4378 990 4578 1053; x_wconf 85' lang='lat' dir='ltr'><strong>quam</strong></span> 
     </span>
     <span class='ocr_line' id='line_1_63' title="bbox 2616 1052 4576 1141; baseline -0.001 -18"><span class='ocrx_word' id='word_1_437' title='bbox 2616 1066 2771 1123; x_wconf 90' lang='lat' dir='ltr'><strong>ante</strong></span> <span class='ocrx_word' id='word_1_438' title='bbox 2814 1057 3286 1137; x_wconf 88' lang='lat' dir='ltr'><strong>recensuimus,</strong></span> <span class='ocrx_word' id='word_1_439' title='bbox 3333 1065 3670 1123; x_wconf 85' lang='lat' dir='ltr'><strong>catervam</strong></span> <span class='ocrx_word' id='word_1_440' title='bbox 3714 1057 3980 1141; x_wconf 85' lang='lat' dir='ltr'><strong>profert.</strong></span> <span class='ocrx_word' id='word_1_441' title='bbox 4069 1052 4267 1136; x_wconf 77' lang='lat' dir='ltr'><strong>Quod</strong></span> <span class='ocrx_word' id='word_1_442' title='bbox 4311 1054 4397 1121; x_wconf 88' lang='lat' dir='ltr'><strong>ad</strong></span> <span class='ocrx_word' id='word_1_443' title='bbox 4441 1056 4576 1121; x_wconf 87' lang='lat' dir='ltr'><strong>lar-</strong></span> 
     </span>
     <span class='ocr_line' id='line_1_64' title="bbox 2615 1141 4575 1224; baseline -0.001 -15"><span class='ocrx_word' id='word_1_444' title='bbox 2615 1151 2849 1210; x_wconf 81' lang='lat' dir='ltr'><strong>vatum</strong></span> <span class='ocrx_word' id='word_1_445' title='bbox 2891 1144 3077 1209; x_wconf 92' lang='lat' dir='ltr'><strong>illum</strong></span> <span class='ocrx_word' id='word_1_446' title='bbox 3118 1144 3397 1208; x_wconf 87' lang='lat' dir='ltr'><strong>Petrum</strong></span> <span class='ocrx_word' id='word_1_447' title='bbox 3449 1150 3518 1207; x_wconf 90' lang='lat' dir='ltr'><strong>ct</strong></span> <span class='ocrx_word' id='word_1_448' title='bbox 3568 1143 3877 1208; x_wconf 90' lang='lat' dir='ltr'><strong>fictitium</strong></span> <span class='ocrx_word' id='word_1_449' title='bbox 3931 1141 4345 1208; x_wconf 83' lang='lat' dir='ltr'><strong>Clementem</strong></span> <span class='ocrx_word' id='word_1_450' title='bbox 4387 1162 4575 1224; x_wconf 88' lang='lat' dir='ltr'><strong>spec·</strong></span> 
     </span>
     <span class='ocr_line' id='line_1_65' title="bbox 2616 1227 4572 1311; baseline -0.001 -16"><span class='ocrx_word' id='word_1_451' title='bbox 2616 1236 2739 1309; x_wconf 85' lang='lat' dir='ltr'><strong>tat,</strong></span> <span class='ocrx_word' id='word_1_452' title='bbox 2795 1232 3121 1295; x_wconf 86' lang='lat' dir='ltr'><strong>facessant</strong></span> <span class='ocrx_word' id='word_1_453' title='bbox 3176 1249 3215 1293; x_wconf 92' lang='lat' dir='ltr'><strong>e</strong></span> <span class='ocrx_word' id='word_1_454' title='bbox 3257 1227 3494 1293; x_wconf 80' lang='lat' dir='ltr'><strong>medio,</strong></span> <span class='ocrx_word' id='word_1_455' title='bbox 3595 1227 3773 1293; x_wconf 87' lang='lat' dir='ltr'><strong>Nam</strong></span> <span class='ocrx_word' id='word_1_456' title='bbox 3827 1228 3976 1293; x_wconf 85' lang='lat' dir='ltr'><strong>illas</strong></span> <span class='ocrx_word' id='word_1_457' title='bbox 4032 1228 4314 1311; x_wconf 86' lang='lat' dir='ltr'><strong>ineptias</strong></span> <span class='ocrx_word' id='word_1_458' title='bbox 4370 1229 4572 1294; x_wconf 83' lang='lat' dir='ltr'><strong>verbo</strong></span> 
     </span>
     <span class='ocr_line' id='line_1_66' title="bbox 2614 1313 4575 1399; baseline -0.001 -19"><span class='ocrx_word' id='word_1_459' title='bbox 2614 1337 2747 1381; x_wconf 90' lang='lat' dir='ltr'><strong>uno</strong></span> <span class='ocrx_word' id='word_1_460' title='bbox 2812 1339 2946 1381; x_wconf 91' lang='lat' dir='ltr'><strong>non</strong></span> <span class='ocrx_word' id='word_1_461' title='bbox 3012 1314 3350 1399; x_wconf 89' lang='lat' dir='ltr'><strong>dignabor.</strong></span> <span class='ocrx_word' id='word_1_462' title='bbox 3463 1314 3569 1378; x_wconf 94' lang='lat' dir='ltr'><strong>De</strong></span> <span class='ocrx_word' id='word_1_463' title='bbox 3625 1314 3772 1378; x_wconf 86' lang='lat' dir='ltr'><strong>aliis</strong></span> <span class='ocrx_word' id='word_1_464' title='bbox 3826 1316 3961 1379; x_wconf 86' lang='lat' dir='ltr'><strong>iam</strong></span> <span class='ocrx_word' id='word_1_465' title='bbox 4015 1313 4181 1391; x_wconf 90' lang='lat' dir='ltr'><strong>dixi,</strong></span> <span class='ocrx_word' id='word_1_466' title='bbox 4249 1322 4575 1397; x_wconf 87' lang='lat' dir='ltr'><strong>quantum</strong></span> 
     </span>
     <span class='ocr_line' id='line_1_67' title="bbox 2615 1399 4575 1484; baseline 0 -19"><span class='ocrx_word' id='word_1_467' title='bbox 2615 1403 2911 1468; x_wconf 83' lang='lat' dir='ltr'><strong>sufficiat.</strong></span> <span class='ocrx_word' id='word_1_468' title='bbox 3012 1400 3409 1484; x_wconf 78' lang='lat' dir='ltr'><strong>Quanquam</strong></span> <span class='ocrx_word' id='word_1_469' title='bbox 3465 1399 3687 1466; x_wconf 90' lang='lat' dir='ltr'><strong>nullus</strong></span> <span class='ocrx_word' id='word_1_470' title='bbox 3753 1410 3856 1464; x_wconf 90' lang='lat' dir='ltr'><strong>est</strong></span> <span class='ocrx_word' id='word_1_471' title='bbox 3917 1401 4215 1483; x_wconf 89' lang='lat' dir='ltr'><strong>ipsorum</strong></span> <span class='ocrx_word' id='word_1_472' title='bbox 4273 1400 4575 1465; x_wconf 89' lang='lat' dir='ltr'><strong>omnium</strong></span> 
     </span>
     <span class='ocr_line' id='line_1_68' title="bbox 2615 1485 4575 1570; baseline -0.001 -17"><span class='ocrx_word' id='word_1_473' title='bbox 2615 1489 2858 1553; x_wconf 89' lang='lat' dir='ltr'><strong>certior</strong></span> <span class='ocrx_word' id='word_1_474' title='bbox 2916 1488 3269 1570; x_wconf 85' lang='lat' dir='ltr'><strong>interpres,</strong></span> <span class='ocrx_word' id='word_1_475' title='bbox 3316 1508 3515 1570; x_wconf 88' lang='lat' dir='ltr'><strong>quam</strong></span> <span class='ocrx_word' id='word_1_476' title='bbox 3559 1486 4006 1570; x_wconf 86' lang='lat' dir='ltr'><strong>Augustinus,</strong></span> <span class='ocrx_word' id='word_1_477' title='bbox 4067 1485 4223 1549; x_wconf 89' lang='lat' dir='ltr'><strong>dum</strong></span> <span class='ocrx_word' id='word_1_478' title='bbox 4268 1507 4458 1551; x_wconf 89' lang='lat' dir='ltr'><strong>suam</strong></span> <span class='ocrx_word' id='word_1_479' title='bbox 4500 1487 4575 1551; x_wconf 85' lang='lat' dir='ltr'><strong>in</strong></span> 
     </span>
     <span class='ocr_line' id='line_1_69' title="bbox 2614 1570 4571 1655; baseline -0.001 -16"><span class='ocrx_word' id='word_1_480' title='bbox 2614 1573 2949 1639; x_wconf 90' lang='lat' dir='ltr'><strong>communi</strong></span> <span class='ocrx_word' id='word_1_481' title='bbox 2993 1594 3190 1639; x_wconf 86' lang='lat' dir='ltr'><strong>causa</strong></span> <span class='ocrx_word' id='word_1_482' title='bbox 3232 1580 3525 1638; x_wconf 90' lang='lat' dir='ltr'><strong>mentem</strong></span> <span class='ocrx_word' id='word_1_483' title='bbox 3570 1573 3857 1655; x_wconf 89' lang='lat' dir='ltr'><strong>exponit.</strong></span> <span class='ocrx_word' id='word_1_484' title='bbox 3928 1570 4128 1652; x_wconf 79' lang='lat' dir='ltr'><strong>Quod</strong></span> <span class='ocrx_word' id='word_1_485' title='bbox 4172 1572 4351 1636; x_wconf 90' lang='lat' dir='ltr'><strong>enim</strong></span> <span class='ocrx_word' id='word_1_486' title='bbox 4385 1571 4571 1637; x_wconf 83' lang='lat' dir='ltr'><strong>dixe·</strong></span> 
     </span>
     <span class='ocr_line' id='line_1_70' title="bbox 2613 1657 4573 1742; baseline 0 -19"><span class='ocrx_word' id='word_1_487' title='bbox 2613 1668 2746 1737; x_wconf 91' lang='lat' dir='ltr'><strong>rat,</strong></span> <span class='ocrx_word' id='word_1_488' title='bbox 2804 1680 2940 1723; x_wconf 91' lang='lat' dir='ltr'><strong>non</strong></span> <span class='ocrx_word' id='word_1_489' title='bbox 2993 1680 3185 1742; x_wconf 87' lang='lat' dir='ltr'><strong>posse</strong></span> <span class='ocrx_word' id='word_1_490' title='bbox 3244 1657 3530 1724; x_wconf 82' lang='lat' dir='ltr'><strong>inveniri</strong></span> <span class='ocrx_word' id='word_1_491' title='bbox 3582 1659 3815 1741; x_wconf 89' lang='lat' dir='ltr'><strong>culpae</strong></span> <span class='ocrx_word' id='word_1_492' title='bbox 3869 1659 4225 1737; x_wconf 90' lang='lat' dir='ltr'><strong>rationem,</strong></span> <span class='ocrx_word' id='word_1_493' title='bbox 4294 1657 4410 1723; x_wconf 92' lang='lat' dir='ltr'><strong>ubi</strong></span> <span class='ocrx_word' id='word_1_494' title='bbox 4451 1678 4573 1723; x_wconf 89' lang='lat' dir='ltr'><strong>na-</strong></span> 
     </span>
     <span class='ocr_line' id='line_1_71' title="bbox 2615 1743 4573 1822; baseline -0.001 -13"><span class='ocrx_word' id='word_1_495' title='bbox 2615 1755 2769 1809; x_wconf 85' lang='lat' dir='ltr'><strong>tura</strong></span> <span class='ocrx_word' id='word_1_496' title='bbox 2808 1745 3183 1810; x_wconf 86' lang='lat' dir='ltr'><strong>dominatur</strong></span> <span class='ocrx_word' id='word_1_497' title='bbox 3227 1753 3342 1809; x_wconf 90' lang='lat' dir='ltr'><strong>aut</strong></span> <span class='ocrx_word' id='word_1_498' title='bbox 3384 1746 3740 1810; x_wconf 84' lang='lat' dir='ltr'><strong>necessitas</strong></span> <span class='ocrx_word' id='word_1_499' title='bbox 3756 1795 3772 1822; x_wconf 89' lang='lat'><strong>,</strong></span> <span class='ocrx_word' id='word_1_500' title='bbox 3830 1743 4097 1809; x_wconf 89' lang='lat' dir='ltr'><strong>nonnisi</strong></span> <span class='ocrx_word' id='word_1_501' title='bbox 4140 1744 4212 1808; x_wconf 89' lang='lat' dir='ltr'><strong>in</strong></span> <span class='ocrx_word' id='word_1_502' title='bbox 4257 1764 4460 1808; x_wconf 88' lang='lat' dir='ltr'><strong>sanae</strong></span> <span class='ocrx_word' id='word_1_503' title='bbox 4505 1751 4573 1808; x_wconf 85' lang='lat' dir='ltr'><strong>et</strong></span> 
     </span>
     <span class='ocr_line' id='line_1_72' title="bbox 2613 1829 4571 1917; baseline 0 -23"><span class='ocrx_word' id='word_1_504' title='bbox 2613 1832 2913 1915; x_wconf 86' lang='lat' dir='ltr'><strong>integrae</strong></span> <span class='ocrx_word' id='word_1_505' title='bbox 2994 1839 3270 1895; x_wconf 87' lang='lat' dir='ltr'><strong>naturae</strong></span> <span class='ocrx_word' id='word_1_506' title='bbox 3348 1829 3869 1917; x_wconf 82' lang='lat' dir='ltr'><strong>consideratione</strong></span> <span class='ocrx_word' id='word_1_507' title='bbox 3940 1829 4166 1895; x_wconf 85' lang='lat' dir='ltr'><strong>valere</strong></span> <span class='ocrx_word' id='word_1_508' title='bbox 4242 1830 4571 1894; x_wconf 88' lang='lat' dir='ltr'><strong>admonet.</strong></span> 
     </span>
     <span class='ocr_line' id='line_1_73' title="bbox 2614 1915 4574 2000; baseline -0.001 -19"><span class='ocrx_word' id='word_1_509' title='bbox 2614 1917 3010 1981; x_wconf 86' lang='lat' dir='ltr'><strong>Necessitati</strong></span> <span class='ocrx_word' id='word_1_510' title='bbox 3055 1917 3233 1981; x_wconf 89' lang='lat' dir='ltr'><strong>enim</strong></span> <span class='ocrx_word' id='word_1_511' title='bbox 3278 1938 3411 1982; x_wconf 90' lang='lat' dir='ltr'><strong>non</strong></span> <span class='ocrx_word' id='word_1_512' title='bbox 3455 1915 3792 1982; x_wconf 87' lang='lat' dir='ltr'><strong>subiacere</strong></span> <span class='ocrx_word' id='word_1_513' title='bbox 3834 1915 4164 1996; x_wconf 91' lang='lat' dir='ltr'><strong>homines,</strong></span> <span class='ocrx_word' id='word_1_514' title='bbox 4210 1916 4326 1981; x_wconf 91' lang='lat' dir='ltr'><strong>sed</strong></span> <span class='ocrx_word' id='word_1_515' title='bbox 4371 1937 4574 2000; x_wconf 87' lang='lat' dir='ltr'><strong>quam</strong></span> 
     </span>
     <span class='ocr_line' id='line_1_74' title="bbox 2617 2001 4571 2085; baseline 0.001 -19"><span class='ocrx_word' id='word_1_516' title='bbox 2617 2002 2741 2067; x_wconf 92' lang='lat' dir='ltr'><strong>sibi</strong></span> <span class='ocrx_word' id='word_1_517' title='bbox 2785 2003 3164 2067; x_wconf 87' lang='lat' dir='ltr'><strong>voluntaria</strong></span> <span class='ocrx_word' id='word_1_518' title='bbox 3196 2003 3389 2085; x_wconf 90' lang='lat' dir='ltr'><strong>culpa</strong></span> <span class='ocrx_word' id='word_1_519' title='bbox 3423 2003 3676 2085; x_wconf 89' lang='lat' dir='ltr'><strong>primus</strong></span> <span class='ocrx_word' id='word_1_520' title='bbox 3711 2003 3907 2067; x_wconf 89' lang='lat' dir='ltr'><strong>homo</strong></span> <span class='ocrx_word' id='word_1_521' title='bbox 3943 2003 4363 2067; x_wconf 85' lang='lat' dir='ltr'><strong>contraxerit.</strong></span> <span class='ocrx_word' id='word_1_522' title='bbox 4433 2001 4499 2066; x_wconf 89' lang='lat' dir='ltr'><strong>N</strong></span> <span class='ocrx_word' id='word_1_523' title='bbox 4500 2023 4571 2067; x_wconf 88' lang='lat' dir='ltr'><strong>a-</strong></span> 
     </span>
     <span class='ocr_line' id='line_1_75' title="bbox 2614 2087 4573 2171; baseline 0.001 -19"><span class='ocrx_word' id='word_1_524' title='bbox 2614 2095 2797 2168; x_wconf 89' lang='lat' dir='ltr'><strong>tura,</strong></span> <span class='ocrx_word' id='word_1_525' title='bbox 2850 2089 3089 2171; x_wconf 90' lang='lat' dir='ltr'><strong>inquit,</strong></span> <span class='ocrx_word' id='word_1_526' title='bbox 3146 2088 3332 2153; x_wconf 90' lang='lat' dir='ltr'><strong>nobis</strong></span> <span class='ocrx_word' id='word_1_527' title='bbox 3383 2089 3555 2154; x_wconf 85' lang='lat' dir='ltr'><strong>facta</strong></span> <span class='ocrx_word' id='word_1_528' title='bbox 3622 2098 3724 2154; x_wconf 90' lang='lat' dir='ltr'><strong>est</strong></span> <span class='ocrx_word' id='word_1_529' title='bbox 3786 2108 4012 2171; x_wconf 89' lang='lat' dir='ltr'><strong>poena.</strong></span> <span class='ocrx_word' id='word_1_530' title='bbox 4077 2089 4216 2153; x_wconf 85' lang='lat' dir='ltr'><strong>·Et</strong></span> <span class='ocrx_word' id='word_1_531' title='bbox 4277 2087 4573 2154; x_wconf 80' lang='lat' dir='ltr'><strong>vindicta</strong></span> 
     </span>
     <span class='ocr_line' id='line_1_76' title="bbox 2613 2173 4566 2258; baseline 0 -20"><span class='ocrx_word' id='word_1_532' title='bbox 2613 2175 2810 2257; x_wconf 90' lang='lat' dir='ltr'><strong>primi</strong></span> <span class='ocrx_word' id='word_1_533' title='bbox 2866 2174 3152 2240; x_wconf 88' lang='lat' dir='ltr'><strong>hominis</strong></span> <span class='ocrx_word' id='word_1_534' title='bbox 3206 2173 3378 2258; x_wconf 90' lang='lat' dir='ltr'><strong>quod</strong></span> <span class='ocrx_word' id='word_1_535' title='bbox 3423 2184 3566 2239; x_wconf 90' lang='lat' dir='ltr'><strong>erat</strong></span> <span class='ocrx_word' id='word_1_536' title='bbox 3623 2195 3860 2257; x_wconf 88' lang='lat' dir='ltr'><strong>poena,</strong></span> <span class='ocrx_word' id='word_1_537' title='bbox 3918 2174 4111 2239; x_wconf 84' lang='lat' dir='ltr'><strong>nobis</strong></span> <span class='ocrx_word' id='word_1_538' title='bbox 4166 2183 4407 2239; x_wconf 89' lang='lat' dir='ltr'><strong>natura</strong></span> <span class='ocrx_word' id='word_1_539' title='bbox 4446 2182 4566 2240; x_wconf 85' lang='lat' dir='ltr'><strong>est.</strong></span> 
     </span>
     <span class='ocr_line' id='line_1_77' title="bbox 2616 2258 4572 2345; baseline 0.001 -21"><span class='ocrx_word' id='word_1_540' title='bbox 2616 2259 2847 2340; x_wconf 82' lang='lat' dir='ltr'><strong>Quum</strong></span> <span class='ocrx_word' id='word_1_541' title='bbox 2891 2281 3047 2345; x_wconf 85' lang='lat' dir='ltr'><strong>ergo</strong></span> <span class='ocrx_word' id='word_1_542' title='bbox 3090 2262 3445 2326; x_wconf 86' lang='lat' dir='ltr'><strong>necessitas</strong></span> <span class='ocrx_word' id='word_1_543' title='bbox 3498 2263 3746 2344; x_wconf 88' lang='lat' dir='ltr'><strong>peccati</strong></span> <span class='ocrx_word' id='word_1_544' title='bbox 3790 2261 3876 2325; x_wconf 90' lang='lat' dir='ltr'><strong>sit</strong></span> <span class='ocrx_word' id='word_1_545' title='bbox 3923 2281 4159 2343; x_wconf 89' lang='lat' dir='ltr'><strong>poena,</strong></span> <span class='ocrx_word' id='word_1_546' title='bbox 4206 2281 4374 2344; x_wconf 91' lang='lat' dir='ltr'><strong>quae</strong></span> <span class='ocrx_word' id='word_1_547' title='bbox 4414 2258 4572 2325; x_wconf 88' lang='lat' dir='ltr'><strong>inde</strong></span> 
     </span>
     <span class='ocr_line' id='line_1_78' title="bbox 2616 2346 4570 2430; baseline -0.001 -20"><span class='ocrx_word' id='word_1_548' title='bbox 2616 2347 2927 2411; x_wconf 89' lang='lat' dir='ltr'><strong>oriuntur</strong></span> <span class='ocrx_word' id='word_1_549' title='bbox 2971 2356 3263 2430; x_wconf 83' lang='lat' dir='ltr'><strong>peccata,</strong></span> <span class='ocrx_word' id='word_1_550' title='bbox 3310 2349 3545 2412; x_wconf 86' lang='lat' dir='ltr'><strong>merito</strong></span> <span class='ocrx_word' id='word_1_551' title='bbox 3590 2348 3873 2429; x_wconf 88' lang='lat' dir='ltr'><strong>culpari,</strong></span> <span class='ocrx_word' id='word_1_552' title='bbox 3920 2354 3989 2410; x_wconf 88' lang='lat' dir='ltr'><strong>et</strong></span> <span class='ocrx_word' id='word_1_553' title='bbox 4028 2367 4261 2411; x_wconf 89' lang='lat' dir='ltr'><strong>eorum</strong></span> <span class='ocrx_word' id='word_1_554' title='bbox 4305 2346 4570 2428; x_wconf 90' lang='lat' dir='ltr'><strong>culpam</strong></span> 
     </span>
     <span class='ocr_line' id='line_1_79' title="bbox 2613 2432 4573 2515; baseline 0 -19"><span class='ocrx_word' id='word_1_555' title='bbox 2613 2432 2851 2497; x_wconf 89' lang='lat' dir='ltr'><strong>merito</strong></span> <span class='ocrx_word' id='word_1_556' title='bbox 2894 2432 3211 2515; x_wconf 90' lang='lat' dir='ltr'><strong>imputari</strong></span> <span class='ocrx_word' id='word_1_557' title='bbox 3252 2433 3645 2512; x_wconf 89' lang='lat' dir='ltr'><strong>hominibus,</strong></span> <span class='ocrx_word' id='word_1_558' title='bbox 3727 2432 3945 2498; x_wconf 89' lang='lat' dir='ltr'><strong>uando</strong></span> <span class='ocrx_word' id='word_1_559' title='bbox 3980 2432 4433 2497; x_wconf 85' lang='lat' dir='ltr'><strong>voluntarium</strong></span> <span class='ocrx_word' id='word_1_560' title='bbox 4468 2438 4573 2496; x_wconf 85' lang='lat' dir='ltr'><strong>est</strong></span> 
     </span>
     <span class='ocr_line' id='line_1_80' title="bbox 2614 2517 4569 2604; baseline 0 -22"><span class='ocrx_word' id='word_1_561' title='bbox 2614 2519 3029 2601; x_wconf 91' lang='lat' dir='ltr'><strong>principium.</strong></span> <span class='ocrx_word' id='word_1_562' title='bbox 3119 2518 3315 2585; x_wconf 91' lang='lat' dir='ltr'><strong>Nunc</strong></span> <span class='ocrx_word' id='word_1_563' title='bbox 3373 2541 3528 2604; x_wconf 90' lang='lat' dir='ltr'><strong>ergo</strong></span> <span class='ocrx_word' id='word_1_564' title='bbox 3569 2520 3679 2602; x_wconf 89' lang='lat' dir='ltr'><strong>qui</strong></span> <span class='ocrx_word' id='word_1_565' title='bbox 3770 2538 4005 2584; x_wconf 83' lang='lat' dir='ltr'><strong>causae</strong></span> <span class='ocrx_word' id='word_1_566' title='bbox 4048 2526 4178 2597; x_wconf 90' lang='lat' dir='ltr'><strong>est,</strong></span> <span class='ocrx_word' id='word_1_567' title='bbox 4235 2539 4354 2584; x_wconf 90' lang='lat' dir='ltr'><strong>cur</strong></span> <span class='ocrx_word' id='word_1_568' title='bbox 4391 2517 4569 2583; x_wconf 89' lang='lat' dir='ltr'><strong>solu·-</strong></span> 
     </span>
     <span class='ocr_line' id='line_1_81' title="bbox 2615 2602 4569 2687; baseline 0.001 -20"><span class='ocrx_word' id='word_1_569' title='bbox 2615 2604 2863 2669; x_wconf 88' lang='lat' dir='ltr'><strong>tionem</strong></span> <span class='ocrx_word' id='word_1_570' title='bbox 2908 2627 2948 2670; x_wconf 91' lang='lat' dir='ltr'><strong>a</strong></span> <span class='ocrx_word' id='word_1_571' title='bbox 2982 2626 3088 2669; x_wconf 89' lang='lat' dir='ltr'><strong>me</strong></span> <span class='ocrx_word' id='word_1_572' title='bbox 3140 2607 3422 2687; x_wconf 89' lang='lat' dir='ltr'><strong>positam</strong></span> <span class='ocrx_word' id='word_1_573' title='bbox 3466 2614 3648 2670; x_wconf 87' lang='lat' dir='ltr'><strong>tanto</strong></span> <span class='ocrx_word' id='word_1_574' title='bbox 3694 2606 3873 2670; x_wconf 87' lang='lat' dir='ltr'><strong>fastu</strong></span> <span class='ocrx_word' id='word_1_575' title='bbox 3916 2611 4296 2669; x_wconf 87' lang='lat' dir='ltr'><strong>contemnat</strong></span> <span class='ocrx_word' id='word_1_576' title='bbox 4335 2622 4410 2668; x_wconf 88' lang='lat' dir='ltr'><strong>ac</strong></span> <span class='ocrx_word' id='word_1_577' title='bbox 4454 2602 4569 2669; x_wconf 89' lang='lat' dir='ltr'><strong>de—</strong></span> 
     </span>
     <span class='ocr_line' id='line_1_82' title="bbox 2614 2690 4571 2775; baseline -0.001 -21"><span class='ocrx_word' id='word_1_578' title='bbox 2614 2690 2826 2755; x_wconf 89' lang='lat' dir='ltr'><strong>rideat</strong></span> <span class='ocrx_word' id='word_1_579' title='bbox 2860 2690 3182 2774; x_wconf 85' lang='lat' dir='ltr'><strong>Pighius?</strong></span> <span class='ocrx_word' id='word_1_580' title='bbox 3251 2692 3699 2775; x_wconf 87' lang='lat' dir='ltr'><strong>Augustinum</strong></span> <span class='ocrx_word' id='word_1_581' title='bbox 3736 2693 3984 2770; x_wconf 85' lang='lat' dir='ltr'><strong>omitto,</strong></span> <span class='ocrx_word' id='word_1_582' title='bbox 4027 2711 4161 2754; x_wconf 90' lang='lat' dir='ltr'><strong>non</strong></span> <span class='ocrx_word' id='word_1_583' title='bbox 4197 2690 4421 2754; x_wconf 88' lang='lat' dir='ltr'><strong>minus</strong></span> <span class='ocrx_word' id='word_1_584' title='bbox 4462 2711 4571 2755; x_wconf 90' lang='lat' dir='ltr'><strong>ar-</strong></span> 
     </span>
     <span class='ocr_line' id='line_1_83' title="bbox 2706 2775 4572 2863; baseline -0.001 -23"><span class='ocrx_word' id='word_1_585' title='bbox 2706 2782 2881 2855; x_wconf 88' lang='lat' dir='ltr'><strong>tum,</strong></span> <span class='ocrx_word' id='word_1_586' title='bbox 2940 2778 3202 2859; x_wconf 89' lang='lat' dir='ltr'><strong>opinor,</strong></span> <span class='ocrx_word' id='word_1_587' title='bbox 3249 2777 3693 2863; x_wconf 73' lang='lat' dir='ltr'><strong>dialecticum,</strong></span> <span class='ocrx_word' id='word_1_588' title='bbox 3728 2799 3928 2860; x_wconf 85' lang='lat' dir='ltr'><strong>quam</strong></span> <span class='ocrx_word' id='word_1_589' title='bbox 3970 2778 4056 2841; x_wconf 89' lang='lat' dir='ltr'><strong>sit</strong></span> <span class='ocrx_word' id='word_1_590' title='bbox 4097 2775 4407 2859; x_wconf 90' lang='lat' dir='ltr'><strong>Pighius:</strong></span> <span class='ocrx_word' id='word_1_591' title='bbox 4454 2775 4572 2859; x_wconf 87' lang='lat' dir='ltr'><strong>qui</strong></span> 
     </span>
     <span class='ocr_line' id='line_1_84' title="bbox 2665 2862 4570 2946; baseline -0.002 -18"><span class='ocrx_word' id='word_1_592' title='bbox 2665 2883 2740 2928; x_wconf 89' lang='lat' dir='ltr'><strong>ac</strong></span> <span class='ocrx_word' id='word_1_593' title='bbox 2789 2870 2905 2927; x_wconf 91' lang='lat' dir='ltr'><strong>aut</strong></span> <span class='ocrx_word' id='word_1_594' title='bbox 2960 2862 3081 2927; x_wconf 88' lang='lat' dir='ltr'><strong>tali</strong></span> <span class='ocrx_word' id='word_1_595' title='bbox 3137 2864 3560 2946; x_wconf 89' lang='lat' dir='ltr'><strong>responsione</strong></span> <span class='ocrx_word' id='word_1_596' title='bbox 3604 2862 3760 2928; x_wconf 87' lang='lat' dir='ltr'><strong>data</strong></span> <span class='ocrx_word' id='word_1_597' title='bbox 3817 2884 3888 2928; x_wconf 91' lang='lat' dir='ltr'><strong>se</strong></span> <span class='ocrx_word' id='word_1_598' title='bbox 3934 2862 4317 2929; x_wconf 87' lang='lat' dir='ltr'><strong>defunctum</strong></span> <span class='ocrx_word' id='word_1_599' title='bbox 4359 2868 4570 2944; x_wconf 86' lang='lat' dir='ltr'><strong>putat.</strong></span> 
     </span>
     <span class='ocr_line' id='line_1_85' title="bbox 2615 2946 4571 3032; baseline -0.001 -18"><span class='ocrx_word' id='word_1_600' title='bbox 2615 2946 2752 3014; x_wconf 80' lang='lat' dir='ltr'><strong>Sed</strong></span> <span class='ocrx_word' id='word_1_601' title='bbox 2793 2949 3056 3032; x_wconf 88' lang='lat' dir='ltr'><strong>pietatis</strong></span> <span class='ocrx_word' id='word_1_602' title='bbox 3111 2970 3379 3014; x_wconf 89' lang='lat' dir='ltr'><strong>sensum</strong></span> <span class='ocrx_word' id='word_1_603' title='bbox 3423 2946 3869 3028; x_wconf 85' lang='lat' dir='ltr'><strong>consulamus,</strong></span> <span class='ocrx_word' id='word_1_604' title='bbox 3928 2970 4014 3013; x_wconf 91' lang='lat' dir='ltr'><strong>an</strong></span> <span class='ocrx_word' id='word_1_605' title='bbox 4067 2968 4204 3013; x_wconf 90' lang='lat' dir='ltr'><strong>non</strong></span> <span class='ocrx_word' id='word_1_606' title='bbox 4244 2949 4405 3012; x_wconf 88' lang='lat' dir='ltr'><strong>satis</strong></span> <span class='ocrx_word' id='word_1_607' title='bbox 4446 2947 4571 3013; x_wconf 88' lang='lat' dir='ltr'><strong>hoc</strong></span> 
     </span>
     <span class='ocr_line' id='line_1_86' title="bbox 2615 3032 4569 3118; baseline -0.001 -18"><span class='ocrx_word' id='word_1_608' title='bbox 2615 3035 2704 3100; x_wconf 90' lang='lat' dir='ltr'><strong>sit</strong></span> <span class='ocrx_word' id='word_1_609' title='bbox 2746 3035 2828 3100; x_wconf 90' lang='lat' dir='ltr'><strong>ad</strong></span> <span class='ocrx_word' id='word_1_610' title='bbox 2873 3035 3157 3102; x_wconf 85' lang='lat' dir='ltr'><strong>hominis</strong></span> <span class='ocrx_word' id='word_1_611' title='bbox 3200 3045 3489 3116; x_wconf 88' lang='lat' dir='ltr'><strong>reatum,</strong></span> <span class='ocrx_word' id='word_1_612' title='bbox 3545 3034 3658 3101; x_wconf 92' lang='lat' dir='ltr'><strong>ubi</strong></span> <span class='ocrx_word' id='word_1_613' title='bbox 3710 3057 3831 3102; x_wconf 89' lang='lat' dir='ltr'><strong>sua</strong></span> <span class='ocrx_word' id='word_1_614' title='bbox 3874 3034 4065 3118; x_wconf 89' lang='lat' dir='ltr'><strong>culpa</strong></span> <span class='ocrx_word' id='word_1_615' title='bbox 4099 3032 4371 3117; x_wconf 90' lang='lat' dir='ltr'><strong>periisse</strong></span> <span class='ocrx_word' id='word_1_616' title='bbox 4415 3052 4569 3099; x_wconf 88' lang='lat' dir='ltr'><strong>con-</strong></span> 
     </span>
     <span class='ocr_line' id='line_1_87' title="bbox 2614 3122 4569 3206; baseline -0.001 -20"><span class='ocrx_word' id='word_1_617' title='bbox 2614 3122 2918 3187; x_wconf 86' lang='lat' dir='ltr'><strong>vincitur.</strong></span> <span class='ocrx_word' id='word_1_618' title='bbox 3018 3122 3250 3206; x_wconf 85' lang='lat' dir='ltr'><strong>Neque</strong></span> <span class='ocrx_word' id='word_1_619' title='bbox 3304 3123 3482 3187; x_wconf 88' lang='lat' dir='ltr'><strong>enim</strong></span> <span class='ocrx_word' id='word_1_620' title='bbox 3525 3124 3655 3187; x_wconf 88' lang='lat' dir='ltr'><strong>alia</strong></span> <span class='ocrx_word' id='word_1_621' title='bbox 3692 3122 4009 3205; x_wconf 89' lang='lat' dir='ltr'><strong>populum</strong></span> <span class='ocrx_word' id='word_1_622' title='bbox 4062 3141 4260 3186; x_wconf 90' lang='lat' dir='ltr'><strong>suum</strong></span> <span class='ocrx_word' id='word_1_623' title='bbox 4303 3140 4569 3187; x_wconf 85' lang='lat' dir='ltr'><strong>accusa·</strong></span> 
     </span>
     <span class='ocr_line' id='line_1_88' title="bbox 2615 3204 4571 3291; baseline -0.001 -18"><span class='ocrx_word' id='word_1_624' title='bbox 2615 3208 2866 3273; x_wconf 89' lang='lat' dir='ltr'><strong>satione</strong></span> <span class='ocrx_word' id='word_1_625' title='bbox 2921 3210 3158 3291; x_wconf 91' lang='lat' dir='ltr'><strong>premit</strong></span> <span class='ocrx_word' id='word_1_626' title='bbox 3216 3210 3431 3287; x_wconf 90' lang='lat' dir='ltr'><strong>Deus,</strong></span> <span class='ocrx_word' id='word_1_627' title='bbox 3478 3229 3682 3291; x_wconf 89' lang='lat' dir='ltr'><strong>quum</strong></span> <span class='ocrx_word' id='word_1_628' title='bbox 3727 3207 3911 3272; x_wconf 88' lang='lat' dir='ltr'><strong>dicit:</strong></span> <span class='ocrx_word' id='word_1_629' title='bbox 3971 3204 4265 3272; x_wconf 87' lang='lat' dir='ltr'><strong>Perditio</strong></span> <span class='ocrx_word' id='word_1_630' title='bbox 4307 3214 4425 3272; x_wconf 88' lang='lat' dir='ltr'><strong>tua</strong></span> <span class='ocrx_word' id='word_1_631' title='bbox 4464 3205 4571 3271; x_wconf 91' lang='lat' dir='ltr'><strong>Is-</strong></span> 
     </span>
     <span class='ocr_line' id='line_1_89' title="bbox 2613 3293 4569 3376; baseline -0.001 -17"><span class='ocrx_word' id='word_1_632' title='bbox 2613 3294 2769 3373; x_wconf 83' lang='lat' dir='ltr'><strong>rael,</strong></span> <span class='ocrx_word' id='word_1_633' title='bbox 2812 3294 2884 3358; x_wconf 93' lang='lat' dir='ltr'><strong>in</strong></span> <span class='ocrx_word' id='word_1_634' title='bbox 2928 3314 3035 3358; x_wconf 90' lang='lat' dir='ltr'><strong>me</strong></span> <span class='ocrx_word' id='word_1_635' title='bbox 3070 3294 3526 3359; x_wconf 90' lang='lat' dir='ltr'><strong>tantummodo</strong></span> <span class='ocrx_word' id='word_1_636' title='bbox 3571 3293 3890 3359; x_wconf 88' lang='lat' dir='ltr'><strong>auxilium</strong></span> <span class='ocrx_word' id='word_1_637' title='bbox 3928 3301 4137 3358; x_wconf 84' lang='lat' dir='ltr'><strong>tuum.</strong></span> <span class='ocrx_word' id='word_1_638' title='bbox 4227 3294 4324 3358; x_wconf 91' lang='lat' dir='ltr'><strong>At</strong></span> <span class='ocrx_word' id='word_1_639' title='bbox 4363 3312 4569 3376; x_wconf 90' lang='lat' dir='ltr'><strong>popu-</strong></span> 
     </span>
     <span class='ocr_line' id='line_1_90' title="bbox 2612 3378 4570 3464; baseline -0.001 -19"><span class='ocrx_word' id='word_1_640' title='bbox 2612 3381 2754 3445; x_wconf 91' lang='lat' dir='ltr'><strong>lum</strong></span> <span class='ocrx_word' id='word_1_641' title='bbox 2799 3380 2933 3446; x_wconf 89' lang='lat' dir='ltr'><strong>illic</strong></span> <span class='ocrx_word' id='word_1_642' title='bbox 2979 3381 3225 3463; x_wconf 86' lang='lat' dir='ltr'><strong>arguit,</strong></span> <span class='ocrx_word' id='word_1_643' title='bbox 3285 3381 3395 3464; x_wconf 89' lang='lat' dir='ltr'><strong>qui</strong></span> <span class='ocrx_word' id='word_1_644' title='bbox 3438 3378 3638 3446; x_wconf 83' lang='lat' dir='ltr'><strong>verbo</strong></span> <span class='ocrx_word' id='word_1_645' title='bbox 3681 3401 3802 3446; x_wconf 90' lang='lat' dir='ltr'><strong>suo</strong></span> <span class='ocrx_word' id='word_1_646' title='bbox 3847 3382 4300 3461; x_wconf 87' lang='lat' dir='ltr'><strong>obtemperare</strong></span> <span class='ocrx_word' id='word_1_647' title='bbox 4340 3378 4570 3444; x_wconf 90' lang='lat' dir='ltr'><strong>nolue-</strong></span> 
     </span>
     <span class='ocr_line' id='line_1_91' title="bbox 2612 3465 4567 3549; baseline -0.001 -19"><span class='ocrx_word' id='word_1_648' title='bbox 2612 3475 2734 3530; x_wconf 85' lang='lat' dir='ltr'><strong>rat.</strong></span> <span class='ocrx_word' id='word_1_649' title='bbox 2824 3467 3094 3542; x_wconf 81' lang='lat' dir='ltr'><strong>Fateor,</strong></span> <span class='ocrx_word' id='word_1_650' title='bbox 3152 3466 3267 3530; x_wconf 89' lang='lat' dir='ltr'><strong>sed</strong></span> <span class='ocrx_word' id='word_1_651' title='bbox 3333 3486 3540 3549; x_wconf 89' lang='lat' dir='ltr'><strong>quum</strong></span> <span class='ocrx_word' id='word_1_652' title='bbox 3599 3466 3994 3531; x_wconf 82' lang='lat' dir='ltr'><strong>universalis</strong></span> <span class='ocrx_word' id='word_1_653' title='bbox 4060 3465 4150 3529; x_wconf 91' lang='lat' dir='ltr'><strong>sit</strong></span> <span class='ocrx_word' id='word_1_654' title='bbox 4215 3465 4567 3543; x_wconf 90' lang='lat' dir='ltr'><strong>sententia,</strong></span> 
     </span>
     <span class='ocr_line' id='line_1_92' title="bbox 2614 3549 4569 3634; baseline -0.001 -19"><span class='ocrx_word' id='word_1_655' title='bbox 2614 3551 3006 3628; x_wconf 84' lang='lat' dir='ltr'><strong>videndum,</strong></span> <span class='ocrx_word' id='word_1_656' title='bbox 3059 3550 3226 3634; x_wconf 79' lang='lat' dir='ltr'><strong>quid</strong></span> <span class='ocrx_word' id='word_1_657' title='bbox 3268 3554 3615 3617; x_wconf 88' lang='lat' dir='ltr'><strong>contineat.</strong></span> <span class='ocrx_word' id='word_1_658' title='bbox 3703 3552 3852 3616; x_wconf 92' lang='lat' dir='ltr'><strong>Hoc</strong></span> <span class='ocrx_word' id='word_1_659' title='bbox 3911 3558 4135 3616; x_wconf 91' lang='lat' dir='ltr'><strong>autem</strong></span> <span class='ocrx_word' id='word_1_660' title='bbox 4178 3551 4408 3634; x_wconf 88' lang='lat' dir='ltr'><strong>procul</strong></span> <span class='ocrx_word' id='word_1_661' title='bbox 4447 3549 4569 3614; x_wconf 89' lang='lat' dir='ltr'><strong>du·-</strong></span> 
     </span>
     <span class='ocr_line' id='line_1_93' title="bbox 2612 3636 4570 3721; baseline -0.001 -19"><span class='ocrx_word' id='word_1_662' title='bbox 2612 3637 2718 3702; x_wconf 92' lang='lat' dir='ltr'><strong>bio</strong></span> <span class='ocrx_word' id='word_1_663' title='bbox 2771 3639 3127 3721; x_wconf 87' lang='lat' dir='ltr'><strong>significat,</strong></span> <span class='ocrx_word' id='word_1_664' title='bbox 3185 3637 3451 3703; x_wconf 86' lang='lat' dir='ltr'><strong>destitui</strong></span> <span class='ocrx_word' id='word_1_665' title='bbox 3509 3640 3689 3703; x_wconf 90' lang='lat' dir='ltr'><strong>omni</strong></span> <span class='ocrx_word' id='word_1_666' title='bbox 3740 3639 4159 3705; x_wconf 83' lang='lat' dir='ltr'><strong>excusatione</strong></span> <span class='ocrx_word' id='word_1_667' title='bbox 4214 3636 4570 3716; x_wconf 89' lang='lat' dir='ltr'><strong>hominem,</strong></span> 
     </span>
     <span class='ocr_line' id='line_1_94' title="bbox 2612 3722 4566 3806; baseline 0 -18"><span class='ocrx_word' id='word_1_668' title='bbox 2612 3725 2668 3788; x_wconf 92' lang='lat' dir='ltr'><strong>si</strong></span> <span class='ocrx_word' id='word_1_669' title='bbox 2710 3723 2837 3789; x_wconf 90' lang='lat' dir='ltr'><strong>sibi</strong></span> <span class='ocrx_word' id='word_1_670' title='bbox 2880 3743 3082 3789; x_wconf 86' lang='lat' dir='ltr'><strong>causa</strong></span> <span class='ocrx_word' id='word_1_671' title='bbox 3126 3724 3312 3788; x_wconf 89' lang='lat' dir='ltr'><strong>exitii</strong></span> <span class='ocrx_word' id='word_1_672' title='bbox 3366 3725 3568 3790; x_wconf 80' lang='lat' dir='ltr'><strong>fuisse</strong></span> <span class='ocrx_word' id='word_1_673' title='bbox 3615 3730 3762 3804; x_wconf 78' lang='lat' dir='ltr'><strong>[pag.</strong></span> <span class='ocrx_word' id='word_1_674' title='bbox 3810 3730 3956 3803; x_wconf 82' lang='lat'>139]</span> <span class='ocrx_word' id='word_1_675' title='bbox 4012 3722 4566 3806; x_wconf 88' lang='lat' dir='ltr'><strong>deprehendatur.</strong></span> 
     </span>
     <span class='ocr_line' id='line_1_95' title="bbox 2611 3810 4568 3895; baseline 0 -22"><span class='ocrx_word' id='word_1_676' title='bbox 2611 3811 2707 3874; x_wconf 90' lang='lat' dir='ltr'><strong>At</strong></span> <span class='ocrx_word' id='word_1_677' title='bbox 2759 3810 2881 3874; x_wconf 88' lang='lat' dir='ltr'><strong>hoc</strong></span> <span class='ocrx_word' id='word_1_678' title='bbox 2935 3831 3068 3874; x_wconf 91' lang='lat' dir='ltr'><strong>non</strong></span> <span class='ocrx_word' id='word_1_679' title='bbox 3114 3830 3255 3875; x_wconf 88' lang='lat' dir='ltr'><strong>esse</strong></span> <span class='ocrx_word' id='word_1_680' title='bbox 3310 3820 3619 3876; x_wconf 87' lang='lat' dir='ltr'><strong>causatur</strong></span> <span class='ocrx_word' id='word_1_681' title='bbox 3659 3811 3972 3895; x_wconf 89' lang='lat' dir='ltr'><strong>Pighius,</strong></span> <span class='ocrx_word' id='word_1_682' title='bbox 4032 3810 4161 3875; x_wconf 88' lang='lat' dir='ltr'><strong>nisi</strong></span> <span class='ocrx_word' id='word_1_683' title='bbox 4216 3816 4355 3873; x_wconf 88' lang='lat' dir='ltr'><strong>tam</strong></span> <span class='ocrx_word' id='word_1_684' title='bbox 4398 3810 4568 3874; x_wconf 86' lang='lat' dir='ltr'><strong>effu-</strong></span> 
     </span>
     <span class='ocr_line' id='line_1_96' title="bbox 2612 3895 4570 3980; baseline -0.001 -20"><span class='ocrx_word' id='word_1_685' title='bbox 2612 3917 2768 3979; x_wconf 89' lang='lat' dir='ltr'><strong>gere</strong></span> <span class='ocrx_word' id='word_1_686' title='bbox 2810 3895 3245 3978; x_wconf 85' lang='lat' dir='ltr'><strong>perditionem</strong></span> <span class='ocrx_word' id='word_1_687' title='bbox 3263 3948 3278 3976; x_wconf 92' lang='lat'><strong>,</strong></span> <span class='ocrx_word' id='word_1_688' title='bbox 3324 3917 3520 3980; x_wconf 88' lang='lat' dir='ltr'><strong>quam</strong></span> <span class='ocrx_word' id='word_1_689' title='bbox 3561 3897 3837 3980; x_wconf 90' lang='lat' dir='ltr'><strong>perdere</strong></span> <span class='ocrx_word' id='word_1_690' title='bbox 3881 3919 3953 3962; x_wconf 92' lang='lat' dir='ltr'><strong>se</strong></span> <span class='ocrx_word' id='word_1_691' title='bbox 3996 3896 4219 3979; x_wconf 88' lang='lat' dir='ltr'><strong>possit.</strong></span> <span class='ocrx_word' id='word_1_692' title='bbox 4288 3895 4424 3976; x_wconf 81' lang='lat' dir='ltr'><strong>Qui</strong></span> <span class='ocrx_word' id='word_1_693' title='bbox 4471 3896 4570 3961; x_wconf 91' lang='lat' dir='ltr'><strong>sic</strong></span> 
     </span>
     <span class='ocr_line' id='line_1_97' title="bbox 2611 3979 4569 4067; baseline -0.002 -19"><span class='ocrx_word' id='word_1_694' title='bbox 2611 3982 2917 4060; x_wconf 88' lang='lat' dir='ltr'><strong>balbutit,</strong></span> <span class='ocrx_word' id='word_1_695' title='bbox 2973 3981 3079 4047; x_wconf 87' lang='lat' dir='ltr'><strong>vel</strong></span> <span class='ocrx_word' id='word_1_696' title='bbox 3125 3984 3402 4067; x_wconf 89' lang='lat' dir='ltr'><strong>grunnit</strong></span> <span class='ocrx_word' id='word_1_697' title='bbox 3445 3986 3688 4066; x_wconf 89' lang='lat' dir='ltr'><strong>potius,</strong></span> <span class='ocrx_word' id='word_1_698' title='bbox 3744 4004 3816 4049; x_wconf 88' lang='lat' dir='ltr'><strong>se</strong></span> <span class='ocrx_word' id='word_1_699' title='bbox 3869 3983 4162 4066; x_wconf 90' lang='lat' dir='ltr'><strong>primum</strong></span> <span class='ocrx_word' id='word_1_700' title='bbox 4202 3981 4369 4046; x_wconf 90' lang='lat' dir='ltr'><strong>illud</strong></span> <span class='ocrx_word' id='word_1_701' title='bbox 4410 3979 4569 4046; x_wconf 90' lang='lat' dir='ltr'><strong>fidei</strong></span> 
     </span>
     <span class='ocr_line' id='line_1_98' title="bbox 2612 4068 4566 4152; baseline -0.001 -21"><span class='ocrx_word' id='word_1_702' title='bbox 2612 4075 2876 4133; x_wconf 89' lang='lat' dir='ltr'><strong>nostrae</strong></span> <span class='ocrx_word' id='word_1_703' title='bbox 2930 4068 3189 4133; x_wconf 82' lang='lat' dir='ltr'><strong>axioma</strong></span> <span class='ocrx_word' id='word_1_704' title='bbox 3245 4089 3378 4132; x_wconf 91' lang='lat' dir='ltr'><strong>non</strong></span> <span class='ocrx_word' id='word_1_705' title='bbox 3446 4077 3669 4134; x_wconf 89' lang='lat' dir='ltr'><strong>tenere</strong></span> <span class='ocrx_word' id='word_1_706' title='bbox 3732 4068 3980 4152; x_wconf 89' lang='lat' dir='ltr'><strong>prodit,</strong></span> <span class='ocrx_word' id='word_1_707' title='bbox 4027 4089 4175 4147; x_wconf 91' lang='lat' dir='ltr'><strong>nos,</strong></span> <span class='ocrx_word' id='word_1_708' title='bbox 4234 4088 4311 4134; x_wconf 88' lang='lat' dir='ltr'><strong>ac</strong></span> <span class='ocrx_word' id='word_1_709' title='bbox 4354 4074 4566 4132; x_wconf 88' lang='lat' dir='ltr'><strong>totam</strong></span> 
     </span>
     <span class='ocr_line' id='line_1_99' title="bbox 2611 4154 4567 4237; baseline -0.001 -19"><span class='ocrx_word' id='word_1_710' title='bbox 2611 4161 2902 4219; x_wconf 90' lang='lat' dir='ltr'><strong>nostram</strong></span> <span class='ocrx_word' id='word_1_711' title='bbox 2949 4154 3030 4218; x_wconf 89' lang='lat' dir='ltr'><strong>ad</strong></span> <span class='ocrx_word' id='word_1_712' title='bbox 3074 4154 3241 4219; x_wconf 89' lang='lat' dir='ltr'><strong>bene</strong></span> <span class='ocrx_word' id='word_1_713' title='bbox 3286 4155 3618 4237; x_wconf 87' lang='lat' dir='ltr'><strong>agendum</strong></span> <span class='ocrx_word' id='word_1_714' title='bbox 3663 4156 3994 4234; x_wconf 88' lang='lat' dir='ltr'><strong>virtutem,</strong></span> <span class='ocrx_word' id='word_1_715' title='bbox 4039 4154 4112 4218; x_wconf 90' lang='lat' dir='ltr'><strong>in</strong></span> <span class='ocrx_word' id='word_1_716' title='bbox 4156 4154 4372 4219; x_wconf 89' lang='lat' dir='ltr'><strong>Adam</strong></span> <span class='ocrx_word' id='word_1_717' title='bbox 4415 4173 4567 4236; x_wconf 90' lang='lat' dir='ltr'><strong>per-</strong></span> 
     </span>
     <span class='ocr_line' id='line_1_100' title="bbox 2609 4238 4564 4317; baseline -0.001 -13"><span class='ocrx_word' id='word_1_718' title='bbox 2609 4241 2780 4306; x_wconf 90' lang='lat' dir='ltr'><strong>iisse.</strong></span> <span class='ocrx_word' id='word_1_719' title='bbox 2870 4241 3010 4306; x_wconf 89' lang='lat' dir='ltr'><strong>Nec</strong></span> <span class='ocrx_word' id='word_1_720' title='bbox 3060 4259 3217 4305; x_wconf 88' lang='lat' dir='ltr'><strong>vero</strong></span> <span class='ocrx_word' id='word_1_721' title='bbox 3271 4241 3351 4305; x_wconf 91' lang='lat' dir='ltr'><strong>ab</strong></span> <span class='ocrx_word' id='word_1_722' title='bbox 3402 4261 3476 4305; x_wconf 92' lang='lat' dir='ltr'><strong>eo</strong></span> <span class='ocrx_word' id='word_1_723' title='bbox 3522 4263 3591 4307; x_wconf 90' lang='lat' dir='ltr'><strong>se</strong></span> <span class='ocrx_word' id='word_1_724' title='bbox 3633 4240 3987 4306; x_wconf 87' lang='lat' dir='ltr'><strong>abhorrere</strong></span> <span class='ocrx_word' id='word_1_725' title='bbox 4021 4240 4128 4306; x_wconf 91' lang='lat' dir='ltr'><strong>hic</strong></span> <span class='ocrx_word' id='word_1_726' title='bbox 4172 4238 4564 4317; x_wconf 89' lang='lat' dir='ltr'><strong>dissimulat,</strong></span> 
     </span>
     <span class='ocr_line' id='line_1_101' title="bbox 2610 4327 4567 4409; baseline -0.001 -18"><span class='ocrx_word' id='word_1_727' title='bbox 2610 4328 2723 4409; x_wconf 92' lang='lat' dir='ltr'><strong>qui</strong></span> <span class='ocrx_word' id='word_1_728' title='bbox 2776 4327 2971 4391; x_wconf 89' lang='lat' dir='ltr'><strong>toties</strong></span> <span class='ocrx_word' id='word_1_729' title='bbox 3024 4327 3508 4408; x_wconf 87' lang='lat' dir='ltr'><strong>corruptionem</strong></span> <span class='ocrx_word' id='word_1_730' title='bbox 3563 4348 3646 4390; x_wconf 90' lang='lat' dir='ltr'><strong>ex</strong></span> <span class='ocrx_word' id='word_1_731' title='bbox 3699 4329 3912 4409; x_wconf 88' lang='lat' dir='ltr'><strong>primo</strong></span> <span class='ocrx_word' id='word_1_732' title='bbox 3954 4334 4224 4409; x_wconf 85' lang='lat' dir='ltr'><strong>parente</strong></span> <span class='ocrx_word' id='word_1_733' title='bbox 4267 4333 4567 4392; x_wconf 87' lang='lat' dir='ltr'><strong>contrac-</strong></span> 
     </span>
     <span class='ocr_line' id='line_1_102' title="bbox 2613 4411 4419 4496; baseline -0.001 -20"><span class='ocrx_word' id='word_1_734' title='bbox 2613 4423 2769 4488; x_wconf 88' lang='lat' dir='ltr'><strong>tam,</strong></span> <span class='ocrx_word' id='word_1_735' title='bbox 2807 4432 2943 4476; x_wconf 86' lang='lat' dir='ltr'><strong>non</strong></span> <span class='ocrx_word' id='word_1_736' title='bbox 2989 4411 3147 4476; x_wconf 91' lang='lat' dir='ltr'><strong>alibi</strong></span> <span class='ocrx_word' id='word_1_737' title='bbox 3191 4432 3388 4494; x_wconf 90' lang='lat' dir='ltr'><strong>quam</strong></span> <span class='ocrx_word' id='word_1_738' title='bbox 3430 4413 3498 4476; x_wconf 93' lang='lat' dir='ltr'><strong>in</strong></span> <span class='ocrx_word' id='word_1_739' title='bbox 3544 4413 3855 4482; x_wconf 88' lang='lat' dir='ltr'><strong>membris</strong></span> <span class='ocrx_word' id='word_1_740' title='bbox 3900 4413 4187 4496; x_wconf 88' lang='lat' dir='ltr'><strong>corporis</strong></span> <span class='ocrx_word' id='word_1_741' title='bbox 4231 4412 4419 4478; x_wconf 89' lang='lat' dir='ltr'><strong>locat.</strong></span> 
     </span>
     <span class='ocr_line' id='line_1_103' title="bbox 2784 4496 4562 4579; baseline -0.001 -17"><span class='ocrx_word' id='word_1_742' title='bbox 2784 4497 2980 4579; x_wconf 78' lang='lat' dir='ltr'><strong>Quod</strong></span> <span class='ocrx_word' id='word_1_743' title='bbox 3032 4498 3105 4561; x_wconf 90' lang='lat' dir='ltr'><strong>in</strong></span> <span class='ocrx_word' id='word_1_744' title='bbox 3160 4498 3365 4562; x_wconf 89' lang='lat' dir='ltr'><strong>altero</strong></span> <span class='ocrx_word' id='word_1_745' title='bbox 3427 4500 3723 4563; x_wconf 89' lang='lat' dir='ltr'><strong>membro</strong></span> <span class='ocrx_word' id='word_1_746' title='bbox 3778 4499 3921 4564; x_wconf 89' lang='lat' dir='ltr'><strong>dico</strong></span> <span class='ocrx_word' id='word_1_747' title='bbox 3982 4497 4253 4565; x_wconf 89' lang='lat' dir='ltr'><strong>subesse</strong></span> <span class='ocrx_word' id='word_1_748' title='bbox 4304 4496 4562 4577; x_wconf 82' lang='lat' dir='ltr'><strong>vitium,</strong></span> 
     </span>
     <span class='ocr_line' id='line_1_104' title="bbox 2612 4583 4563 4668; baseline 0 -20"><span class='ocrx_word' id='word_1_749' title='bbox 2612 4583 2723 4650; x_wconf 92' lang='lat' dir='ltr'><strong>ubi</strong></span> <span class='ocrx_word' id='word_1_750' title='bbox 2770 4591 3111 4668; x_wconf 87' lang='lat' dir='ltr'><strong>peccatum</strong></span> <span class='ocrx_word' id='word_1_751' title='bbox 3165 4584 3483 4667; x_wconf 88' lang='lat' dir='ltr'><strong>colligunt</strong></span> <span class='ocrx_word' id='word_1_752' title='bbox 3523 4585 3723 4650; x_wconf 86' lang='lat' dir='ltr'><strong>vit-ari</strong></span> <span class='ocrx_word' id='word_1_753' title='bbox 3767 4606 3956 4668; x_wconf 86' lang='lat' dir='ltr'><strong>posse</strong></span> <span class='ocrx_word' id='word_1_754' title='bbox 4012 4586 4069 4649; x_wconf 91' lang='lat' dir='ltr'><strong>si</strong></span> <span class='ocrx_word' id='word_1_755' title='bbox 4109 4584 4563 4651; x_wconf 81' lang='lat' dir='ltr'><strong>voluntarium</strong></span> 
     </span>
     <span class='ocr_line' id='line_1_105' title="bbox 2612 4668 4563 4755; baseline 0 -20"><span class='ocrx_word' id='word_1_756' title='bbox 2612 4675 2742 4748; x_wconf 88' lang='lat' dir='ltr'><strong>est,</strong></span> <span class='ocrx_word' id='word_1_757' title='bbox 2797 4679 2866 4735; x_wconf 91' lang='lat' dir='ltr'><strong>et</strong></span> <span class='ocrx_word' id='word_1_758' title='bbox 2908 4670 3056 4735; x_wconf 86' lang='lat' dir='ltr'><strong>idco</strong></span> <span class='ocrx_word' id='word_1_759' title='bbox 3102 4677 3567 4753; x_wconf 86' lang='lat' dir='ltr'><strong>argumentum</strong></span> <span class='ocrx_word' id='word_1_760' title='bbox 3612 4672 3832 4737; x_wconf 85' lang='lat' dir='ltr'><strong>valere</strong></span> <span class='ocrx_word' id='word_1_761' title='bbox 3878 4692 4076 4755; x_wconf 89' lang='lat' dir='ltr'><strong>nego,</strong></span> <span class='ocrx_word' id='word_1_762' title='bbox 4121 4671 4275 4753; x_wconf 89' lang='lat' dir='ltr'><strong>quia</strong></span> <span class='ocrx_word' id='word_1_763' title='bbox 4318 4668 4563 4735; x_wconf 89' lang='lat' dir='ltr'><strong>deduc-</strong></span> 
     </span>
     <span class='ocr_line' id='line_1_106' title="bbox 2610 4754 4564 4822; baseline 0 -2"><span class='ocrx_word' id='word_1_764' title='bbox 2610 4758 2857 4822; x_wconf 91' lang='lat' dir='ltr'><strong>tionem</strong></span> <span class='ocrx_word' id='word_1_765' title='bbox 2903 4756 3141 4820; x_wconf 89' lang='lat' dir='ltr'><strong>habeat</strong></span> <span class='ocrx_word' id='word_1_766' title='bbox 3184 4777 3225 4820; x_wconf 90' lang='lat' dir='ltr'><strong>a</strong></span> <span class='ocrx_word' id='word_1_767' title='bbox 3266 4754 3634 4822; x_wconf 82' lang='lat' dir='ltr'><strong>voluntario</strong></span> <span class='ocrx_word' id='word_1_768' title='bbox 3670 4755 3754 4820; x_wconf 90' lang='lat' dir='ltr'><strong>ad</strong></span> <span class='ocrx_word' id='word_1_769' title='bbox 3795 4756 4108 4822; x_wconf 90' lang='lat' dir='ltr'><strong>liberum:</strong></span> <span class='ocrx_word' id='word_1_770' title='bbox 4174 4756 4299 4821; x_wconf 91' lang='lat' dir='ltr'><strong>hoc</strong></span> <span class='ocrx_word' id='word_1_771' title='bbox 4340 4763 4415 4819; x_wconf 91' lang='lat' dir='ltr'><strong>ut</strong></span> <span class='ocrx_word' id='word_1_772' title='bbox 4457 4776 4564 4820; x_wconf 90' lang='lat' dir='ltr'><strong>re-</strong></span> 
     </span>
     <span class='ocr_line' id='line_1_107' title="bbox 2612 4839 4563 4927; baseline 0 -20"><span class='ocrx_word' id='word_1_773' title='bbox 2612 4843 2826 4921; x_wconf 81' lang='lat' dir='ltr'><strong>fellat,</strong></span> <span class='ocrx_word' id='word_1_774' title='bbox 2882 4841 3336 4926; x_wconf 81' lang='lat' dir='ltr'><strong>Augustinum</strong></span> <span class='ocrx_word' id='word_1_775' title='bbox 3389 4842 3553 4906; x_wconf 91' lang='lat' dir='ltr'><strong>mihi</strong></span> <span class='ocrx_word' id='word_1_776' title='bbox 3607 4844 3881 4927; x_wconf 88' lang='lat' dir='ltr'><strong>regerit,</strong></span> <span class='ocrx_word' id='word_1_777' title='bbox 3941 4864 4138 4925; x_wconf 90' lang='lat' dir='ltr'><strong>quem</strong></span> <span class='ocrx_word' id='word_1_778' title='bbox 4181 4839 4437 4925; x_wconf 89' lang='lat' dir='ltr'><strong>ubique·</strong></span> <span class='ocrx_word' id='word_1_779' title='bbox 4467 4841 4563 4907; x_wconf 87' lang='lat' dir='ltr'><strong>sic</strong></span> 
     </span>
     <span class='ocr_line' id='line_1_108' title="bbox 2610 4927 4564 5012; baseline -0.001 -20"><span class='ocrx_word' id='word_1_780' title='bbox 2610 4928 2989 4993; x_wconf 87' lang='lat' dir='ltr'><strong>ratiocinari</strong></span> <span class='ocrx_word' id='word_1_781' title='bbox 3027 4927 3199 4992; x_wconf 91' lang='lat' dir='ltr'><strong>dicit.</strong></span> <span class='ocrx_word' id='word_1_782' title='bbox 3265 4928 3473 5011; x_wconf 90' lang='lat' dir='ltr'><strong>Atqui</strong></span> <span class='ocrx_word' id='word_1_783' title='bbox 3516 4929 3651 4993; x_wconf 89' lang='lat' dir='ltr'><strong>iam</strong></span> <span class='ocrx_word' id='word_1_784' title='bbox 3694 4929 3883 4994; x_wconf 89' lang='lat' dir='ltr'><strong>toties</strong></span> <span class='ocrx_word' id='word_1_785' title='bbox 3924 4929 4375 5012; x_wconf 89' lang='lat' dir='ltr'><strong>Augustinum</strong></span> <span class='ocrx_word' id='word_1_786' title='bbox 4407 4947 4564 5010; x_wconf 86' lang='lat' dir='ltr'><strong>pro-</strong></span> 
     </span>
     <span class='ocr_line' id='line_1_109' title="bbox 2613 5012 4565 5098; baseline -0.001 -20"><span class='ocrx_word' id='word_1_787' title='bbox 2613 5012 2776 5079; x_wconf 88' lang='lat' dir='ltr'><strong>duxi</strong></span> <span class='ocrx_word' id='word_1_788' title='bbox 2817 5035 2974 5078; x_wconf 88' lang='lat' dir='ltr'><strong>suae</strong></span> <span class='ocrx_word' id='word_1_789' title='bbox 3017 5013 3381 5080; x_wconf 89' lang='lat' dir='ltr'><strong>sententiae</strong></span> <span class='ocrx_word' id='word_1_790' title='bbox 3423 5015 3883 5098; x_wconf 86' lang='lat' dir='ltr'><strong>interpretem,</strong></span> <span class='ocrx_word' id='word_1_791' title='bbox 3928 5020 4008 5078; x_wconf 91' lang='lat' dir='ltr'><strong>ut</strong></span> <span class='ocrx_word' id='word_1_792' title='bbox 4049 5013 4331 5096; x_wconf 87' lang='lat' dir='ltr'><strong>amplius</strong></span> <span class='ocrx_word' id='word_1_793' title='bbox 4372 5033 4565 5096; x_wconf 87' lang='lat' dir='ltr'><strong>repe-</strong></span> 
     </span>
     <span class='ocr_line' id='line_1_110' title="bbox 2612 5099 4565 5184; baseline 0 -20"><span class='ocrx_word' id='word_1_794' title='bbox 2612 5107 2752 5165; x_wconf 88' lang='lat' dir='ltr'><strong>tere</strong></span> <span class='ocrx_word' id='word_1_795' title='bbox 2795 5099 2959 5163; x_wconf 88' lang='lat' dir='ltr'><strong>mihi</strong></span> <span class='ocrx_word' id='word_1_796' title='bbox 3001 5100 3126 5181; x_wconf 87' lang='lat' dir='ltr'><strong>ipsi</strong></span> <span class='ocrx_word' id='word_1_797' title='bbox 3170 5100 3432 5165; x_wconf 89' lang='lat' dir='ltr'><strong>fastidio</strong></span> <span class='ocrx_word' id='word_1_798' title='bbox 3472 5102 3574 5166; x_wconf 86' lang='lat' dir='ltr'><strong>sit.</strong></span> <span class='ocrx_word' id='word_1_799' title='bbox 3664 5101 3837 5166; x_wconf 89' lang='lat' dir='ltr'><strong>Nam</strong></span> <span class='ocrx_word' id='word_1_800' title='bbox 3881 5120 4047 5184; x_wconf 89' lang='lat' dir='ltr'><strong>quae</strong></span> <span class='ocrx_word' id='word_1_801' title='bbox 4089 5120 4209 5183; x_wconf 91' lang='lat' dir='ltr'><strong>pro</strong></span> <span class='ocrx_word' id='word_1_802' title='bbox 4252 5121 4374 5165; x_wconf 88' lang='lat' dir='ltr'><strong>sua</strong></span> <span class='ocrx_word' id='word_1_803' title='bbox 4405 5119 4565 5182; x_wconf 85' lang='lat' dir='ltr'><strong>gar-</strong></span> 
     </span>
     <span class='ocr_line' id='line_1_111' title="bbox 2610 5184 4567 5270; baseline 0 -20"><span class='ocrx_word' id='word_1_804' title='bbox 2610 5184 2878 5250; x_wconf 88' lang='lat' dir='ltr'><strong>rulitate</strong></span> <span class='ocrx_word' id='word_1_805' title='bbox 2920 5186 3198 5252; x_wconf 87' lang='lat' dir='ltr'><strong>subinde</strong></span> <span class='ocrx_word' id='word_1_806' title='bbox 3238 5187 3475 5252; x_wconf 89' lang='lat' dir='ltr'><strong>recinit</strong></span> <span class='ocrx_word' id='word_1_807' title='bbox 3511 5186 3813 5270; x_wconf 91' lang='lat' dir='ltr'><strong>Pighius,</strong></span> <span class='ocrx_word' id='word_1_808' title='bbox 3859 5185 3941 5251; x_wconf 93' lang='lat' dir='ltr'><strong>de</strong></span> <span class='ocrx_word' id='word_1_809' title='bbox 3984 5206 4146 5251; x_wconf 90' lang='lat' dir='ltr'><strong>sana</strong></span> <span class='ocrx_word' id='word_1_810' title='bbox 4190 5195 4256 5251; x_wconf 92' lang='lat' dir='ltr'><strong>et</strong></span> <span class='ocrx_word' id='word_1_811' title='bbox 4296 5185 4567 5269; x_wconf 84' lang='lat' dir='ltr'><strong>integra</strong></span> 
     </span>
     <span class='ocr_line' id='line_1_112' title="bbox 2612 5269 4564 5339; baseline 0.001 -3"><span class='ocrx_word' id='word_1_812' title='bbox 2612 5279 2853 5336; x_wconf 90' lang='lat' dir='ltr'><strong>natura</strong></span> <span class='ocrx_word' id='word_1_813' title='bbox 2895 5272 3140 5338; x_wconf 89' lang='lat' dir='ltr'><strong>scribit.</strong></span> <span class='ocrx_word' id='word_1_814' title='bbox 3229 5272 3361 5339; x_wconf 89' lang='lat' dir='ltr'><strong>Ubi</strong></span> <span class='ocrx_word' id='word_1_815' title='bbox 3405 5279 3625 5337; x_wconf 90' lang='lat' dir='ltr'><strong>autem</strong></span> <span class='ocrx_word' id='word_1_816' title='bbox 3670 5269 3751 5337; x_wconf 91' lang='lat' dir='ltr'><strong>dc</strong></span> <span class='ocrx_word' id='word_1_817' title='bbox 3794 5271 4033 5339; x_wconf 86' lang='lat' dir='ltr'><strong>vitiosa</strong></span> <span class='ocrx_word' id='word_1_818' title='bbox 4069 5279 4310 5338; x_wconf 89' lang='lat' dir='ltr'><strong>natura</strong></span> <span class='ocrx_word' id='word_1_819' title='bbox 4343 5291 4564 5337; x_wconf 88' lang='lat' dir='ltr'><strong>sermo</strong></span> 
     </span>
     <span class='ocr_line' id='line_1_113' title="bbox 2611 5358 4567 5442; baseline 0 -20"><span class='ocrx_word' id='word_1_820' title='bbox 2611 5365 2743 5436; x_wconf 91' lang='lat' dir='ltr'><strong>est,</strong></span> <span class='ocrx_word' id='word_1_821' title='bbox 2802 5366 3143 5442; x_wconf 89' lang='lat' dir='ltr'><strong>peccatum</strong></span> <span class='ocrx_word' id='word_1_822' title='bbox 3198 5379 3341 5425; x_wconf 88' lang='lat' dir='ltr'><strong>esse</strong></span> <span class='ocrx_word' id='word_1_823' title='bbox 3408 5359 3628 5441; x_wconf 88' lang='lat' dir='ltr'><strong>palam</strong></span> <span class='ocrx_word' id='word_1_824' title='bbox 3689 5360 4106 5442; x_wconf 89' lang='lat' dir='ltr'><strong>pronunciat,</strong></span> <span class='ocrx_word' id='word_1_825' title='bbox 4171 5360 4311 5424; x_wconf 86' lang='lat' dir='ltr'><strong>sive</strong></span> <span class='ocrx_word' id='word_1_826' title='bbox 4358 5358 4567 5423; x_wconf 81' lang='lat' dir='ltr'><strong>vitari</strong></span> 
     </span>
    </p>
   </div>
  </div>
 </body>
</html>
