4999 6179
652 423 772 485 127

817 676 1038 743 Voire.
1129 677 1261 744 Car
1303 677 1438 744 lors
1489 629 1573 746 161Ε
1574 629 1902 746 ιῐἔνι’(ῐιηιῖἰίίοει
1952 678 2204 761 unique
2253 685 2322 744 et
2362 698 2598 762 perpe-

643 764 783 830 tuel
827 785 867 829 a
904 771 1042 829 este
1084 764 1241 831 faict
1289 785 1460 847 pour
1506 773 1733 830 nostre
1775 763 2211 847 redemption:
2256 785 2601 849 pourquoy

639 851 689 915 il
732 871 819 915 ne
861 858 1036 916 reste
1080 850 1228 934 plus
1271 851 1465 916 sinon
1506 872 1634 934 que
1676 873 1842 917 nous
1886 872 1970 916 66
2014 871 2221 934 ayons
2264 849 2331 916 la
2372 852 2599 933 16636-

643 958 856 1003 66666.

1436 1059 1504 1094 101
1539 1057 1796 1093 mms'rn.

812 1109 922 1175 La
974 1108 1154 1175 Oene
1208 1108 1372 1174 donc
1432 1108 1604 1172 n'est
1661 1129 1778 1191 pas
1835 1108 2151 1173 institues
2210 1128 2377 1191 pour
2433 1108 2597 1172 faire

641 1218 774 1263 666
817 1194 1104 1260 oblation
1148 1192 1237 1258 (16
1279 1215 1470 1278 corps
1514 1194 1594 1258 de
1638 1194 1826 1259 Iesus
1871 1202 1912 1259 a
1955 1194 2132 1259 Dieu
2176 1216 2298 1260 son
2340 1194 2531 1260 Pere.

810 1366 877 1431 N
877 1386 979 1431 66.
1071 1364 1205 1431 Car
1244 1365 1293 1429 il
1348 1369 1461 1449 n'y
1487 1315 1876 1449 nauglilzgr.luy
1920 1365 2059 1431 seul
2107 1374 2147 1430 a
2192 1367 2300 1447 qui
2359 1386 2595 1447 appar-

631 1453 866 1518 ·tienne
908 1456 1047 1517 cest
1079 1453 1282 1530 office,
1322 1461 1551 1515 entant
1586 1451 1742 1534 (1611
1778 1462 1880 1515 est
1915 1451 2379 1517 Sacrificateur
2422 1462 2594 1515 cter-

638 1539 749 1603 nel
808 1538 1041 1624 (Hebr.
1095 1544 1154 1617 5,
1196 1540 1288 1638 5).
1387 1537 1561 1603 Mais
1616 1536 1663 1600 11
1718 1559 1882 1601 6666
1939 1537 2327 1602 commande
2381 1537 2591 1601 seule-

640 1634 829 1689 ment
890 1621 970 1690 de
1035 1625 1330 1690 recevoir
1394 1644 1515 1688 son
1580 1644 1798 1706 corps,
1869 1631 1936 1687 et
1999 1646 2133 1688 non
2189 1644 2309 1706 pas
2364 1623 2596 1687 l'offrir

639 1710 912 1797 (Matth
952 1712 1052 1789 26,
1091 1712 1222 1791 26).

1413 1830 1478 1864 66
1512 1829 1768 1865 mmm.
1787 1813 1837 1875 ¹)

814 1887 930 1964 [fol.
957 1886 1063 1962 65]
1098 1884 1457 1964 Pourquoy
1494 1887 1698 1945 cst-ce
1734 1880 1889 1964 qu'il
1923 1904 1969 1967 y
2005 1902 2045 1946 a
2079 1880 2313 1947 double
2358 1880 2591 1965 signe?

1483 1984 1746 2037 L’snranr.

810 2056 1051 2120 Nostre
1095 2052 1420 2137 Seigneur
1463 2052 1544 2118 l'a
1585 2053 1744 2118 faict
1784 2075 1951 2135 pour
1985 2059 2205 2118 nostre
2249 2053 2590 2118 infit-mite:

639 2143 770 2208 afin
820 2139 900 2206 de
943 2162 1107 2205 nous
1151 2140 1404 2204 donner
1447 2146 1487 2204 6
1553 2142 1968 2222 congnoistre
2011 2159 2139 2222 que
2191 2159 2324 2203 non
2384 2138 2595 2203 seule-

639 2240 825 2293 ment
879 2226 927 2291 il
984 2237 1085 2292 est
1139 2225 1377 2290 viande
1422 2233 1463 2290 6
1520 2247 1638 2290 noz
1684 2246 1897 2303 ames,
1955 2226 2124 2290 mais
2182 2223 2361 2289 aussi
2402 2225 2596 2290 breu-

639 2331 842 2397 vage.
886 2314 1015 2378 6116
1061 2334 1188 2397 (166
1232 2332 1400 2376 6666
1441 2311 1826 2377 cherchious
1862 2332 1943 2374 en
1988 2311 2104 2395 luy
2140 2326 2360 2376 nostre
2395 2332 2597 2375 nour-

638 2401 848 2465 riture
889 2399 1109 2483 pleine
1153 2407 1218 2464 et
1261 2399 1529 2477 entiere‚
1576 2406 1643 2462 ct
1686 2419 1819 2461 non
1864 2396 2148 2463 ailleurs.

1429 2519 1495 2554 LE
1529 2518 1788 2553 ΠΙΗΙΒΤΒΕ.
2493 2529 2503 2538 ·

811 2571 991 2637 'Pons
1034 2568 1437 2655 doyveut-ilz
1485 2590 1638 2633 uscr
1681 2567 2235 2633 indifferemment
2270 2567 2350 2633 de
2385 2589 2458 2634 66
2493 2589 2596 2633 se-

637 2657 806 2725 cond
848 2658 1057 2742 signe,
1105 2656 1399 2722 assavoir
1442 2652 1530 2718 du
1576 2653 1821 2720 calice?

811 2827 967 2913 Ouy
979 2850 994 2894 :
1054 2827 1236 2893 selon
1281 2826 1342 2890 le
1386 2755 1956 2891 comfflaffdement
1994 2823 2076 2890 de
2117 2825 2309 2891 Iesus
2345 2825 2595 2904 Christ,

638 2923 864 2983 contre
899 2914 1118 2998 lequel
1161 2915 1210 2978 il
1252 2935 1300 2977 n
1303 2913 1423 2977 ‘est
1464 2911 1639 2976 licite
1685 2910 1764 2975 de
1809 2912 1954 2975 rien
1998 2919 2303 2978 attenter.

1443 3033 1509 3067 LE
1543 3032 1803 3069 lmusrnn.

807 3088 1069 3153 Avons-
1040 3108 1239 3151 -nous
1305 3106 1387 3149 en
1457 3084 1525 3149 la
1593 3083 1773 3151 Cone
1850 3083 2269 3169 simplement
2332 3082 2396 3149 le
2459 3097 2593 3150 tes·

603 3174 985 3259 ·moignage
1043 3172 1158 3237 des
1216 3172 1447 3238 choses
1513 3169 1976 3250 dessusdictes,
2051 3193 2136 3237 ou
2202 3172 2260 3237 si
2323 3171 2482 3240 elles
2547 3194 2593 3257 y

647 3269 799 3327 sont
847 3267 1235 3343 vrayement
1278 3256 1614 3322 donnees?

1483 3359 1750 3414 LHBRPART
2640 3335 2647 3472 ι

806 3430 1064 3496 Entant
1117 3451 1241 3514 que
1294 3428 1484 3495 Iesus
1538 3429 1767 3496 Christ
1830 3436 1932 3496 est
1984 3429 2050 3493 la
2105 3430 2346 3508 verite,
2404 3429 2451 3495 il
2505 3450 2593 3494 ne

636 3516 806 3584 fault
848 3514 1125 3580 doubter
1161 3537 1285 3598 que
1326 3514 1420 3580 les
1454 3536 1825 3599 promesses
1860 3537 1948 3599 qu
1948 3516 2019 3580 ’11
2058 3516 2178 3579 fait
2212 3523 2253 3581 a
2286 3515 2356 3581 la
2388 3515 2589 3597 Oeue,

634 3603 702 3669 n'
706 3626 752 3688 y
796 3609 1033 3686 soyent
1075 3601 1490 3683 accomplies:
1537 3609 1606 3666 et
1649 3623 1775 3685 que
1819 3623 1893 3667 ce
1928 3600 2086 3685 (1611
2127 3624 2173 3686 y
2208 3603 2439 3686 figure,
2476 3606 2540 3666 n’
2546 3625 2593 3687 y

636 3690 766 3755 soit
808 3688 1053 3754 verifie.
1143 3687 1355 3764 Ainsi,
1402 3685 1587 3752 selon
1630 3710 1717 3771 qu
1721 3687 1791 3751 ’11
1833 3688 1896 3752 16
1955 3696 2213 3770 promet
2256 3696 2328 3753 et
2367 3709 2593 3772 repre-

635 3782 854 3853 sente,
899 3776 960 3840 ie
1005 3796 1088 3839 ne
1133 3773 1371 3839 doubte
1425 3795 1544 3856 pas
1590 3795 1678 3856 qu
1679 3773 1747 3837 11
1790 3795 1875 3838 ne
1921 3795 2087 3839 nous
2140 3775 2281 3839 face
2325 3775 2591 3873 partici-

635 3883 803 3946 pans
848 3860 929 3926 (16
973 3882 1047 3926 66
1098 3861 1338 3961 propre
1381 3860 1763 3936 substance,
1808 3881 1976 3943 pour
2018 3882 2186 3926 nous
2232 3861 2391 3925 unir
2433 3880 2592 3928 aveo

634 3969 755 4032 soy
799 3968 884 4013 en
926 3968 1060 4012 une
1103 3948 1225 4013 vie.

1441 4067 1508 4101 m
1543 4066 1800 4102 mm

808 4118 983 4183 Mais
1027 4123 1359 4184 comment
1399 4117 1538 4182 cela
1579 4139 1649 4182 se
1685 4116 1927 4201 peut-il
1967 4117 2150 4196 faire,
2195 4139 2324 4184 veu
2358 4139 2483 4201 que
2526 4118 2590 4183 16

634 4225 825 4288 corps
870 4202 950 4269 de
993 4203 1181 4268 Iesus
1225 4202 1455 4268 Christ
1497 4211 1598 4268 est
1639 4223 1723 4268 au
1769 4202 1919 4283 ciel,
1977 4211 2045 4268 et
2086 4224 2254 4269 nous
2307 4225 2590 4270 sommes

633 4311 720 4358 66
762 4311 837 4357 66
881 4290 1259 4373 pelerinage
1303 4289 1593 4353 terrica?

1480 4391 1529 4446 10⁷
1531 4411 1750 4447 mm·

807 4459 883 4527 O’
888 4423 993 4528 est
1055 4481 1176 4545 par
1239 4461 1306 4526 16
1369 4472 1563 4527 vertu
1627 4459 2268 4545 incomprehensible
2332 4460 2414 4527 de
2469 4482 2591 4526 666

632 4550 775 4631 Esp
777 4548 894 4627 rit,
953 4546 1235 4631 laquelle
1290 4548 1616 4614 oonioinct
1671 4547 1826 4614 bien
1876 4548 1973 4614 les
2017 4548 2248 4615 choses
2287 4557 2591 4632 separees

630 4656 754 4719 par
793 4633 1085 4700 distance
1129 4633 1211 4699 de
1250 4633 1401 4700 lieu.

1446 4755 1513 4790 u
1544 4755 1806 4792 wsm-

807 4807 911 4871 Tu
953 4809 1256 4871 n'entens
1311 4827 1433 4890 pas
1479 4805 1645 4871 donc
1692 4827 1816 4889 que
1861 4805 1923 4870 16
1966 4825 2156 4889 corps
2200 4806 2328 4872 soit
2371 4806 2591 4873 666166

634 4891 882 4958 (16(1666
924 4891 989 4956 16
1030 4892 1206 4975 pain,
1248 4912 1332 4958 ne
1376 4892 1439 4958 16
1482 4913 1649 4977 sang
1691 4890 1938 4959 dedans
1979 4891 2044 4957 le
2087 4891 2331 4959 calice?

871 5051 1166 5058 fl-*—--
1175 5053 1188 5058 -

945 5149 1004 5217 1)
1041 5149 1122 5206 Le
1156 5147 1241 5203 53.
1278 5150 1573 5206 dimanche.

632 5221 789 5278 Iesus
837 5220 1018 5276 Christ
1061 5235 1129 5274 66
1177 5219 1231 5272 16
1276 5220 1447 5286 (3666,
1494 5229 1550 5275 et
1585 5227 1867 5275 comment.
1915 5248 1982 5258 —

635 5298 1004 5427 mmonb)
1043 5357 1402 5428 Antiquior-es
1435 5356 1569 5412 labra·
1595 5358 1711 5424 fere
1745 5373 1930 5412 emm
1963 5358 2187 5412 habent.-
2222 5357 2641 5427 peregrinamur.

1952 420 2077 486 LE
2122 416 2725 487 OATEOHISME
2771 417 2900 484 DE
2946 417 3350 487 GENEVE.

1621 5177 1686 5189 -
1732 5151 1944 5206 Double
1981 5167 2008 5204 6
2102 5163 2134 5204 6
2168 5164 2312 5243 pour
2344 5155 2531 5204 nostre
2564 5148 2836 5205 infirmite-
2881 5179 2948 5190 -—
2998 5151 3082 5206 La
3115 5151 3289 5206 verite
3324 5159 3411 5207 est
3445 5166 3579 5205 avec
3616 5151 3672 5204 la
3705 5149 3895 5219 figure.

2010 5166 2146 5285 ι51116
2184 5216 2319 5274 c'est
2353 5217 2482 5288 qu’il
2516 5218 2638 5273 faut
2672 5219 2808 5274 faire
2844 5235 2984 5288 pour
3018 5221 3172 5276 avoir
3206 5221 3262 5275 la
3304 5221 3476 5276 verite
3522 5220 3595 5275 (16
3640 5219 3972 5275 sacrement.
4018 5249 4088 5259 -
4133 5220 4304 5275 Artes
4346 5220 4414 5275 (16
4460 5220 4527 5275 la
4575 5236 4670 5277 re-

4542 421 4653 483 128

3605 626 3757 663 Pum-

2877 674 3199 743 Omnino.
3246 684 3409 744 tunc
3450 678 3628 742 enim
3672 677 3942 743 unicum
4000 683 4513 760 perpetuumque
4554 695 4654 741 sa-

2703 763 3051 842 crificium,
3097 762 3271 846 quod
3323 765 3397 828 in
3450 763 3729 828 salutem
3769 772 4063 828 nostram
4107 763 4465 842 sufficeret,
4510 782 4655 863 per-

2703 859 2923 915 actum
2968 814 3084 915 es’t.
3173 848 3466 915 Proinde
3519 848 3686 915 nihil
3755 856 3966 915 restat
4023 848 4337 932 amplius,
4410 848 4542 913 nisi
4583 855 4655 914 ut

2703 936 2848 1018 ipso
2889 935 3203 1001 fruamur.

3551 1056 3810 1111 nauem»

2876 1106 3057 1190 Ergo
3111 1128 3245 1172 non
3301 1107 3372 1172 in
3428 1106 3605 1173 hunc
3658 1108 3859 1171 finem
3909 1106 4219 1173 instituta
4270 1115 4374 1171 est
4429 1126 4649 1187 coena,

2701 1200 2778 1256 ut
2816 1192 2962 1258 Deo
3006 1193 3125 1258 filii
3170 1194 3274 1259 sui
3317 1214 3553 1276 corpus
3596 1193 3928 1258 offeratur.

3604 1314 3758 1350 PUER-

2871 1364 3168 1430 Minime.
3257 1363 3460 1431 Solus
3516 1366 3693 1429 enim
3732 1365 3906 1448 ipse,
3964 1384 4169 1446 quum
4222 1370 4530 1431 aeternus
4573 1365 4658 1430 sit

2700 1450 3033 1529 sacerdos,
3104 1451 3277 1515 hanc
3348 1451 3876 1534 praerogativam
3941 1449 4159 1515 habet.
4248 1455 4471 1535 Atque
4534 1451 4656 1518 1166

2700 1545 2940 1602 sonant
2991 1538 3133 1601 eius
3187 1535 3419 1615 verba,
3474 1557 3681 1620 quum
3725 1537 3847 1601 ait:
3904 1536 4206 1620 Accipite
4254 1544 4322 1601 et
4375 1536 4656 1602 mandu-

2700 1632 2859 1688 cate.
2951 1623 3183 1706 Neque
3241 1624 3416 1687 enim
3460 1632 3536 1687 ut
3578 1623 3933 1688 offeramus
3977 1644 4211 1723 corpus
4254 1644 4482 1704 suum,
4542 1621 4658 1690 sed

2699 1716 2975 1787 tantum,
3021 1722 3097 1774 ut
3138 1728 3215 1774 eo
3256 1730 3619 1786 vescamur,
3662 1709 3797 1775 11116
3843 1710 4179 1793 praecipit.

3550 1830 3810 1865 amnem.

2872 1881 3011 1945 Gur
3057 1878 3311 1944 duobus
3350 1881 3600 1944 utimur
3643 1878 3893 1964 signis?

3602 2003 3754 2037 Pul-:R-

2872 2050 2958 2115 In
2998 2071 3074 2117 66
3118 2049 3446 2117 Dominus
3487 2053 3861 2117 infirmitati
3905 2060 4165 2118 nostrae
4211 2056 4327 2131 [fol.
4357 2056 4464 2132 79]
4503 2074 4657 2119 con-

2701 2136 2933 2216 suluit,
2991 2158 3118 2220 (166
3174 2159 3293 2203 666
3348 2139 3735 2203 familiarius
3780 2137 4069 2217 doceret,
4126 2160 4196 2203 se
4248 2160 4384 2203 non
4437 2138 4657 2205 cibum

2702 2222 2894 2288 modo
2952 2224 3191 2289 animis
3244 2226 3519 2303 nostris,
3580 2224 3692 2289 sed
3750 2233 3982 2309 potum
4033 2244 4288 2307 quoque
4342 2246 4513 2303 esse,
4573 2246 4657 2291 ne

2701 2308 2854 2374 alibi
2899 2331 3095 2392 quam
3139 2311 3209 2375 in
3253 2332 3328 2375 eo
3359 2310 3495 2376 solo
3540 2309 3746 2375 ullam
3792 2312 4148 2394 spiritualis
4181 2311 4355 2376 vitae
4396 2318 4659 2395 partem

2700 2416 3109 2478 quaeramus.

3550 2518 3807 2553 mulsum.

2875 2571 2983 2632 An
3045 2576 3322 2649 utroque
3377 2568 3476 2633 uti
3554 2589 3877 2651 peraeque
3932 2589 4160 2634 616666
4228 2568 4473 2652 absque
4544 2590 4662 2634 ex-

2699 2654 3001 2736 ceptione
3045 2652 3323 2719 debent?

3612 2774 3765 2811 PUER-

2871 2825 2980 2889 Ita
3022 2826 3150 2891 fert
3194 2824 3447 2891 Christi
3501 2824 3917 2890 mandatum:
3976 2825 4083 2890 cui
4123 2825 4261 2890 ullo
4304 2825 4497 2891 modo
4546 2826 4660 2892 de-

2700 2933 2953 2995 rogare,
2990 2911 3234 2994 aliquid
3278 2918 3507 2976 contra
3550 2910 3887 2991 tentandO,
3934 2932 4269 2976 summum
4302 2919 4409 2977 est
4447 2913 4661 2979 nefas.

3546 3034 3804 3067 mulsum.

2873 3082 3185 3151 Solamne
3228 3105 3474 3161 eorum,
3521 3104 3687 3185 (1666
3720 3082 3967 3163 dixisti,
4012 3081 4477 3150 beneficiorum
4526 3085 4664 3171 sig-

2699 3170 3144 3236 nificationem
3187 3170 3564 3237 habemus
3546 3193 3619 3235 16
3662 3192 3883 3251 66666,
3929 3190 4014 3235 66
4056 3170 4192 3238 illio
4232 3193 4309 3237 re
4351 3171 4497 3254 ipsa
4542 3192 4663 3237 no-

2703 3257 2797 3323 bis
2842 3249 3280 3323 exhibentur?

3606 3378 3758 3413 enta.

2872 3428 3098 3511 Quum
3140 3429 3469 3494 Dominus
3523 3436 3748 3494 noster
3792 3426 4099 3494 Christus
4132 3429 4294 3530 ‚ipsa
4350 3429 4439 3494 sit
4480 3431 4665 3497 veri-

2696 3524 2832 3595 tas,
2889 3516 3160 3580 minime
3217 3515 3493 3580 dubium
3537 3524 3666 3593 est,
3723 3514 3883 3598 quin
3939 3515 4434 3599 promissiones,
4495 3538 4665 3600 quas

2697 3602 2814 3668 dat
2855 3601 2991 3668 11116
3014 3602 3220 3680 nobis,
3268 3601 3464 3666 simul
3511 3601 3713 3666 etiam
3749 3600 4050 3684 impleat,
4097 3611 4164 3666 et
4194 3602 4425 3685 figuris
4468 3623 4667 3668 suam

2695 3687 2895 3754 addat
2935 3690 3301 3753 veritatem.
3372 3686 3816 3786 Quamobrem
3851 3709 3985 3753 non
4031 3687 4274 3767 dubito,
4320 3689 4482 3771 quin
4530 3690 4662 3755 sio-

2695 3776 2795 3840 uti
2850 3774 3068 3840 verbis
3122 3794 3198 3840 ao
3254 3774 3462 3873 signis
3526 3782 3838 3852 testatur,
3910 3774 4004 3838 ita
4070 3776 4270 3839 etiam
4326 3794 4486 3839 suae
4535 3795 4662 3840 nos

2696 3861 3103 3927 substantiae
3160 3861 3511 3944 participes
3568 3860 3797 3938 faciat,
3857 3880 3983 3942 quo
4017 3861 4090 3924 16
4133 3881 4334 3925 66616
4378 3881 4536 3926 oum
4582 3881 4662 3927 eo

2694 3950 2902 4014 vitam
2941 3946 3396 4014 coalescamus.

2867 4119 3142 4197 Verum,
3189 4118 3301 4201 qui
3345 4118 3469 4185 hoc
3503 4069 3934 4204 finglflmffiaet'
3980 4139 4185 4201 quum
4226 4118 4298 4183 16
4340 4119 4526 4185 66616
4574 4119 4667 4185 sit

2695 4205 2968 4353 Christi?
2992 4223 3258 4374 girpus:
3312 4226 3432 4270 nos
3486 4214 3707 4270 autem
3749 4205 3823 4270 16
3858 4212 4038 4270 terra
4097 4203 4313 4271 adhuc
4354 4207 4665 4291 peregri-

2691 4312 2928 4358 nemur

2868 4462 3014 4529 Hoc
3054 4463 3334 4529 mirifica
3379 4412 3748 4546 61666ἔέζῖ
3806 4463 4074 4546 spiritus
4118 4464 4219 4529 sui
4261 4461 4517 4529 virtute
4564 4463 4666 4529 ef-

2697 4550 2860 4615 ficit:
2905 4549 3008 4614 cui
3054 4550 3319 4616 difficile
3364 4570 3498 4614 non
3542 4560 3645 4614 est
3688 4550 3955 4630 sociare,
4001 4570 4169 4634 quae
4210 4549 4508 4615 locorum
4554 4550 4667 4615 in-

2697 4634 2976 4702 tervallo
3021 4635 3264 4720 alioqui
3307 4647 3463 4701 sunt
3506 4634 3851 4702 disiuncta.

3540 4757 3798 4792 nummu.

2866 4807 3049 4891 Ergo
3104 4827 3227 4908 666
3292 4826 3530 4891 corpus
3581 4809 3650 4873 in
3703 4828 3875 4891 pane
3931 4806 4258 4876 inclusum
4301 4828 4475 4888 esse,
4532 4828 4668 4874 666

2697 4893 3092 4978 sanguinem
3134 4894 3208 4959 16
3251 4893 3452 4960 661166
3491 4891 3917 4979 imaginaris?

4060 5149 4176 5218 Que
4210 5165 4349 5207 6666
4383 5166 4671 5208 recevons

2714 5356 2938 5412 Primus
2969 5358 3278 5414 emendavit
3314 5358 3613 5414 (fallacius.
