4999 6179
564 379 601 440 7
608 381 646 440 5
1871 369 1996 434 LE
2040 364 2643 437 OATEOHISME
2689 366 2818 433 DE
2867 366 3271 434 GENEVE.
4497 370 4578 432 76

735 649 967 715 Recite
1011 645 1179 712 donc
1222 595 1763 729 qu’isnvgldtmdkipre
1805 666 1889 710 en
1932 664 2197 710 somme.
2767 624 2978 727 =Ergo
3022 641 3180 726 qnid
3222 643 3291 707 in
3336 592 3813 723 gumffissg‘flg
3861 664 4130 727 expone.

1410 748 1673 802 L'nnffut'r.
3527 764 3679 799 PUER-

734 819 799 885 Il
852 839 1021 885 nous
1077 818 1384 905 66861666
1430 817 1510 882 (16
1552 821 1792 882 n’estre
1845 837 1963 899 pas
2008 814 2260 881 enclins
2305 821 2347 879 a
2387 811 2523 878 mal

562 909 755 993 inger
794 925 881 973 ne
925 903 1283 970 detractor:
1329 905 1495 969 mais
1539 902 1822 987 plustost
1865 909 1907 967 a
1942 902 2093 967 bien
2136 900 2404 966 estimer
2439 897 2521 963 de

563 1015 685 1060 noz
727 991 1111 1075 prochains,
1157 998 1303 1055 tant
1345 1011 1471 1074 que
1514 990 1580 1053 la
1622 990 1832 1055 verite
1871 987 1938 1052 16
1978 992 2193 1069 96116,
2255 992 2322 1050 61
2363 1006 2521 1052 666-

564 1100 793 1145 server
831 1078 977 1145 leur
1019 1075 1236 1142 bonne
1279 1082 1653 1142 1666611666
1698 1095 1784 1139 66
1823 1094 1947 1139 noz
1994 1072 2291 1157 parolles.

1322 1369 1387 1403 nn
1422 1367 1683 1402 1111118166.
1706 1348 1747 1413 ι)

735 1421 1007 1485 Venons
1054 1441 1137 1485 au
1182 1417 1445 1484 dernier
1489 1415 2072 1482 commendement.

1402 1519 1673 1573 n'nnrm.

733 1592 838 1657 'Pu
881 1610 966 1655 ne
1006 1589 1416 1656 convoiteras
1459 1589 1645 1672 point
1686 1588 1755 1653 la
1796 1589 2047 1653 maison
2091 1586 2172 1651 de
2216 1598 2331 1652 ton
2366 1606 2518 1668 pro-

563 1678 784 1744 chain:
851 1684 926 1742 tu
987 1697 1073 1741 ne
1138 1675 1545 1742 convoiteras
1613 1675 1798 1758 point
1854 1674 1919 1738 la
1974 1675 2211 1738 femme
2268 1670 2349 1736 de
2401 1680 2519 1736 ton

561 1763 907 1850 prochain:
956 1783 1038 1828 ne
1082 1782 1203 1829 son
1244 1760 1589 1839 serviteur,
1633 1782 1718 1826 ne
1761 1782 1835 1826 sa
1877 1757 2309 1836 chambriere‚
2329 1757 2389 1841 ²)
2433 1776 2519 1821 ne

564 1871 684 1916 son
719 1850 917 1928 boeuf,
963 1868 1049 1913 ne
1085 1869 1204 1914 866
1239 1868 1418 1926 6866,
1465 1868 1551 1911 66
1585 1846 1728 1911 1166
1763 1847 1877 1930 661
1910 1845 2031 1930 luy
2066 1843 2515 1928 appartienne.

1354 1968 1422 2003 m
1457 1968 1717 2002 mmmm.

739 2020 889 2086 Veu
944 2039 1072 2102 que
1122 2028 1307 2084 toute
1357 2018 1425 2083 la
1466 2018 1617 2102 Loy
1659 2028 1762 2083 681
1815 2017 2207 2101 89111166116,
2265 2036 2519 2082 6616166

564 2114 642 2173 16
695 2128 768 2172 68
829 2104 987 2171 (1161;
1054 2114 1121 2170 61
1173 2126 1300 2189 666
1364 2104 1460 2169 168
1526 2111 1749 2169 autres
1802 2101 2378 2169 commendemens
2432 2122 2546 2191 66ς

565 2194 716 2259 8661
766 2211 885 2275 968
940 2190 1306 2256 seulement
1358 2211 1523 2272 pour
1577 2189 1818 2274 1616161
1873 2190 1970 2255 168
2019 2208 2281 2255 oeuvres
2338 2195 2542 2253 exte-’‘

563 2280 848 2358 rieures,
893 2277 1061 2342 mais
1107 2278 1282 2343 aussi
1324 2276 1423 2341 les
1467 2275 1806 2342 affections
1852 2273 1941 2341 du
1986 2294 2215 2354 cueur,
2277 2279 2517 2357 qu'est-

563 2386 638 2432 ce
683 2365 797 2449 6111
838 2371 940 2430 681
979 2363 1086 2448 icy
1131 2361 1263 2429 dict
1306 2360 1719 2445 davantage?

1410 2464 1677 2518 n'ssxrm'r.

737 2535 840 2600 Le
883 2532 1215 2618 Seigneur
1259 2555 1299 2599 a
1332 2533 1538 2599 voulu
1586 2554 1709 2616 par
1750 2532 1847 2598 les
1897 2538 2119 2598 autres
2164 2530 2521 2598 Comman-

567 2620 839 2687 demens
901 2640 1143 2704 renger
1198 2638 1322 2683 666
1388 2619 1728 2685 affectione
1792 2624 1861 2683 et
1912 2618 2247 2685 voluntez:
2313 2619 2420 2703 icy
2472 2616 2524 2681 il

566 2717 727 2775 vent
782 2706 961 2771 aussi
1015 2704 1303 2788 imposer
1356 2705 1468 2790 loy
1526 2713 1567 2770 6
1622 2726 1741 2770 noz
1807 2713 2079 2788 pensees
2097 2756 2112 2782 ,
2176 2703 2522 2787 lesquelles

568 2799 942 2876 emportent
982 2791 1260 2874 quelque
1302 2791 1662 2857 convoitise
1707 2799 1774 2857 et
1814 2790 2015 2868 (16811,
2070 2800 2137 2855 61
2178 2790 2524 2855 tontesfois

569 2899 653 2944 ne
694 2877 1017 2943 viennent
1056 2898 1176 2959 pas
1215 2877 1482 2960 iusques
1527 2883 1567 2941 6
1611 2899 1705 2942 66
1749 2876 2004 2942 vouloir
2047 2884 2314 2942 arreste.

1006 3000 1011 3009 “
1368 2999 1436 3033 LE
1470 2998 1725 3034 mmm.

739 3050 1041 3115 Entens-
1055 3056 1132 3113 tn
1177 3068 1304 3133 que
1347 3048 1414 3114 16
1455 3048 1752 3114 moindre
1800 3048 2119 3114 tentation
2169 3048 2282 3130 qui
2326 3066 2525 3131 pour-

568 3136 701 3203 roit
742 3136 933 3202 venir
976 3155 1062 3200 en
1111 3144 1352 3218 966866
1398 3143 1439 3200 6
1491 3135 1800 3201 1’11661166
1856 3134 2048 3201 fidele
2106 3135 2235 3201 soit
2289 3133 2522 3217 peche:

569 3243 804 3289 encore
845 3221 1005 3305 qn’il
1048 3243 1094 3305 y
1133 3221 1382 3300 resiste,
1428 3230 1496 3287 et
1540 3225 1652 3307 n'y
1696 3231 2005 3288 censente
2049 3219 2458 3286 nnUement?

1412 3321 1680 3378 L'nnmier.

740 3391 801 3457 l]
867 3402 970 3457 est
1029 3394 1281 3459 certain
1344 3413 1472 3477 que
1537 3401 1752 3459 166168
1814 3401 2089 3476 9668668
2151 3391 2526 3457 6166161868

568 3478 924 3564 procedent
992 3478 1072 3545 de
1134 3479 1499 3546 l’infirmite
1565 3478 1647 3545 de
1712 3486 1939 3546 nostre
2005 3478 2215 3545 chair:
2260 3549 2275 3564 ἱ
2291 3497 2527 3543 encore

568 3587 695 3649 qne
735 3565 797 3630 le
841 3573 1338 3631 consentement
1380 3567 1496 3650 n’y
1544 3567 1672 3631 soit
1714 3586 1852 3649 968.
1942 3565 2118 3630 Mais
2159 3563 2222 3628 ie
2266 3562 2357 3663 dy
2401 3583 2529 3647 qne

570 3671 643 3716 ce
678 3649 1250 3717 commendement
1280 3651 1465 3737 96116
1501 3650 1615 3717 (168
1650 3651 2189 3734 66666918666668
2222 3670 2336 3732 661
2371 3649 2529 3714 6116-

568 3737 877 3803 touillent
919 3749 988 3801 et
1030 3739 1345 3822 poignent
1384 3738 1448 3802 le
1492 3758 1693 3804 cnenr
1729 3737 1809 3801 de
1846 3736 2175 3814 l’homme‚
2221 3756 2375 3801 sans
2418 3756 2530 3800 ve-

569 3826 676 3889 nir
717 3825 955 3907 iusque
1000 3830 1043 3889 a
1086 3844 1324 3908 propos
1368 3822 1671 3889 delibere.

1372 3945 1437 3979 LE
1472 3945 1729 3979 mmmm-3.

742 3996 846 4060 Tu
902 3993 1002 4060 dis
1059 3994 1254 4075 donc,
1311 4017 1437 4080 qne
1490 4016 1741 4060 comme
1794 3995 1891 4060 les
1948 3993 2285 4059 affectione
2343 4013 2530 4056 man-

570 4083 812 4160 vaises‚
882 4082 996 4164 qni
1064 4090 1437 4164 emportent
1494 4081 1764 4148 volunte
1814 4080 2102 4145 certaine
2155 4085 2222 4144 et
2277 4098 2530 4143 comme

571 4167 848 4246 resolue‚
902 4176 1021 4232 661
1063 4176 1203 4232 6816
1246 4190 1329 4252 cy
1375 4168 1602 4246 dessus
1660 4166 2125 4232 condamnees:
2180 4165 2357 4230 66881
2401 4185 2530 4248 666

572 4254 988 4318 16616166661
1028 4253 1091 4318 16
1132 4251 1461 4339 86166661
1493 4254 1785 4337 16661611
1828 4273 1958 4318 666
2003 4251 2154 4317 16116
2195 4250 2527 4335 1111661116,

554 4344 689 4428 ·[fol.
731 4342 839 4417 38]
890 4338 1045 4422 qn'il
1101 4343 1358 4406 n’entre
1415 4363 1498 4406 en
1554 4361 1675 4405 666
1733 4359 1968 4406 666618
2013 4338 2290 4422 quelque
2340 4359 2528 4402 man-

572 4426 757 4490 vaise
792 4424 1100 4509 cupidite‚
1144 4447 1311 4509 pour
1342 4425 1440 4491 les
1473 4426 1759 4492 soliciter
1793 4434 1860 4491 et
1894 4424 2262 4491 esmonvoir
2298 4431 2339 4488 6
2372 4423 2526 4488 mal.

1414 4528 1677 4582 L'Enrau‘r.

748 4596 927 4664 O’est
968 4597 1127 4664 ccla.

1378 4718 1443 4752 LE
1479 4719 1737 4754 umam

748 4769 850 4834 Ne
894 4791 1188 4852 pouvons
1228 4790 1393 4834 nous
1427 4790 1545 4852 968
1579 4769 1997 4834 16616166661
2029 4769 2190 4834 faire
2224 4790 2317 4833 nn
2355 4789 2528 4834 8661-

574 4854 783 4920 166116
828 4854 908 4920 (16
952 4864 1133 4920 16616
1175 4856 1241 4920 16
1280 4854 1470 4939 Loy?

2796 814 2862 879 N
2865 835 2900 879 6
2943 813 3026 879 ad
3071 813 3243 878 male
3286 813 3706 879 sentiendum
3750 813 3831 880 de
3872 814 4219 898 proximis,
4280 834 4453 881 neve
4497 813 4583 881 ad

2626 920 2735 965 eos
2779 899 3194 966 infamandos
3240 900 3548 984 propensi
3590 901 3798 966 simus
3811 951 3826 979 ,
3872 908 4082 967 vetat:
4140 902 4300 985 quin
4344 901 4580 984 potins,

2626 986 2752 1051 hac
2792 1005 2912 1051 nos
2968 986 3299 1076 aequitate
3351 993 3418 1050 et
3461 987 3876 1053 humanitate
3919 984 4247 1070 praeditos
4292 1008 4436 1055 6886
4479 987 4583 1052 in·

2625 1071 2763 1150 bet,
2809 1081 2885 1137 ut
2929 1070 3009 1136 de
3051 1071 3182 1137 illis
3198 1123 3213 1151 ,
3259 1082 3583 1155 quantum
3626 1072 3869 1138 veritas
3912 1077 4179 1157 patitur,
4226 1073 4391 1140 bene
4434 1094 4582 1138 866-

2625 1157 2886 1237 tiamus,
2934 1178 3250 1243 suamque
3296 1159 3391 1223 618
3426 1158 3978 1223 existimationem
4025 1159 4360 1244 integram
4407 1159 4582 1225 tueri

2624 1242 3022 1309 studeamus.

3471 1365 3731 1401 ΠΙἨῙΒΤΕΒ.

2793 1415 3028 1480 Recita
3074 1416 3394 1482 ultimum.

3526 1538 3679 1573 PUER-

2795 1586 2947 1651 Non
2989 1587 3409 1670 concupisces
3452 1586 3720 1653 domum
3755 1588 4039 1672 proximi
4082 1589 4210 1654 tni:
4256 1609 4390 1653 non
4428 1610 4579 1655 con-

2623 1672 2914 1754 cupisces
2958 1693 3230 1739 uxorem
3274 1675 3557 1757 proximi
3601 1674 3729 1738 tui:
3774 1694 3910 1739 non
3954 1695 4237 1754 servum,
4283 1695 4420 1740 non
4463 1695 4579 1740 an-

2624 1758 2861 1838 cillam,
2900 1780 3032 1823 non
3066 1758 3317 1839 bovem,
3366 1779 3500 1825 non
3536 1760 3816 1840 asinum,
3853 1781 3974 1826 nec
4008 1759 4368 1844 quidquam
4402 1760 4582 1827 alind

2625 1843 2802 1927 quod
2845 1844 3055 1928 ipsius
3099 1845 3206 1911 sit.

3470 1967 3728 2003 mlflTER·

2799 2013 3026 2097 Quum
3069 2016 3433 2098 spiritualis
3480 2017 3569 2083 sit
3611 2026 3752 2082 tota
3793 2018 3922 2098 lex,
3970 2019 4140 2083 sicut
4183 2019 4381 2083 etiam
4428 2025 4583 2084 ante

2624 2102 2819 2166 toties
2865 2101 3114 2167 dixisti:
3162 2123 3283 2169 nec
3318 2108 3582 2167 tantum
3619 2102 3998 2170 coercendis
4032 2105 4325 2170 externis
4368 2105 4581 2188 operi-

2623 2188 2772 2267 bus,
2829 2187 2944 2253 sed
2998 2188 3399 2273 corrigendis
3459 2190 3660 2254 etiam
3718 2190 3926 2255 animi
3978 2189 4318 2256 affectibus
4370 2190 4582 2274 posita

2623 2275 2757 2340 sint
2798 2274 3136 2358 superiora
3176 2284 3546 2359 praecepta,
3588 2273 3745 2359 quid
3788 2275 3896 2342 1116
3941 2275 4223 2359 61691168
4245 2274 4577 2342 additur?

3523 2481 3678 2518 PUER-

2794 2531 3097 2616 Reliquis
3162 2532 3525 2616 praeceptis
3607 2533 3977 2599 voluntates
4046 2539 4241 2617 atque
4309 2534 4582 2599 affectus

2622 2638 2852 2702 regere
2890 2625 2956 2682 et
2995 2617 3326 2684 moderari
3367 2619 3579 2684 voluit
3621 2618 3977 2684 Dominus:
4024 2617 4133 2685 hic
4178 2640 4335 2685 vero
4380 2619 4582 2686 etiam

2628 2704 3161 2788 cogitationibuS,
3221 2725 3386 2786 quae
3440 2704 3823 2769 nonnullam
3869 2703 4296 2787 cupiditatem
4362 2726 4583 2772 secum

2628 2791 2933 2868 trahunt,
2991 2812 3200 2872 neque
3247 2800 3468 2856 tamen
3511 2791 3912 2873 perveniunt
3967 2790 4050 2855 ad
4094 2800 4335 2856 statam
4377 2811 4582 2875 usqne

2636 2875 3190 2955 deliberationem,
3238 2876 3452 2960 166616
3494 2877 3790 2960 imponit.
4169 2888 4185 2893 “

3476 2998 3733 3034 mumma.

2800 3046 3073 3115 Dicisne
3108 3048 3414 3115 minimas
3449 3069 3739 3133 quasque
3773 3047 4180 3134 cupiditates,
4220 3071 4388 3135 quae
4423 3049 4582 3116 fide-

2626 3135 2799 3201 libus
2834 3136 3172 3218 obrepant,
3219 3144 3288 3201 et
3328 3136 3485 3219 ipsis
3530 3137 3806 3202 veniant
3848 3137 3917 3201 in
3961 3144 4270 3216 mentem,
4317 3143 4583 3220 peccata

2630 3242 2790 3301 6886,
2838 3222 3037 3287 611661
3081 3222 3139 3287 81
3181 3222 3493 3287 resistant
3534 3223 3754 3304 potius
3798 3244 3998 3306 quam
4042 3222 4526 3289 assentiantur?

3529 3343 3683 3379 PUER-

2802 3393 3083 3459 Gonstat
3104 3401 3298 3473 certe,
3323 3415 3562 3477 pravas
3607 3414 3838 3460 omnes
3882 3395 4327 3479 cogitationes,
4379 3395 4586 3460 etiam

2632 3479 2689 3545 si
2731 3499 2866 3545 non
2911 3479 3178 3547 accedat
3220 3480 3609 3559 consensus}
3669 3500 3753 3545 ex
3796 3487 4074 3547 naturae
4118 3490 4380 3547 nostrae
4424 3480 4585 3548 vitio

2627 3564 2910 3648 prodire.
2999 3566 3256 3630 Verum
3327 3565 3451 3631 hoc
3507 3571 3766 3632 tantum
3834 3566 3977 3632 dico
3993 3618 4008 3646 ,
4091 3567 4392 3632 damnari
4461 3566 4586 3631 hoc

2634 3659 2981 3736 praecepto
3025 3652 3294 3717 vitiosas
3338 3650 3732 3734 cupiditates
3749 3705 3764 3731 ,
3811 3674 3977 3736 quae
4020 3653 4115 3718 ita
4155 3674 4268 3719 cor
4301 3652 4587 3718 hominis

2631 3742 2748 3816 [fol.
2798 3741 2904 3816 47]
2961 3737 3235 3803 titillant
3285 3758 3360 3804 ac
3410 3737 3761 3804 sollicitant
3777 3790 3791 3817 ‚
3849 3745 3926 3803 ut
3980 3746 4204 3805 tamen
4261 3759 4395 3804 non
4436 3759 4585 3825 per-

2633 3823 2904 3888 trahant
2946 3822 3029 3888 ad
3063 3825 3326 3889 firmam
3373 3822 3929 3909 deliberatamque
3972 3825 4398 3890 voluntatem.

3478 3945 3734 3980 nmmum.

2804 3995 3147 4061 Hactenus
3200 4017 3355 4080 ergo
3410 3996 3616 4062 malos
3672 3996 3935 4079 quidem
3992 3996 4294 4076 affectus,
4352 3994 4585 4079 quibus

2636 4081 3058 4164 acquiescunt
3099 4080 3428 4160 homines,
3486 4088 3554 4146 61
3608 4082 4006 4166 subigendos
4060 4104 4132 4149 se
4175 4082 4584 4166 permittunt,

2632 4166 2994 4248 prohibitos
3038 4167 3243 4233 fuisse
3287 4168 3629 4252 intelligis:
3682 4190 3859 4234 nunc
3905 4188 4060 4233 vero
4106 4176 4243 4233 tam
4287 4173 4585 4233 exactam

2633 4253 3084 4336 integritatem
3141 4275 3181 4318 a
3224 4254 3410 4320 nobis
3464 4254 3742 4339 requiri,
3787 4262 3862 4318 nt
3913 4254 4166 4320 nullam
4208 4273 4587 4338 perversam

2633 4337 3059 4421 cupiditatem
3106 4339 3301 4405 corda
3356 4347 3582 4406 nostra
3624 4339 4005 4420 admittant,
4058 4362 4188 4425 qna
4230 4338 4316 4406 ad
4357 4359 4585 4423 pecca-

2633 4431 2780 4489 tum
2823 4425 3268 4491 stimulantur.
3286 4429 3343 4511 ⁸)

3536 4548 3688 4583 PUER-

2805 4594 2919 4663 Sic
2962 4608 3077 4664 681.

2801 4770 3076 4835 Licetne
3109 4770 3243 4834 iam
3286 4719 3733 4836 brevemtlbltimii}
3762 4770 3926 4854 legis
3960 4769 4418 4852 compendium
4452 4767 4586 4836 col-

2629 4853 2834 4938 ligere
2848 4854 2879 4918 ²?

888 5165 947 5232 1)
983 5163 1063 5219 Le
1097 5163 1181 5217 31.
1218 5164 1512 5219 dimanche.
1552 5194 1616 5203 —
1654 5164 1732 5219 Le
1771 5163 2025 5218 dixiesme
2064 5163 2540 5218 commendement.
2575 5191 2642 5203 —·
2678 5163 2855 5219 Toute
2892 5166 3157 5220 tentation
3195 5171 3280 5220 est
3301 5167 3435 5220 vice.
3470 5193 3539 5204 —-
3575 5163 3658 5219 La
3694 5179 3895 5219 somme
3933 5163 4000 5218 de
4037 5163 4090 5218 la
4125 5161 4258 5236 Loy.
4297 5190 4364 5202 -—
4398 5161 4588 5219 Aimer

574 5233 714 5289 Dieu
750 5234 817 5288 de
856 5240 977 5288 tout
1012 5249 1110 5288 866
1150 5249 1329 5302 cucur,
1365 5239 1459 5288 etc.
1771 5231 1831 5299 2)
1872 5241 2123 5287 servante
2162 5229 2522 5287 1561-1563.

883 5301 944 5369 3)
982 5302 1339 5372 stimulentur,
1378 5301 1521 5358 Gall.
1559 5301 1711 5358 Bata
1744 5308 1795 5357 et
1826 5316 1963 5357 rece.
