4999 6179
321 452 402 511 69
567 514 575 523 ,
1666 446 2326 517 OATEofflsMUS
2373 434 3018 517 GENEVENSIS.'
4111 426 4120 435 '
4253 456 4336 516 το

316 602 381 704 16
443 636 774 722 Seigneur
838 638 1113 703 retirera
1178 638 1462 721 plustost
1528 636 1608 704 de
1673 658 1747 704 ce
1803 637 2042 704 monde
2107 658 2273 705 ceux
2381 639 2653 722 quisque
2706 641 2918 723 magis
2976 638 3271 724 diligitur
3315 661 3355 704 a
3398 640 3572 719 Dec,
3629 661 3705 707 eo
3749 642 3941 707 citius
3986 641 4339 724 recipiatur

317 723 473 807 qu'il
519 745 789 810 aymera
826 724 889 790 le
928 723 1096 807 plus.

626 864 631 867 Δ
1122 847 1189 880 nn
1224 845 1480 881 inmens.
1537 838 1541 847 '

490 896 598 961 En
642 917 716 963 ce
757 896 1019 974 faisant,
1063 905 1397 961 comment
1440 894 1722 980 garde-il
1766 917 1840 961 sa
1882 893 2255 978 promesse?

496 1157 614 1232 [fol.
654 1159 762 1235 84]
830 1156 1004 1220 'Pout
1068 1176 1140 1219 ce
1167 1104 1569 1237 nqnsslzuabieu
1637 1174 1807 1218 nous
1874 1161 2131 1236 promet
2197 1151 2278 1217 de

319 1238 511 1305 biens
550 1241 862 1318 terrione,
913 1239 963 1305 il
1023 1262 1185 1306 nous
1228 1239 1291 1306 16
1340 1240 1483 1305 faut
1524 1237 1811 1323 prendre
1855 1260 2014 1305 avec
2059 1235 2278 1305 condi-

322 1325 491 1405 tion,
546 1334 783 1391 entant
838 1326 997 1409 qu’il
1056 1336 1157 1392 est
1213 1325 1565 1409 expedient
1618 1345 1785 1409 pour
1836 1333 2059 1391 nostre
2103 1325 2281 1390 salut

320 1411 636 1495 spirituel.
728 1410 861 1479 Gar
909 1432 984 1477 oe
1026 1412 1229 1478 seroit
1284 1431 1488 1496 povre
1547 1410 1769 1490 chose,
1831 1412 1890 1476 si
1931 1411 2073 1477 cela
2113 1410 2279 1476 n’al·

319 1496 440 1564 loit
478 1496 811 1565 tousiours
853 1498 1113 1564 devant.

1131 1619 1199 1655 1212
1233 1619 1492 1654 mIflm.

493 1670 587 1736 Et
642 1669 724 1736 de
777 1691 946 1736 ceux
1000 1670 1111 1753 qui
1167 1678 1397 1735 serent
1463 1668 1742 1736 rebelles
1797 1676 1840 1734 a
1899 1666 2055 1751 pere
2123 1675 2193 1734 et
2243 1673 2287 1734 a

324 1755 547 1823 mere?

1167 1857 1437 1911 n’nnux’r.

402 1994 413 2001 .
494 1929 646 1996 Non
690 1928 1056 1996 seulement
1098 1925 1278 1992 Dieu
1313 1927 1410 1992 les
1500 1927 1697 1992 unira
1740 1946 1825 1991 au
1858 1925 2008 1991 iour
2047 1925 2135 1991 du
2171 1924 2285 1992 Iu-

325 2022 611 2100 gement,
647 2016 815 2081 mais
857 2014 906 2079 il
941 2036 1024 2080 en
1059 2015 1201 2079 fera
1235 2013 1411 2078 aussi
1478 2033 1518 2077 a
1538 2032 1915 2096 vengeance
1958 2034 2073 2077 sur
2106 2011 2284 2078 leurs

328 2123 544 2185 corps:
593 2103 720 2167 soit
762 2122 847 2167 en
890 2100 988 2166 les
1022 2101 1265 2165 faisant
1298 2099 1550 2164 mourir
1588 2097 1834 2164 devant
1867 2098 2045 2164 leurs
2080 2098 2283 2178 ioum,

326 2209 410 2254 ou
452 2187 1135 2273 ignominieusement,
1183 2206 1265 2251 ou
1310 2205 1394 2250 en
1438 2183 1724 2269 quelque
1768 2192 1957 2250 autre
2002 2190 2195 2250 sorte.

1127 2307 1194 2342 LE
1228 2307 1487 2342 mmm·

496 2356 778 2425 Parle-il
831 2377 952 2440 pas
1008 2365 1454 2423 nommement
1519 2354 1600 2421 de
1664 2357 1731 2423 la
1799 2363 1974 2423 terre
2030 2356 2111 2424 de
2155 2356 2285 2424 Ga-

328 2465 522 2524 naan,
566 2466 651 2511 en
696 2448 871 2511 ceste
914 2463 1250 2527 promesse
1264 2442 1296 2506 ’ἲ

1170 2545 1438 2600 n’nnuur.

501 2615 656 2702 Ouy
698 2613 883 2694 bien,
939 2623 1150 2699 quant
1202 2636 1337 2681 aux
1379 2616 1610 2682 enfans
1656 2612 1963 2681 d'Israel:
2022 2616 2191 2681 mais
2235 2615 2286 2680 il

327 2724 497 2769 nous
551 2703 696 2768 faut
746 2703 1157 2767 maintenant
1210 2699 1496 2784 prendre
1552 2721 1626 2768 ce
1683 2709 1826 2767 mot
1880 2701 2029 2784 plus
2085 2723 2286 2786 gene-

329 2789 667 2855 ralement.
760 2786 894 2854 Gar
945 2807 1030 2851 en
1064 2786 1353 2877 ¹quelque
1409 2809 1578 2872 pays
1630 2808 1757 2871 que
1802 2808 1970 2853 nous
2015 2786 2286 2855 demeu-

268 2907 273 2910 ’
328 2875 527 2955 rions,
572 2875 721 2959 puis
763 2893 892 2957 que
934 2873 1001 2938 la
1042 2878 1220 2938 terre
1264 2880 1369 2939 est
1403 2873 1654 2954 sienne,
1697 2873 1746 2938 il
1780 2894 1951 2939 nous
1985 2896 2032 2959 y
2069 2873 2286 2940 donne

325 2968 554 3028 nostre
598 2960 962 3026 habitation
1008 2959 1142 3043 (Ps.
1188 2963 1292 3037 24,
1336 2965 1364 3023 1
1408 2968 1475 3024 et
1509 2964 1613 3040 89,
1653 2964 1689 3024 2
1728 2967 1796 3025 et
1837 2965 1981 3040 115,
2024 2962 2152 3046 16).

1132 3081 1199 3117 LE
1235 3081 1495 3117 “1818OE-

497 3132 794 3201 Est-cela
817 3135 867 3218 ¹)
912 3140 1056 3199 tout
1097 3131 1160 3197 le
1205 3131 1817 3199 commandement?

1173 3235 1438 3290 n'nnun'r.

501 3305 822 3373 Combien
866 3305 1026 3390 qu'il
1067 3326 1153 3370 ne
1197 3305 1324 3370 soit
1365 3303 1548 3387 parle
1591 3324 1717 3387 que
1760 3303 1841 3370 de
1886 3325 2044 3389 pere
2094 3314 2162 3371 et
2207 3305 2288 3372 de

326 3414 534 3459 mere:
592 3392 932 3458 toutesfois
985 3390 1035 3455 il
1087 3390 1231 3456 faut
1289 3389 1608 3455 entendre
1661 3396 1811 3457 tous
1880 3392 2283 3475 superieurs:

327 3480 476 3563 puis
520 3478 675 3562 qu’il
720 3501 766 3563 y
810 3500 850 3544 a
892 3499 1026 3543 une
1068 3497 1317 3542 mesme
1361 3476 1599 3542 raison.

792 3643 793 3646 Ἴ
1127 3597 1194 3632 nn
1228 3598 1484 3633 mms‘mn.

499 3652 592 3716 Et
628 3649 884 3734 quelle?

1180 3750 1443 3804 n'nnunr.

500 3822 681 3888 O'est
733 3843 859 3904 que
902 3820 1080 3886 Dieu
1133 3820 1278 3884 leur
1323 3842 1363 3885 a
1407 3819 1625 3884 donne
1680 3819 1747 3885 la
1803 3821 2282 3902 preeminence.

326 3909 459 3976 Gar
502 3909 551 3973 il
595 3907 704 3994 n'y
751 3928 792 3973 a
845 3906 1178 3972 authorite
1221 3926 1304 3970 ne
1330 3905 1428 3970 -de
1473 3927 1690 3989 peres,
1746 3927 1834 3971 ne
1881 3906 1960 3972 de
2003 3908 2282 3990 princes,

324 4017 409 4061 ne
477 3994 558 4060 de
622 4002 768 4060 tous
832 4001 1054 4058 autres
1112 3992 1518 4074 superieurS,
1579 3991 1769 4059 sinon
1816 4013 2067 4060 comme
2107 3994 2287 4061 Dieu

324 4082 410 4146 l’a
453 4080 749 4147 ordonne
793 4080 1011 4164 (Rom.
1056 4082 1151 4157 13,
1200 4081 1279 4158 l).

1094 4286 1159 4320 nn
1194 4265 1518 4333 um1srnn.²)

496 4338 610 4424 Dy
648 4336 711 4402 le
754 4336 1062 4403 sixiesme
1107 4334 1695 4402 commandement.

1172 4439 1438 4492 L’nxun‘r.

499 4510 603 4574 'I'u
643 4529 728 4573 ne
768 4514 991 4573 tueras
1033 4508 1231 4590 point.

1126 4628 1191 4662 1113
1226 4629 1484 4663 imnum.

495 4680 599 4747 Ne
642 4678 957 4745 defend-il
1003 4680 1191 4744 sinon
1237 4677 1469 4744 d’estre
1512 4676 1903 4745 meurtrier?

498 4850 577 4918 Si
638 4852 794 4916 faict
854 4850 1018 4916 bien.
1110 4801 1259 4914 011111·Β
1262 4800 1457 4932 Πιζιῗῖε
1520 4872 1647 4934 que
1714 4849 1872 4918 c'est
1925 4851 2103 4918 Dieu

2381 744 2466 790 ex
2509 723 2635 790 hac
2676 725 2835 791 vita.

3240 848 3498 884 nmmum.

2556 897 2783 980 Atqui,
2830 897 2925 964 sic
2958 897 3230 983 agendo,
3276 898 3557 982 qualiter
3591 897 4007 983 promissioni
4041 919 4199 964 suae
4235 920 4340 965 sa·

2384 981 2671 1048 tisfaoit‘l

2561 1151 2902 1237 Quidquid
2936 1156 3123 1222 nobis
3167 1106 3574 1222 tenf'eqs'izniium
3610 1157 3933 1222 bonorum
3966 1153 4150 1221 Deus
4193 1176 4344 1238 pro-

2387 1239 2613 1319 mittit,
2661 1240 2782 1306 sub
2826 1241 2952 1308 hac
2995 1239 3365 1308 conditione
3402 1243 3696 1326 accipere
3738 1241 4069 1308 convenit:
4118 1247 4346 1325 quate-

2388 1346 2514 1390 nus
2557 1326 2627 1389 in
2667 1326 2909 1391 bonum
2953 1328 3210 1393 animae
3263 1335 3530 1394 nostrae
3569 1327 3999 1410 ‘salutemque
4056 1325 4342 1411 expedit.

2388 1411 2589 1477 Esset
2646 1413 2825 1477 enim
2878 1411 3037 1479 ordo
3092 1412 3283 1481 valde
3349 1420 3832 1498 praeposterae,
3900 1412 4032 1478 nisi
4087 1432 4348 1497 semper

2391 1497 2811 1567 antecederet
2849 1501 3107 1565 animae
3150 1498 3336 1565 ratio.

2564 1668 2743 1752 Quid
2788 1668 2868 1735 de
2910 1670 2992 1736 iis
3028 1671 3141 1755 qui
3182 1621 3561 1754 psstdtiplius
3595 1671 3843 1737 fuerint
3876 1667 4346 1738 contumaces?

2563 1926 2719 1993 Non
2761 1928 2833 1991 in
2869 1934 3164 1992 extremo
3199 1877 3460 1994 tadffifn
3500 1927 3739 1994 iudicio
3786 1928 4175 2012 punientur:
4241 1925 4357 1993 sed

2393 2013 2501 2079 hic
2545 2033 2804 2098 quoque
2846 2013 2919 2077 in
2963 2034 3193 2079 eorum
3236 2035 3510 2097 corpora
3551 2013 3738 2081 Deus
3782 2002 4176 2092 vindicabit,
4243 2020 4358 2079 aut

2391 2099 2550 2164 hinc
2594 2120 2822 2165 omnes
2866 2097 3154 2165 tollendo
3203 2099 3273 2165 in
3317 2098 3533 2164 medio
3578 2100 3813 2165 aetatis
3857 2102 4052 2179 flore,
4098 2106 4212 2165 aut
4257 2100 4359 2184 ig-

2390 2185 2758 2251 nominioso
2799 2186 3034 2252 mortis
3076 2206 3318 2270 genere
3360 2184 3723 2269 plectendo,
3770 2194 3887 2251 aut
3930 2186 4078 2253 aliis
4123 2184 4356 2252 modis.

2566 2357 2822 2423 Verum
2835 2409 2851 2438 ,
2920 2377 3143 2423 annon
3198 2306 3525 2424 dgmtffessra
3580 2354 3902 2422 Chanaan
3959 2357 4352 2423 nominatim

2390 2443 2734 2527 promissio
2768 2443 3057 2528 loquitur
3070 2443 3102 2507 ⁸?

2567 2612 2681 2683 Sic
2721 2624 2849 2695 est,
2907 2622 3230 2701 quantum
3285 2564 3748 2680 Jffisraelitas
3793 2621 4075 2698 spectat:
4133 2622 4203 2680 at
4235 2635 4354 2680 no-

2391 2701 2492 2768 bis
2512 2701 2637 2768 hoc
2658 2702 2938 2768 verbum
2973 2702 3172 2768 latius
3191 2708 3392 2785 patet,
3432 2722 3508 2766 ac
3528 2698 3797 2766 extendi
3832 2699 4041 2768 debet.
4104 2698 4355 2782 Quam-

2393 2809 2653 2873 cunque
2697 2788 2877 2853 enim
2916 2789 3253 2873 regionem
3286 2786 3670 2867 incolamus,
3719 2807 3928 2870 quum
3961 2786 4238 2852 Domini
4272 2788 4359 2853 sit

2392 2881 2570 2941 totus
2612 2874 2807 2955 orbis,
2854 2895 3001 2941 eam
3045 2872 3234 2941 nobis
3278 2872 3574 2957 assignat
3614 2872 4096 2956 possidendam.

3248 3081 3505 3118 mmm

2566 3136 2684 3212 [fol.
2733 3135 2841 3211 43]
2887 3131 3162 3198 Nihilne
3206 3132 3492 3217 amplius
3535 3140 3741 3198 restat
3786 3130 3868 3196 de
3914 3131 4308 3215 praecepto?

2566 3300 2966 3387 Quanquam
3019 3323 3157 3370 non
3200 3253 3470 3369 nislimde
3523 3310 3713 3387 patre
3766 3309 3835 3368 et
3887 3311 4101 3368 matre
4152 3303 4355 3369 verba

2392 3399 2659 3470 sonant,
2727 3389 3145 3474 intelligendi
3206 3397 3363 3456 sunt
3428 3399 3652 3454 tamen
3710 3410 3941 3454 omnes
3999 3390 4114 3473 qui
4166 3388 4353 3457 nobis

2392 3481 2734 3559 praesunt:
2782 3474 3042 3559 quando
3087 3474 3315 3542 eadem
3358 3476 3650 3560 ipsorum
3692 3481 3794 3541 est
3836 3476 4019 3542 ratio.

2566 3646 2911 3729 Quaenam
2953 3647 3114 3714 illa?
3238 3597 3496 3633 nume-mn.

3304 3770 3454 3805 PUER-

2563 3820 2848 3904 Nempe,
2906 3819 3060 3904 quia
3102 3819 3434 3886 Dominus
3494 3841 3602 3885 eos
3660 3819 3732 3884 in
3786 3820 4187 3902 superiorem
4232 3818 4350 3883 ho-

2390 3907 2573 3973 noris
2617 3905 2897 3991 gradum
2932 3905 3262 3973 extulerit.
3352 3905 3558 3971 Nulla
3602 3905 3780 3971 enim
3817 3913 3918 3970 est
3962 3905 4069 3970 vel
4113 3925 4350 3988 paren-

2388 4000 2562 4071 tum,
2618 3992 2726 4058 vel
2781 3992 3179 4076 principum,
3226 3992 3332 4058 vel
3375 3992 3857 4076 praefectorum
3910 3989 4354 4073 quorumlibet

2392 4079 2742 4157 autoritas,
2800 4077 3058 4143 nullum
3101 4078 3488 4161 imperium,
3533 4076 3757 4142 nullus
3801 4076 4042 4155 honor,
4090 4077 4221 4143 nisi
4267 4098 4351 4143 ex

2392 4165 2522 4232 Dei
2569 4164 2858 4231 decreto:
2905 4164 3057 4247 quia
3089 4163 3412 4228 mundum
3451 4161 3543 4228 sic
3586 4161 3683 4226 illi
3719 4161 3937 4245 placet
3979 4161 4304 4230 ordinare.

3244 4284 3503 4320 ἊΙῊΙΕΤΙΒ.

2565 4336 2801 4403 Recita
2843 4343 3124 4402 sextum.

3293 4456 3444 4491 mma.

2562 4508 2714 4573 Non
2760 4507 3030 4576 occides.

3233 4630 3493 4665 mlSTBB·

2562 4679 2835 4746 Nihilne
2880 4680 3058 4746 aliud
3103 4688 3302 4777 vetat,
3348 4702 3547 4764 quam
3590 4679 3820 4746 caedes
3867 4678 4288 4762 perpetrare?

2558 4851 2705 4917 Imo
2741 4872 2919 4918 vero.
3006 4851 3181 4918 Nam
3225 4802 3442 4937 qdiing
3473 4853 3578 4919 hic
3613 4852 3916 4934 loquatur
3961 4851 4164 4931 Deus,
4209 4873 4344 4918 non

324 4939 540 5024 parle‚
599 4955 735 5003 non
789 4935 1152 5003 seulement
1194 4935 1242 4999 il
1296 4957 1461 5002 nous
1515 4938 1765 5021 impose
1821 4938 1972 5024 Loy
2023 4960 2140 5005 sur
2168 4873 2281 5004 <11(ἒέ
2385 4939 2678 5004 externis
2745 4945 2816 5003 ta
2862 4943 3003 5003 tum
3072 4939 3377 5023 operibus
3441 4939 3656 5022 legem
3716 4936 3895 5003 dicit:
3971 4937 4085 5002 sed
4140 4938 4343 5003 animi

327 5045 588 5092 oeuvres
641 5023 1071 5088 exterieures:
1139 5022 1307 5088 mais
1362 5023 1938 5107 principallement
2003 5046 2119 5090 sur
2183 5022 2279 5091 les
2384 5024 2585 5089 etiam
2630 5023 2849 5091 affecti
2893 5046 2988 5104 us,
3036 5024 3324 5110 adeoque
3369 5025 3473 5089 his
3514 5023 3945 5107 potissimum.

326 5110 663 5177 affectione
707 5107 787 5173 de
830 5116 1050 5174 nostre
1093 5129 1311 5174 cueur.

636 5314 695 5381 1)
732 5314 921 5369 Est-ce
957 5314 1012 5369 la
1049 5311 1199 5367 1553.
1237 5313 1390 5370 1561.

326 5393 486 5444 ment.
524 5411 591 5423 -
627 5383 805 5438 Toute
841 5382 1158 5452 paillardise
1192 5383 1446 5438 maudite.
1481 5410 1548 5422 -
1581 5379 1789 5438 Nature
1827 5383 1900 5439 du
1933 5384 2289 5453 Legislateur.

1767 5313 1827 5381 2)
1865 5315 1945 5370 Le
1980 5314 2063 5370 29.
2102 5314 2403 5373 dimanche.
2436 5343 2505 5355 —
2540 5316 2620 5373 Le
2658 5318 2906 5375 sixiesme
2942 5314 3417 5373 commendement.
3454 5344 3522 5353 —
3555 5316 3637 5372 Le
3675 5316 3964 5386 septiesme
4004 5314 4340 5371 commande-

3862 5467 3926 5522 5*
