4999 6179
382 480 503 539 113

1167 685 1236 721 LE
1269 685 1531 721 mm·
1785 692 1796 713 .-

550 736 654 800 Tu
713 744 944 801 entens
1010 734 1179 800 donc
1233 756 1359 819 que
1421 735 1731 802 l'efficace
1775 736 1890 802 des
1935 733 2332 803 8661616666

373 842 462 887 ne
515 823 652 905 gist
701 841 820 904 pas
873 842 958 886 en
1007 821 1346 886 l’element
1395 824 1757 903 exterieur:
1828 823 1998 887 mais
2051 821 2332 906 procede

374 914 561 972 toute
604 907 686 972 de
728 907 1010 992 l’Esprit
1047 907 1129 973 de
1172 909 1368 989 Dieu.

1221 1010 1487 1066 n'mrutr.

544 1078 779 1143 Voire:
825 1079 1012 1144 selon
1054 1099 1180 1161 que
1227 1080 1401 1145 Dien
1444 1087 1606 1146 veut
1657 1078 2026 1165 besongner
2068 1103 2191 1165 par
2234 1081 2333 1148 les

371 1186 649 1250 moyens
692 1164 853 1248 qu’il
893 1187 933 1230 a
988 1166 1328 1245 institnez,
1385 1188 1540 1232 sans
1583 1166 1908 1251 deroguer
1950 1176 1993 1233 a
2035 1190 2110 1234 sa
2149 1168 2332 1251 puis-

373 1273 589 1319 sance.

1169 1459 1236 1493 1.ss
1271 1459 1532 1494 mnn-

547 1512 641 1575 Et
684 1509 798 1591 qui
837 1516 1025 1574 meut
1066 1510 1240 1574 Dicu
1284 1508 1364 1574 de
1408 1512 1569 1575 faire
1613 1509 1794 1576 cela?

1217 1610 1488 1665 L’muufflr.

549 1682 731 1747 Pour
774 1682 836 1746 le
880 1680 1336 1765 soulagement
1380 1681 1461 1746 de
1504 1688 1730 1746 nostre
1772 1680 2108 1746 infirmite.
2199 1680 2342 1747 Car

375 1769 436 1835 si
499 1790 665 1833 nous
729 1769 972 1833 estions
1032 1768 1113 1832 de
1181 1778 1416 1832 nature
1481 1767 1844 1849 spirituelle
1911 1788 2166 1832 comme
2236 1767 2332 1832 lcs

375 1857 627 1938 Auges,
683 1874 851 1920 nous
902 1854 1253 1938 pourrions
1311 1854 1718 1936 contempler
1784 1854 2330 1936 sprituellement,

376 1950 447 2006 et
488 1940 608 2023 luy
653 1952 719 2005 et
761 1961 866 2005 ses
911 1960 1168 2023 graces:
1227 1940 1394 2004 mais
1450 1940 1615 2004 ainsi
1662 1960 1789 2022 que
1833 1961 2002 2004 nous
2048 1961 2332 2005 sommes

375 2026 775 2110 enveloppez
821 2025 901 2090 de
942 2048 1060 2091 noz
1104 2048 1322 2109 corpe,
1372 2046 1537 2091 nous
1596 2047 1803 2091 avons
1850 2027 2120 2091 mestier
2178 2027 2332 2109 qu’il

373 2134 496 2178 use
541 2112 621 2177 de
677 2114 922 2196 figures
967 2133 1204 2177 envers
1243 2133 1444 2189 nous,
1497 2132 1663 2194 pour
1706 2133 1877 2176 nous
1922 2122 2336 2195 representcr

370 2199 472 2264 les
529 2198 759 2264 choses
812 2199 1209 2282 spirituellcs
1269 2206 1337 2263 et
1387 2198 1675 2263 celestes.
1768 2197 1902 2264 Car
1959 2206 2336 2263 auti-emeat

373 2305 546 2350 nous
604 2306 687 2349 ne
751 2284 848 2350 les
915 2285 1264 2367 pourrions
1331 2283 1781 2367 comprendre.
1889 2284 1980 2348 Et
2044 2284 2222 2349 aussi
2286 2282 2335 2349 il

374 2392 546 2436 nous
625 2381 726 2436 est
792 2368 1174 2453 expedient,
1260 2392 1385 2453 que
1464 2382 1612 2435 tous
1680 2391 1802 2434 noz
1883 2392 2035 2435 sens
2097 2380 2335 2457 seyent

372 2478 644 2522 exercez
699 2477 785 2521 en
829 2479 933 2523 ses
977 2458 1259 2523 sainctes
1304 2477 1697 2540 promesseS‚
1759 2477 1925 2540 pour
1970 2477 2138 2522 nous
2181 2477 2334 2522 con-

372 2543 619 2608 fermer
661 2565 745 2608 en
783 2542 1019 2609 icelles.

1143 2665 1210 2699 ma
1245 2664 1503 2699 1111661116.
1519 2645 1565 2708 ¹)

542 2715 707 2780 Ρ616
755 2735 883 2798 que
919 2714 1095 2780 Dieu
1132 2736 1173 2780 a
1215 2714 1539 2779 introduit
1586 2714 1682 2778 les
1729 2711 2126 2780 Sacrcmens
2167 2733 2338 2796 pour

374 2809 600 2867 nostre
657 2802 1006 2880 necessite,
1062 2822 1136 2867 66
1180 2801 1381 2865 661611
1435 2799 1688 2883 orgueil
1735 2810 1802 2865 et
1855 2800 2335 2883 presumption,

375 2887 459 2953 de
501 2908 746 2971 penser
790 2886 988 2971 qu‘on
1031 2891 1170 2953 s'en
1214 2896 1407 2971 peust
1449 2907 1692 2970 passer.

1226 3162 1491 3215 n’nxrm.

551 3229 706 3316 Ouy
759 3252 927 3316 pour
971 3232 1238 3296 certain.
1339 3230 1733 3307 Tellement,
1788 3250 1914 3312 que
1970 3230 2340 3313 quiflonque

375 3318 725 3384 s'abstient
783 3317 1338 3384 voluntairement
1384 3315 1464 3381 de
1521 3317 1801 3399 l’usage,
1849 3324 2135 3398 pensant
2177 3315 2337 3399 qu'il

374 3408 533 3469 n’en
576 3426 618 3469 a
657 3405 848 3487 point
888 3402 970 3468 de
1014 3404 1304 3488 besoing‚
1350 3404 1670 3485 mesprise
1712 3402 1902 3467 Iesus
1939 3401 2186 3480 Christ,
2231 3422 2336 3467 re-

371 3491 543 3558 16616
586 3513 662 3557 66
704 3512 918 3576 grace,
963 3494 1035 3556 et
1074 3491 1352 3556 esteinct
1394 3510 1516 3554 son
1560 3490 1771 3556 sainct
1813 3488 2060 3571 Esprit.

1171 3611 1238 3646 1AE
1271 3611 1531 3646 Imm.

549 3662 725 3728 Mais
770 3662 984 3746 quelle
1028 3662 1347 3728 certitudc
1388 3661 1470 3725 de
1513 3680 1708 3745 grace
1751 3665 2042 3743 penvent
2082 3658 2336 3725 donner

370 3747 473 3813 les
527 3745 948 3897 Sacrgmens,
1008 3771 1139 3814 veu
1191 3769 1320 3831 que
1373 3747 1538 3812 bons
1593 3756 1662 3812 et
1714 3747 2016 3812 mauvais
2073 3745 2173 3813 les
2230 3768 2335 3812 re-

373 3835 678 3900 ceoivent

1226 4023 1489 4077 L’nnrmr.

549 4090 869 4157 Combien
902 4114 1031 4175 que
1065 4092 1163 4158 les
1198 4091 1567 4158 inci-edules
1603 4097 1672 4156 et
1706 4090 2053 4156 meschans
2090 4112 2331 4156 anean-

368 4179 615 4243 tissent
654 4176 722 4242 la
765 4199 959 4262 grace
1003 4178 1113 4262 qui
1170 4180 1318 4244 leur
1358 4187 1458 4243 est
1510 4184 1854 4260 presentes
1910 4198 2029 4260 par
2064 4177 2160 4242 lcs
2206 4176 2332 4244 Sa-

369 4285 693 4344 eremem,
740 4264 798 4330 si
840 4285 925 4329 ne
970 4265 1243 4331 s'ensuit
1285 4265 1334 4329 il
1387 4284 1506 4347 pas
1549 4284 1678 4346 que
1723 4263 1791 4328 16
1832 4263 2164 4347 propriete
2212 4263 2331 4329 d’i-

369 4372 544 4417 ceux
585 4371 671 4416 ne
714 4351 842 4415 soit
885 4350 1056 4416 telle.

1183 4472 1249 4507 ΠΕ
1283 4470 1541 4506 1111·me

553 4526 670 4601 [fol.
712 4527 819 4603 58]
876 4521 1233 4589 Comment
1282 4522 1479 4599 donc,
1538 4529 1606 4586 et
1646 4520 1868 4603 quand
1912 4527 2148 4587 est-ce
2203 4541 2334 4605 que

370 4608 476 4675 les
519 4606 912 4676 Sacrem'ens
954 4608 1342 4693 produisent
1383 4608 1531 4674 leur
1573 4605 1808 4673 effect?

1229 4710 1496 4769 dmm·

548 4778 794 4861 Quand
834 4801 924 4846 on
961 4781 1059 4845 les
1099 4780 1344 4846 receoit
1387 4800 1469 4844 en
1505 4779 1673 4863 F'oy,
1720 4778 2083 4845 cherchant
2124 4777 2337 4844 seule-

373 4872 566 4933 ment
605 4867 796 4932 Iesus
838 4865 1070 4932 Christ
1109 4873 1178 4931 et
1218 4886 1293 4931 sa
1336 4885 1548 4949 grace.

1181 4987 1251 5022 108
1285 4986 1546 5022 mum.

551 5038 861 5121 Pourquo
962 5036 1173 5103 dis-tu
1230 5058 1355 5121 que
1408 5057 1575 5103 nous
1625 5058 1673 5120 y
1726 5036 1974 5103 devons
2019 5035 2338 5102 chercher

373 5123 571 5190 Iesus
613 5123 844 5189 Christ

1718 476 2382 546 CA'I'ECHISMUS
2423 478 3046 548 GENEVENSIS.

4214 493 4219 497 ’
4280 492 4407 554 114

3290 688 3551 725 mm}-

2612 736 2768 801 Vim
2811 759 2969 822 ergo
3020 738 3508 823 efficaciamque
3554 742 3946 806 sacramenti
3988 765 4122 809 non
4165 745 4238 809 in
4282 767 4403 812 ex-

2435 829 2627 887 terno
2670 822 2995 889 elemento
3036 825 3361 891 inclusam
3402 846 3547 892 esse
3606 827 3974 907 existimas,
4032 830 4149 896 sed
4192 837 4400 898 totam

2437 927 2478 971 a
2522 908 2761 992 spiritu
2805 907 2934 975 Dei
2970 911 3289 978 manare?

2628 1030 2663 1047 *¹¹²
3341 1032 3494 1069 rm.

2611 1077 2726 1147 Sic
2770 1084 3008 1148 sentio:
3056 1103 3330 1165 nempe,
3386 1098 3461 1148 ut
3497 1084 3818 1149 virtutem
3861 1107 4051 1152 suam
4095 1109 4401 1156 exserere

2437 1165 2731 1231 Domino
2786 1167 3111 1250 placuerit
3160 1189 3282 1252 per
3330 1190 3451 1235 sua
3503 1190 3780 1252 organa,
3834 1193 4027 1254 quem
4080 1175 4149 1239 in
4193 1175 4397 1240 finem

2438 1273 2519 1316 ea
2564 1251 2939 1319 destinavit.
3032 1253 3224 1335 Quod
3283 1253 3547 1337 quidem
3596 1256 3693 1320 ita
3738 1258 3925 1336 facit,
3994 1266 4071 1324 111
4124 1261 4396 1344 spiritus

2439 1339 2542 1403 sui
2588 1338 2820 1405 virtuti
2864 1340 3035 1404 nihil
3081 1339 3401 1405 detrahat.

3290 1424 3554 1496 itm-muta.

2609 1511 2896 1576 Potesne
2938 1511 3136 1589 mihi,
3182 1531 3300 1576 cur
3342 1513 3436 1576 ita
3478 1520 3660 1594 agat,
3706 1514 4031 1578 rationem
4074 1515 4397 1582 reddere?

3343 1632 3494 1668 Ptmn.

2609 1682 2755 1747 Hoc
2810 1682 3059 1749 scilicet
3099 1678 3295 1745 modo
3360 1682 3733 1748 infirmitati
3777 1695 4045 1751 nostrae
4090 1687 4392 1753 consulit.

2437 1769 2617 1833 Nam
2670 1768 2729 1834 si
2784 1767 3163 1851 spirituales
3205 1789 3499 1834 essemus
3544 1770 3698 1853 toti,
3756 1773 4141 1855 angelorum
4183 1774 4397 1839 instar

2441 1855 2875 1938 spiritualiter
2916 1863 3060 1919 tum
3098 1874 3284 1931 eum,
3330 1864 3474 1919 tum
3517 1855 3721 1938 ipsius
3766 1859 4011 1940 gratias
4052 1879 4396 1941 possemus

2438 1941 2703 2005 intueri.
2793 1940 3084 2017 Verum,
3146 1948 3222 2003 ut
3264 1939 3387 2004 hac
3432 1942 3677 2005 terreni
3725 1945 4010 2025 eorporis
4054 1945 4227 2010 mole
4272 1947 4400 2010 cir·

2439 2026 2802 2106 oumdat12)
2864 2047 3123 2103 sumus,
3191 2026 3426 2109 figuris
3492 2027 3868 2111 indigemus
3934 2029 4041 2095 vel
4097 2031 4398 2114 speculis,

2439 2134 2606 2196 quae
2647 2113 2835 2178 nobis
2879 2110 3327 2193 spiritualium
3371 2112 3877 2197 coelestiumque
3911 2137 4136 2183 rerum
4172 2138 4401 2200 aspec-

2440 2208 2587 2263 tum
2632 2208 2893 2263 terreno
2930 2195 3215 2281 quodam
3254 2196 3449 2261 modo
3484 2199 3859 2265 exhibeant.
3948 2202 4178 2285 Neque
4221 2205 4403 2268 enim

2441 2285 2635 2349 aliter
2678 2305 2754 2349 66
2808 2285 3321 2366 perveniremus.
3412 2282 3628 2350 Simul
3684 2286 3882 2349 etiam
3925 2296 4153 2352 nostra
4194 2290 4401 2353 inter-

2441 2381 2571 2449 est,
2629 2371 2698 2434 in
2747 2371 2874 2434 Dei
2944 2368 3487 2452 promissionibus
3543 2372 3835 2436 exerceri
3891 2392 4123 2438 sensus
4171 2394 4405 2440 omnes

2442 2464 2722 2535 nostros,
2769 2477 2898 2539 quo
2934 2454 3171 2520 melius
3216 2455 3403 2521 nobis
3444 2457 3933 2521 confirmentur.

3295 2661 3557 2697 mlfl'l'ssss.

2616 2710 2696 2779 Si
2738 2734 2975 2778 verum
3019 2720 3146 2791 est,
3205 2712 3352 2776 ideo
3397 2713 3702 2777 instituta
3744 2733 3887 2778 esse
3931 2735 3972 2778 a
4004 2715 4147 2780 Deo
4184 2737 4403 2782 sacra-

2442 2806 2698 2877 menta,
2755 2808 2832 2863 ut
2876 2798 3169 2864 subsidia
3220 2798 3629 2864 necessitatis
3671 2792 3934 2864 nostrae
3977 2801 4226 2881 forent,
4286 2822 4403 2867 an-

2442 2906 2579 2950 non
2639 2886 3051 2969 arrogantiae
3107 2883 3410 2949 damnari
3476 2886 3711 2949 merito
3773 2883 4069 2963 deberet,
4141 2888 4198 2952 si
4254 2889 4402 2971 quis

2443 2970 2793 3052 iudicaret,
2847 2971 2981 3037 illis
3025 2992 3114 3049 se,
3174 2977 3493 3053 tanquam
3537 2992 3673 3034 non
3727 2973 4141 3051 necessariis,
4212 2994 4406 3056 posse

2444 3078 2668 3126 carere
2692 3056 2724 3121 ⁴?

3345 3178 3499 3214 rmn-

2618 3227 2926 3294 Omnino.
2985 3229 3209 3312 Atque
3248 3227 3408 3294 adeo
3446 3230 3503 3293 si
3542 3228 3687 3312 quis
3721 3229 3983 3295 illorum
4016 3252 4141 3295 usu
4171 3238 4406 3315 sponte

2442 3314 2796 3392 abstineat,
2853 3336 2929 3380 ac
2983 3314 3040 3378 si
3096 3336 3260 3397 opus
3317 3337 3454 3379 non
3499 3315 3799 3391 haberet,
3856 3316 4200 3383 Christum
4247 3338 4405 3383 con-

2442 3402 2697 3481 temnit,
2730 3402 2939 3486 ipsius
2972 3401 3228 3484 respuit
3258 3402 3562 3484 gratiam,
3599 3409 3668 3467 61
3690 3403 3998 3487 spiritum
4018 3404 4405 3489 exstinguit.

3294 3609 3552 3644 mmm

2616 3664 2733 3739 [fol.
2784 3664 2891 3740 71]
2937 3658 3222 3738 Verum,
3279 3660 3491 3742 qualis
3549 3680 3633 3725 ex
3687 3661 4118 3727 sacramentis
4159 3660 4405 3727 fiducia

2441 3746 2528 3811 ad
2571 3745 2996 3811 stabiliendas
3039 3746 3488 3823 conscientias,
3534 3754 3601 3811 et
3644 3768 3842 3829 quam
3863 3757 4043 3814 certa
4085 3748 4402 3813 securitas

2442 3832 2694 3915 concipi
2751 3841 2998 3916 potest,
3057 3831 3294 3915 quibus
3357 3841 3646 3897 utuntur
3701 3834 4069 3915 promiscue
4127 3833 4281 3899 boni
4336 3839 4445 3897 et‘

2441 3918 2642 3984 mali?
3376 4003 3381 4010 ¹

3344 4039 3495 4074 rm.

2615 4088 3013 4171 Quanquam
3035 4089 3254 4154 oblata
3275 4088 3397 4154 sibi
3418 4091 3486 4153 in
3511 4088 3955 4167 sacramentis,
3980 4089 4111 4154 Dei
4132 4087 4323 4168 dona,
4343 4090 4402 4175 ³)

2439 4176 2514 4241 in
2555 4175 2863 4252 nihilum,
2909 4183 2985 4239 ut
3026 4174 3121 4239 ita
3165 4174 3399 4251 dicam,
3460 4174 3772 4258 redigunt
3813 4173 4033 4256 impii,
4079 4185 4402 4257 quantum

2440 4260 2520 4327 ad
2548 4262 2723 4344 ipsos
2758 4268 3030 4343 spectat,
3074 4282 3208 4325 non
3246 4267 3466 4325 tamen
3500 4269 3852 4344 propterea
3888 4261 4201 4342 efficiunt,
4238 4264 4402 4347 quin

2440 4369 2562 4414 sua
2604 4347 2705 4414 vis
2749 4356 2817 4410 et
2858 4357 3100 4412 natura
3143 4347 3574 4412 sacramentis
3618 4355 3897 4413 maneat.

3290 4467 3550 4502 mIS'l'EB.

2615 4519 2764 4601 Quo
2808 4520 3015 4604 igitur
3047 4517 3269 4595 modo,
3318 4525 3387 4583 et
3419 4517 3682 4600 quando
3716 4541 3913 4585 usum
3955 4526 4403 4586 sacramento-

2441 4628 2593 4672 rum
2641 4607 2938 4690 sequitur
2971 4602 3288 4670 effectus?

3344 4725 3497 4761 rm.

2616 4776 2842 4858 Quum
2886 4797 2966 4843 ea
3007 4775 3138 4842 fide
3175 4776 3556 4860 recipimuS,
3616 4774 3959 4841 Christum
4001 4775 4071 4838 in
4114 4774 4247 4842 illis
4293 4797 4403 4843 so—

2438 4864 2600 4943 lum,
2646 4863 2913 4946 eiusque
2957 4864 3243 4947 gratiam
3284 4869 3690 4947 quaerentes.

2612 5035 2753 5103 Cur
2784 5035 2920 5101 illic
2953 4983 3590 5119 quaerendumffffio
3629 5030 3974 5098 Christum
4019 5032 4222 5101 dicis?

690 5277 749 5344 1)
785 5279 866 5334 Le
901 5278 988 5332 47.
1025 5279 1321 5333 dimanche.
1373 5305 1436 5316 -
1491 5276 1601 5331 Les
1649 5275 1965 5334 Sacremens
2002 5283 2129 5332 sont
2160 5276 2518 5332 necessaires.
2563 5307 2632 5317 —
2676 5276 2907 5333 L’effect
2950 5276 3046 5332 des
3095 5274 3430 5330 Sacremens.
3476 5299 3543 5311 —
3594 5272 3831 5328 Cereher
3866 5272 4023 5329 Iesus
4072 5274 4254 5329 Christ
4288 5290 4401 5330 aux

367 5347 716 5405 Sacremens.
753 5376 817 5388 -
853 5349 1271 5417 Augmentation
1308 5347 1374 5402 de
1409 5345 1503 5417 foy
1539 5362 1640 5426 par
1671 5344 1755 5400 les
1790 5344 2124 5402 Sacremens.
2162 5375 2230 5386 -
2262 5346 2646 5417 Imperfection
2683 5346 2780 5402 des
2817 5345 3007 5401 enfans
3042 5344 3112 5401 de
3145 5344 3298 5398 Dieu.

690 5416 752 5479 2)
791 5418 1101 5472 circumdati
1135 5434 1237 5470 om.
1275 5417 1335 5471 in
1368 5416 1449 5471 ed.
1481 5416 1750 5484 mancipe.

592 5501 815 5557 Caluini
831 5517 1016 5571 opera.
1095 5502 1214 5558 Vol.
1251 5501 1350 5557 VI.

2024 5414 2085 5480 3)
2124 5416 2200 5470 111
2234 5416 2358 5472 edd.
2390 5432 2526 5472 rece.
2559 5417 2909 5471 manualssms
2940 5415 3140 5483 ἱερέων
3173 5415 3333 5468 bona.

3955 5495 3991 5550 8
