4999 6179
602 444 721 513 371

602 630 872 697 dederat
929 637 1180 716 partes,
1238 635 1573 715 totamque
1615 632 1752 698 fero
1794 631 2056 698 laudem
2103 630 2564 715 adscripscrat.

605 715 741 783 Sed
785 718 939 801 quia
982 716 1350 802 periculum
1395 726 1567 797 erat,
1613 739 1698 783 ne
1741 718 1915 784 facta
1957 719 2256 785 laborum
2300 739 2570 784 suorum

601 804 933 869 mentione
992 824 1127 869 uuo
1181 803 1294 868 illo
1339 800 1662 869 duntaxat
1720 804 1920 869 verbo
1963 825 2123 888 prae
2167 825 2237 870 se
2280 805 2452 869 ferre
2496 804 2570 868 in

603 890 886 973 speciem
949 891 1315 967 videretur,
1375 888 1662 973 aliquam
1725 891 1961 956 saltem
2025 888 2392 975 pdrtionem
2446 888 2573 956 sibi

608 975 860 1054 deberi,
915 975 1141 1041 addita
1193 975 1591 1042 correctione
1647 978 2084 1060 suspicionem
2143 975 2344 1055 tollit,
2407 976 2572 1042 dum

607 1083 678 1127 se
732 1061 934 1128 fuisse
989 1068 1191 1147 negat
1232 1061 1344 1144 qui
1400 1060 1801 1129 laboraverit
1817 1115 1831 1144 ,
1888 1063 2002 1129 sed
2060 1063 2186 1129 hoc
2229 1070 2442 1128 totum
2487 1082 2574 1127 ex

529 1222 536 1227 ‚
606 1148 737 1212 Dei
781 1147 996 1297 gutia
1037 1151 1256 1231 potius
1299 1147 1646 1213 exstitisse.

847 1232 983 1299 ulla
1035 1254 1249 1317 neque
1293 1233 1558 1299 veritati
1614 1235 1825 1319 magis
1865 1234 2174 1313 adversa,
2231 1255 2443 1318 neque
2487 1231 2574 1299 ad

593 1317 1099 1386 excaecandum
1155 1319 1493 1385 hominem
1547 1320 1888 1403 capitalior
1931 1329 2034 1387 est
2076 1320 2281 1403 pestis
2299 1372 2313 1398 ‚
2373 1341 2571 1404 quam

611 1413 1036 1489 praesumpta
1076 1405 1244 1471 falsa
1286 1407 1530 1489 opinio:
1577 1407 1967 1491 praesertim
2013 1408 2126 1472 ubi
2160 1408 2380 1472 animo
2420 1427 2573 1489 per-

607 1491 916 1557 tinaciter
971 1490 1232 1557 insidet.
1321 1492 1475 1557 Duo
1535 1493 1696 1559 haec
1753 1493 1901 1557 vult
1957 1493 2133 1557 inter
2186 1514 2257 1558 se
2300 1495 2573 1559 coniun-

611 1597 767 1661 gere
807 1577 1119 1661 Pighius:
1165 1577 1524 1643 Hominem
1569 1579 1966 1644 naturaliter
2010 1600 2151 1644 esse
2195 1579 2324 1645 hac
2368 1578 2575 1644 facul-

609 1672 744 1728 tate
786 1661 1189 1747 praeditum,
1247 1673 1324 1729 ut
1364 1671 1504 1729 tam
1554 1666 1943 1748 praevenire
1997 1664 2171 1731 bono
2213 1673 2396 1729 motu
2441 1663 2575 1730 Dei

611 1748 896 1834 gratiam
932 1771 1133 1833 quam
1169 1749 1478 1834 subsequi
1512 1752 1747 1833 possit,
1791 1773 1913 1817 nec
1948 1750 2160 1830 aliter,
2200 1760 2315 1815 aut
2349 1751 2575 1816 offerri

611 1835 799 1902 nobis
851 1836 981 1900 Dei
1040 1836 1351 1920 gratiam,
1411 1836 1542 1901 nisi
1600 1845 1755 1903 ante
1807 1857 2078 1902 manum
2137 1837 2572 1922 porrigamus,

611 1929 729 1987 aut
763 1921 1094 1987 efficacem
1137 1943 1280 1986 csse
1321 1923 1394 1986 in
1428 1922 1634 2002 nobis,
1680 1924 1810 1989 nisi
1844 1923 2109 2006 propria
2147 1923 2391 1988 virtute
2427 1943 2571 1988 eam

612 2006 1030 2073 adiuvemus:
1079 2014 1148 2071 ct
1187 2016 1410 2073 tamen
1452 2029 1709 2074 merum
1754 2029 1897 2075 esse
1932 2017 2002 2074 et
2036 2010 2405 2094 gratuitum
2440 2009 2573 2074 Dei

612 2091 885 2172 donum,
943 2092 1259 2176 quidquid
1324 2095 1575 2177 gratiae
1640 2094 1828 2160 nobis
1883 2096 2160 2161 confert:
2217 2117 2368 2160 eum
2429 2117 2573 2161 esse

611 2179 821 2244 solum
863 2180 975 2263 qui
1030 2180 1102 2245 in
1156 2178 1347 2245 nobis
1400 2180 1573 2246 bona
1615 2202 1812 2265 opera
1868 2194 1937 2246 et
1990 2183 2222 2266 incipit
2264 2190 2332 2246 et
2374 2182 2570 2265 perfi-

611 2265 729 2330 cit:
790 2266 871 2331 ab
917 2285 994 2330 eo
1037 2286 1158 2330 nos
1210 2267 1611 2348 praeveniri,
1670 2269 1751 2333 ab
1792 2289 1869 2333 eo
1924 2269 2302 2333 confirmari
2360 2288 2570 2350 usque

613 2352 683 2415 in
735 2352 956 2416 finem.
1058 2351 1272 2432 Haec,
1328 2353 1626 2436 inquam,
1684 2352 1959 2437 perinde
2013 2372 2090 2418 ac
2146 2355 2203 2419 si
2247 2355 2372 2418 rite
2415 2374 2572 2420 con-

611 2447 958 2522 gruerent,
1015 2438 1136 2502 sub
1180 2459 1316 2502 uno
1372 2439 1528 2523 iugo
1572 2439 1903 2522 componit
1953 2439 2254 2525 Pighius.
2341 2441 2437 2505 At
2478 2440 2575 2504 fa-

610 2523 802 2590 cilius
845 2523 1098 2589 coelum
1135 2532 1359 2588 terrae
1400 2524 1698 2590 misceas.
1767 2523 1946 2607 Quid
1990 2547 2063 2591 er
2110 2548 2147 2592 o
2182 2546 2419 2593 causae
2454 2534 2573 2606 est,

611 2631 729 2675 cur
782 2611 854 2675 in
906 2617 1162 2674 tantam
1234 2607 1734 2689 absurditatem,
1792 2612 1981 2677 velut
2042 2635 2078 2679 c
2106 2612 2284 2678 ausis
2346 2612 2572 2691 oculis,

610 2715 925 2779 praeceps
977 2694 1169 2760 ruat?
1257 2694 1444 2761 Haec
1487 2717 1621 2762 una
1663 2697 1940 2776 scilicet,
1994 2698 2168 2781 quod
2209 2698 2326 2764 ubi
2370 2698 2574 2764 semel

613 2781 835 2847 animo
877 2781 1195 2864 concepit,
1239 2781 1602 2865 aequaliter
1644 2783 1950 2849 omnibus
1992 2784 2216 2849 offerri
2257 2783 2387 2849 Dei
2424 2804 2575 2869 gra-

613 2868 804 2946 tiam,
863 2866 977 2949 qui
1031 2887 1102 2931 se
1156 2866 1352 2931 modo
1407 2867 1643 2953 dignos
1686 2868 2076 2947 exhibeant,
2132 2870 2259 2936 hae
2299 2891 2575 2954 concep-

614 2953 793 3018 tione
837 2952 1192 3036 impeditus
1229 2960 1510 3034 tenetur,
1556 2975 1642 3020 ne
1684 2955 1842 3038 quid
1877 2956 2161 3039 amplius
2195 2967 2424 3022 cernat
2462 2963 2579 3022 aut

611 3038 872 3107 iudicet.
941 3037 1177 3124 Itaque
1216 3047 1564 3125 postquam
1599 3041 1737 3109 suis
1769 3043 2087 3110 encomiis
2123 3043 2418 3109 ornando
2452 3042 2573 3109 ho-

611 3127 811 3192 minis
854 3134 1182 3205 naturam,
1228 3128 1357 3192 Dei
1399 3129 1685 3212 gratiam
1725 3136 2047 3214 quantum
2092 3137 2352 3214 poterat
2392 3138 2575 3195 exte-

615 3214 874 3278 nuavit:
933 3234 1090 3278 mox
1139 3210 1390 3296 pudore
1445 3221 1693 3295 tactus,
1752 3237 1899 3281 eam
1952 3217 2022 3281 in
2067 3215 2323 3283 coelum
2366 3237 2575 3300 usque

614 3297 852 3378 evehit,
895 3298 1009 3364 sed
1053 3299 1405 3365 manifesta
1442 3303 1913 3386 repugnantia;
1957 3322 2169 3386 neque
2203 3303 2397 3369 aliter
2430 3304 2575 3368 Au-

614 3384 953 3469 gustinum
996 3384 1106 3451 hic
1147 3384 1536 3466 aemulatur,
1581 3407 1776 3470 quam
1813 3390 2004 3454 simia
2035 3388 2392 3454 hominem.
2437 3390 2574 3454 Ve-

613 3491 761 3535 rum
846 3489 930 3535 ua
963 3471 1351 3537 necessitate
1385 3474 1882 3558 constringitur,
1930 3484 2006 3540 ut
2047 3476 2389 3559 aequalem
2425 3495 2576 3560 gra-

614 3558 747 3621 tiae
839 3557 1348 3640 'spensationem
1393 3559 1631 3625 faciat?
1722 3558 1899 3641 Quia
1941 3563 2327 3644 pronunciet
2365 3561 2574 3641 Deus,

615 3642 791 3708 nolle
835 3663 906 3709 se
949 3651 1229 3708 mortem
1272 3645 1634 3726 morientis,
1678 3645 1794 3712 sed
1837 3655 1917 3710 ut
1949 3655 2323 3713 revertatur
2367 3658 2433 3713 et
2474 3648 2575 3714 vi-

617 3737 731 3794 vat
774 3727 919 3812 (Ez.
964 3734 1062 3806 18,
1104 3734 1184 3791 23
1223 3738 1289 3794 et
1325 3734 1427 3808 33,
1472 3732 1599 3817 11).
1688 3733 1784 3797 At
1826 3734 1881 3798 si
1918 3754 2000 3798 ex
2039 3734 2178 3798 eius
2214 3754 2414 3799 sensu
2451 3733 2575 3800 hoc

614 3818 1157 3899 interpretamur,
1215 3838 1336 3882 cur
1373 3837 1529 3901 ergo
1570 3818 1883 3897 moritur,
1931 3839 2127 3902 quem
2171 3820 2360 3886 Deus
2403 3820 2576 3886 mori

615 3923 748 3966 non
793 3906 942 3982 [pag.
987 3907 1136 3982 193]
1180 3902 1371 3969 vult?
1427 3924 1632 3986 quum
1688 3905 2008 3988 scriptum
2054 3907 2168 3971 sit:
2225 3904 2411 3972 Deus
2455 3928 2572 3971 au-

615 4003 746 4052 tem
793 3996 1017 4054 noster
1060 3988 1127 4053 in
1173 3988 1372 4067 cocle,
1431 3991 1655 4055 omnia
1696 4011 2122 4076 quaecunque
2163 3991 2375 4058 voluit
2418 3993 2574 4059 fecit

613 4073 817 4157 (Psal.
865 4079 1002 4153 115,
1047 4075 1135 4158 3).
1235 4075 1367 4142 Hic
1411 4084 1589 4142 certe
1644 4076 1855 4143 nodus
1896 4078 2025 4143 erit
2079 4079 2465 4163 gordianus,
2515 4079 2574 4146 si

609 4159 773 4224 illud
818 4160 1214 4242 Ezechielis,
1273 4161 1495 4227 Deum
1538 4163 1712 4229 nolle
1755 4172 2036 4230 mortem
2076 4166 2442 4245 morientis,
2490 4165 2572 4231 de

614 4264 853 4310 arcano
906 4247 1045 4313 eius
1099 4247 1370 4314 consilio
1423 4248 1721 4332 accipias.
1824 4250 2266 4331 Quamobrem
2321 4254 2416 4318 sic
2467 4253 2571 4326 in-

614 4331 821 4416 telligi
867 4352 1135 4399 necesse
1179 4341 1308 4413 est,
1353 4334 1525 4402 sicut
1568 4345 1635 4401 et
1677 4336 2097 4421 Augustinus
2140 4337 2367 4403 multis
2413 4339 2571 4404 locis

613 4419 937 4496 disseruit,
983 4418 1150 4483 nihil
1194 4421 1412 4485 Deum
1456 4422 1774 4502 omittere,
1820 4421 1995 4507 quod
2040 4423 2123 4488 ad
2166 4423 2571 4491 reducendos

613 4505 684 4569 in
749 4504 984 4570 salutis
1046 4505 1229 4570 viam
1294 4505 1593 4572 homines
1643 4508 2001 4591 pertineat,
2058 4510 2111 4575 si
2167 4511 2360 4575 modo
2425 4512 2571 4576 sani

608 4591 855 4656 forent:
914 4590 1087 4674 quod
1141 4599 1363 4656 autem
1418 4614 1549 4658 nou
1609 4592 1883 4659 redeant
1921 4597 2170 4676 vocati,
2228 4598 2388 4680 ipsis
2433 4620 2567 4663 non

612 4676 791 4742 aliud
856 4698 1053 4760 quam
1116 4678 1469 4760 pravitatis
1546 4681 1849 4765 propriae
1913 4683 2219 4748 morbum
2284 4682 2565 4750 obstare.

617 4760 781 4828 Vult
822 4783 978 4848 ergo
1031 4762 1220 4829 Deus
1271 4764 1661 4831 morientem
1721 4767 1974 4844 vivere,
2032 4769 2227 4836 sicuti
2271 4771 2413 4836 eius
2453 4792 2567 4836 vo-

1906 436 2439 511 RESPONSIO
2482 441 2862 511 CONTRA
2902 439 3319 507 PIGHIUM

4505 441 4628 505 372

2673 628 3158 715 dispensatione
3214 629 3612 713 principium
3655 650 3789 695 non
3844 630 3938 694 ita
3980 628 4310 695 mordicus
4354 636 4630 695 teneret.

2674 715 2901 799 Quum
2943 716 3119 781 enim
3157 714 3328 781 dixit
3360 716 3602 798 omnia,
3646 716 3714 780 in
3753 716 3927 782 hanc
3961 714 4229 781 tandem
4266 715 4633 782 clausulam

2674 802 3039 880 descendit,
3101 808 3177 867 ut
3218 820 3369 867 cum
3412 801 3792 887 Pelagianis
3837 810 4118 880 asserat,
4175 802 4305 867 Dei
4350 801 4632 886 gratiam

2674 887 3035 955 secundum
3077 887 3389 953 meritum
3432 894 3732 967 nostrum
3774 886 3938 967 dari,
3975 894 4055 953 ut
4098 888 4185 952 sit·
4226 889 4366 972 ipse
4410 887 4634 955 nobis-

2675 993 2859 1053 cum:
2906 975 3212 1040 meritum
3260 994 3418 1040 vero
3458 982 3762 1039 nostrum
3803 975 3877 1038 in
3920 995 3998 1039 co
4040 994 4212 1051 esse,
4268 973 4440 1059 quod
4483 994 4634 1039 cum

2673 1062 2820 1127 Deo
2876 1061 3100 1127 simus.
3195 1060 3445 1125 Nostra
3499 1079 3731 1125 rursus
3784 1061 4009 1125 omnia
4059 1061 4129 1124 in
4185 1060 4358 1126 hanc
4399 1062 4633 1144 Augu·

2676 1147 2834 1212 stini
2900 1147 3300 1212 sententiam
3354 1144 3665 1212 redeunt:
3734 1145 3968 1230 quibus
4037 1168 4171 1211 non
4227 1155 4330 1212 est
4384 1147 4632 1225 datum,

2678 1240 2795 1300 aut
2837 1232 3031 1312 nolle,
3079 1239 3196 1298 aut
3237 1255 3372 1298 non
3414 1234 3509 1297 im
3555 1232 3689 1298 lere
3722 1231 3899 1316 quod
3934 1232 4190 1312 volunt;
4234 1233 4474 1316 quibus
4519 1254 4634 1298 au-

2677 1327 2811 1384 tem
2862 1320 3088 1384 datum
3133 1325 3251 1396 est,
3299 1319 3394 1384 sic
3437 1340 3518 1385 ve
3574 1341 3627 1398 e,
3674 1326 3752 1383 ut
3793 1317 4131 1402 impleant.
4162 1321 4209 1399 ¹)

2847 1407 3061 1489 Ergo,
3107 1411 3184 1469 ut
3226 1403 3574 1489 aliquando
3619 1405 3964 1470 claudatur
4005 1405 4116 1469 hic
4155 1404 4338 1484 liber,
4384 1405 4633 1470 frustra

2675 1498 2790 1557 aut
2834 1512 2905 1558 se
2950 1513 2990 1556 a
3030 1491 3304 1575 Pelagio
3347 1491 3725 1576 disiungere
3766 1501 4044 1556 conatur
4082 1491 4391 1575 Pighius,
4450 1492 4636 1556 cuius

2676 1580 2985 1645 societate
3029 1598 3181 1642 eum
3227 1579 3437 1642 teneri
3482 1577 3872 1660 implicitum
3917 1585 4058 1642 tam
4102 1586 4329 1660 aperte
4366 1576 4637 1642 demon·

2676 1665 3058 1744 stravimus3
3115 1671 3230 1728 aut
3292 1683 3416 1728 nos
3482 1663 3875 1729 Manichaeo
3943 1663 4217 1747 aliisque
4288 1663 4636 1729 haereticis

2678 1749 3070 1835 adiungere,
3126 1770 3166 1813 a
3221 1750 3457 1834 quibus
3511 1771 3647 1814 non
3691 1750 3913 1815 minus
3958 1747 4378 1829 dissidemus,
4436 1769 4636 1832 quam

2675 1838 2818 1920 ipse
2882 1835 2963 1901 ab
3027 1835 3392 1901 orthodoxo
3446 1835 3756 1902 ecclesiae
3824 1856 4053 1914 sensu,
4120 1837 4306 1902 cuius
4367 1835 4635 1901 inanem

2676 1922 2983 1988 umbram
3036 1923 3300 1988 tametsi
3353 1941 3512 1987 suae
3566 1921 3887 2005 impietati
3943 1920 4222 1987 subinde
4288 1923 4634 2004 praetexit,

2675 2008 2887 2074 nihilo
2932 2016 3154 2074 tamen
3199 2007 3353 2073 inde
3395 2007 3546 2091 plus
3590 2005 3766 2091 apud
3807 2008 3949 2092 pios
3994 2016 4061 2073 et
4101 2005 4463 2092 prudentes
4506 2007 4635 2074 lec-

2675 2102 2855 2161 tores
2909 2096 3232 2178 proficiet,
3289 2114 3488 2177 quam
3546 2095 3603 2158 si
3671 2094 4054 2177 simpliciter
4111 2093 4278 2158 nihil
4346 2092 4471 2159 sibi
4517 2114 4636 2160 nec

2676 2203 2825 2248 cum
2872 2180 3171 2259 Christo,
3234 2201 3355 2246 nec
3399 2199 3549 2245 cum
3604 2180 3745 2245 eius
3802 2180 4119 2245 membris
4180 2200 4323 2245 esse
4368 2181 4639 2246 conflte-

2674 2276 2878 2332 retur.
2967 2267 3253 2332 Frustra
3296 2275 3363 2331 et
3404 2266 3477 2331 in
3521 2287 3597 2331 eo
3652 2265 4173 2331 mediocritatem
4264 2267 4508 2344 uaerit,
4564 2276 4641 2331 ut

2676 2374 2782 2419 res
2824 2353 2982 2439 igne
3024 2362 3093 2418 et
3145 2373 3316 2436 aqua
3367 2373 3478 2417 ma
3530 2354 3581 2419 ‘s
3638 2353 4002 2418 contrarias
4057 2353 4180 2418 sim
4309 2352 4639 2418 conciliet:

2676 2460 2932 2523 nempe,
2980 2443 3128 2519 [pag.
3170 2444 3319 2519 194]
3366 2439 3476 2523 qui
3523 2437 3681 2522 quid
3724 2447 3827 2504 est
3869 2440 3936 2503 in
3984 2438 4249 2504 homine
4292 2437 4637 2517 bonorum,

2675 2546 2938 2591 merum
2982 2546 3125 2591 esse
3166 2546 3537 2610 purumque
3580 2523 3713 2589 Dei
3754 2545 3951 2608 opus:
3995 2526 4074 2591 et'
4104 2532 4329 2591 tamen
4371 2525 4499 2591 hac
4542 2524 4641 2590 fa·

2678 2612 2921 2679 cultate
2965 2611 3214 2695 pollere
3259 2611 3591 2688 homines,
3636 2618 3725 2674 ‘ut
3767 2630 3850 2675 ex
3895 2631 3965 2676 se
4009 2611 4168 2694 ipsis
4211 2611 4435 2676 Deum
4487 2630 4640 2694 pro·

2678 2705 2917 2764 vocent
2957 2699 3040 2763 ad
3086 2696 3547 2763 conferendam
3590 2695 3715 2762 sibi
3770 2698 4048 2781 gratiam
4063 2720 4081 2778 ;
4142 2705 4210 2763 et
4253 2695 4366 2761 ubi
4410 2706 4638 2763 contu-

2678 2784 2859 2862 lerit,
2904 2805 3051 2850 eam
3106 2783 3373 2867 propria
3415 2790 3844 2866 separataquo
3887 2784 4133 2849 virtute
4173 2784 4536 2862 efficacem,
4583 2783 4638 2847 si

2678 2870 2898 2948 libeat,
2941 2868 3239 2935 reddant.
3314 2869 3483 2947 Hoc,
3526 2870 3814 2953 inquam,
3859 2869 4144 2935 mediam
4187 2876 4415 2935 tenere
4460 2868 4638 2934 viam

2679 2977 2814 3021 non
2854 2962 2974 3035 est,
3022 2952 3137 3021 sed
3179 2957 3250 3020 in
3292 2955 3749 3040 labyrinthum
3791 2957 4010 3039 potius
4055 2977 4125 3021 se
4165 2966 4235 3020 et
4278 2956 4440 3020 alios
4484 2975 4637 3020 con·

2678 3043 2907 3122 iicere,
2964 3041 3144 3109 unde
3197 3041 3422 3108 nullus
3476 3050 3701 3128 postea
3753 3041 3971 3108 exitus
4024 3050 4265 3127 pateat.
4354 3042 4639 3108 Frustra

2679 3129 3024 3196 corradere
3081 3129 3238 3195 hinc
3301 3127 3457 3194 inde
3525 3129 3748 3195 studet
3814 3129 4193 3194 testimonia
4247 3129 4637 3213 scripturae,

2679 3236 2846 3300 quae
2887 3216 3084 3282 fidem
3102 3268 3119 3296 ,
3178 3225 3246 3281 et
3287 3235 3456 3299 quae
3497 3215 3580 3281 ab
3638 3236 3717 3282 ea
3769 3217 4137 3300 gignuntur
4189 3214 4364 3280 bona
4416 3233 4635 3299 opera,

2678 3303 2855 3368 inter
2916 3300 3139 3368 Deum
3205 3309 3273 3366 et
3337 3301 3672 3367 hominem
3748 3302 4152 3385 partiantur,
4233 3322 4436 3385 quum
4500 3309 4638 3366 tota

2678 3390 3004 3472 scriptura
3041 3395 3109 3453 ct
3150 3387 3387 3453 radicis
3426 3396 3496 3452 et
3535 3389 3871 3455 fructuum
3928 3386 4285 3454 bonitatem
4330 3387 4445 3452 uni
4492 3385 4636 3452 Deo

2678 3476 2749 3539 in
2807 3474 3085 3541 solidum
3144 3474 3593 3540 transscribat.
3682 3474 3854 3540 Nam
3911 3480 3987 3538 ut
4040 3475 4184 3557 pios
4242 3469 4379 3538 tain
4424 3495 4464 3538 a
4507 3473 4636 3540 fide

2680 3582 2874 3645 quam
2923 3582 2963 3626 a
3004 3561 3194 3627 bonis
3236 3560 3543 3643 operibus
3589 3559 4034 3639 commendat,
4079 3567 4396 3644 tanquam
4441 3558 4635 3624 laude

2678 3654 3033 3730 propterea
3075 3646 3334 3731 dignos:
3374 3648 3470 3711 ita
3511 3648 3761 3730 quoties
3806 3666 3845 3709 a
3878 3647 4024 3711 Deo
4067 3646 4382 3713 discernit
4424 3644 4636 3711 homi-

2680 3755 2851 3808 nem,
2897 3735 2969 3798 in
3010 3733 3202 3798 illum
3239 3732 3524 3816 quidem,
3571 3742 3885 3815 tanquam
3922 3733 4138 3798 omnis
4178 3732 4486 3810 iustitiae,
4533 3752 4635 3797 sa-

2677 3819 2985 3903 pientiae,
3031 3817 3445 3885 rectitudinis
3486 3819 3735 3885 fontem
3752 3871 3766 3896 ,
3821 3818 4217 3902 principium
4234 3870 4250 3897 ,
4295 3819 4635 3900 perfectio·

2678 3926 2861 3986 nem,
2923 3906 3236 3973 bonorum
3296 3907 3592 3970 omnium
3649 3906 3929 3991 gloriam
3973 3905 4254 3984 confert,
4312 3924 4527 3987 neque
4567 3901 4634 3969 id

2677 4013 2763 4057 ex
2804 4003 3010 4075 parte,
3053 3992 3167 4058 sed
3212 4002 3286 4058 ut
3326 4000 3531 4057 totam
3575 3992 3752 4058 solus
3788 3990 4143 4076 possideat:
4191 3991 4371 4057 hunc
4414 3998 4632 4056 autem

2678 4079 2771 4144 sic
2822 4079 3001 4143 omni
3058 4078 3267 4162 gloria
3303 4078 3590 4161 spoliat,
3649 4086 3968 4162 tanquam
4023 4078 4203 4143 omni
4259 4075 4516 4142 iustitia
4567 4085 4634 4141 et

2678 4163 3070 4230 rectitudine
3135 4164 3554 4242 destitutum,
3645 4166 3858 4230 omnis
3924 4164 4287 4247 sapientiae
4349 4163 4645 4245 inopem,-

2675 4252 2855 4315 omni
2900 4251 3143 4316 virtute
3177 4249 3429 4315 nudum
3476 4273 3551 4316 ac
3592 4251 4016 4334 indigentem,
4063 4257 4142 4314 ut
4183 4247 4347 4313 nihil
4389 4248 4487 4313 illi
4529 4269 4631 4314 re·

2675 4337 2721 4402 li
2771 4359 2932 4402 uum
2975 4338 3188 4416 faciat,
3232 4343 3497 4421 praeter
3529 4346 3899 4402 extremam
3934 4336 4282 4400 miseriam.
4371 4334 4467 4401 Ut
4508 4355 4628 4399 nos

2676 4358 2766 4489 ag
2794 4424 3126 4507 pietatem,
3161 4424 3461 4488 timorem
3498 4421 3646 4502 Dei,
3687 4424 3991 4506 vitaeque
4025 4421 4443 4487 sanctitatem
4478 4421 4630 4486 hor-

2675 4516 2883 4590 tatur,
2941 4511 3035 4575 ita
3074 4532 3195 4575 nos
3238 4509 3321 4574 ad
3367 4510 3495 4574 ista
3528 4510 3749 4574 omnia
3795 4507 4141 4592 pervenire
4183 4527 4375 4590 posse
4419 4507 4623 4584 docet,

2675 4596 2733 4661 si
2777 4595 3003 4662 datum
3046 4597 3235 4662 nobis
3293 4617 3333 4661 a
3376 4594 3524 4660 Deo
3583 4596 3794 4661 fuerit.
3880 4593 4163 4659 Frustra
4202 4614 4468 4658 rursum
4514 4593 4626 4658 Pi·

2721 4682 2873 4748 hius
2927 4682 3084 4747 hinc
3142 4680 3328 4747 nobis
3385 4682 3672 4747 conflare
3724 4677 4040 4744 invidiam
4098 4678 4397 4756 molitur,
4453 4676 4625 4762 quod

2722 4770 2977 4833 omines
3032 4767 3322 4852 lapidum
3338 4770 3394 4849 ²)
3451 4761 3695 4832 similes
3748 4764 3940 4844 fiant,
3998 4765 4053 4830 si
4111 4764 4330 4830 nullae
4382 4764 4513 4831 illis
4552 4765 4620 4828 in

613 4847 937 4913 luntatem
994 4850 1185 4916 nobis
1238 4851 1590 4917 aestimare
1642 4852 1741 4918 fas
1786 4860 1920 4930 est,
1975 4855 2278 4921 omnibus
2319 4856 2569 4923 scilicet
2670 4854 2837 4920 bene
2883 4854 3140 4939 agendo
3185 4859 3399 4936 partes
3442 4846 3919 4931 relinquantur.
3991 4849 4072 4915 Id
4122 4850 4298 4916 enim
4343 4871 4427 4916 ex
4474 4851 4623 4916 doc-

611 4932 1029 5000 adminiculis
1090 4934 1425 5002 hominem
1505 4938 1722 5022 ipsum
1776 4937 2177 5007 adiuvando:
2261 4963 2347 5007 ne
2408 4942 2565 5026 quid
2670 4942 2851 5006 trina
2890 4950 3117 5006 nostra
3156 4953 3498 5017 perperam
3554 4934 3786 5012 infert,
3845 4938 3956 5020 qui
3998 4937 4292 5002 mentem
4337 4937 4621 5003 hominis

610 5018 735 5085 sibi
770 5019 1116 5101 obstitisse,
1151 5043 1345 5106 quam
1381 5025 1717 5107 propriam
1748 5025 2029 5109 culm,
2055 5028 2312 5094 causari
2347 5039 2565 5113 queat.
2670 5026 2957 5092 fatemur
3010 5025 3257 5098 videre,
3314 5019 3428 5086 sed
3483 5019 3921 5088 illuminatam
3935 5047 3951 5104 ;
4008 5023 4323 5090 iudicium
4381 5023 4620 5091 discer-

611 5105 846 5171 Manet
876 5111 1103 5172 tamen
1137 5109 1393 5176 interea
1424 5110 1573 5176 Deo
1607 5131 1924 5178 arcanum
1965 5134 2160 5179 suum
2193 5115 2561 5194 eonsilium,

608 5211 737 5275 quo
797 5192 976 5259 hunc
1026 5195 1374 5277 praeterit,
1431 5195 1621 5261 illum
1664 5197 1875 5282 eligit:
1922 5197 2004 5264 de
2049 5219 2177 5283 quo
2220 5219 2306 5264 ne
2348 5201 2565 5267 curio-

608 5278 749 5343 sius
793 5279 1102 5363 vestiget,
1156 5283 1270 5364 qui
1312 5301 1446 5347 non
1489 5282 1641 5348 vult
1679 5283 1963 5368 opprimi
2006 5304 2048 5348 a
2097 5284 2325 5369 gloria.
2409 5286 2562 5342 Hoc

607 5363 664 5430 si
706 5375 970 5449 caperet
1018 5365 1332 5451 Pighius,
1382 5367 1625 5435 falsum
1674 5369 1840 5436 illud
1884 5368 1967 5437 de
2010 5370 2265 5455 aequali
2307 5363 2561 5447 gratiae

2803 5311 2863 5377 1)
2896 5311 2979 5367 De
3112 5312 3191 5366 tia
3224 5316 3282 5366 et
3314 5311 3485 5368 libero
3522 5312 3743 5369 arbitrio
3778 5332 3823 5371 c.
3859 5313 3910 5369 5.

2801 5378 2863 5446 2)
2900 5380 3013 5450 lapi
3055 5381 3171 5435 'bus
3208 5378 3346 5434 1576
3381 5396 3520 5452 seqq.
