4999 6179
350 433 475 498 273

1834 437 1962 503 DE
2007 435 2363 503 LIBERO
2408 433 2886 504 ARBI'I'RIO.

4250 449 4375 512 274

350 619 528 722 §ane
562 622 618 688 si
653 621 748 687 ita
770 622 1132 707 scripturas
1167 643 1432 688 sursum
1456 622 1763 689 deorsum
1785 645 2053 705 voesare
2089 625 2302 705 liceat,
2409 645 2562 689 rum
2603 625 2816 692 literis
2846 626 3254 711 proderetur,
3300 649 3426 711 quo
3470 631 3730 715 integra
3770 630 3853 697 ad
3886 638 4182 716 posteros
4224 656 4376 720 per-

348 728 484 773 iam
514 706 756 793 Pighio
797 707 1080 775 concedo
1116 706 1288 791 quod
1321 708 1627 792 postulat,
1673 708 1829 775 alibi
1862 711 2306 793 quaerendam

349 813 490 860 esse
533 800 783 859 certam
825 794 980 859 fidei
1023 815 1058 858 r
1254 816 1339 859 m.
1429 795 1531 861 Ao
1573 795 1838 862 videtur
1871 795 2034 861 mihi
2078 796 2158 862 de
2201 798 2304 862 in-

351 877 602 945 dustria
646 880 978 963 speeimen
1020 901 1105 945 vo
1132 881 1309 946 uisse
1353 880 1547 946 edere
1591 882 1753 959 eius,
1799 881 1974 964 quod
2016 880 2302 949 dicebat:

349 964 516 1030 nihil
559 964 1030 1050 propemodum
1066 986 1210 1032 6666
1251 966 1324 1030 in
1368 966 1712 1051 scriptura,
1759 966 1931 1051 quod
1974 988 2106 1032 non
2153 968 2307 1034 hae-

347 1052 532 1117 retici
579 1071 700 1117 sua
750 1051 1005 1117 malitia
1044 1059 1447 1136 pervertant.
1538 1050 1675 1118 Sed
1717 1073 1800 1117 ex
1845 1052 2121 1119 adverso
2165 1054 2306 1120 effi·

349 1138 545 1216 eiam,
600 1158 736 1202 non
780 1138 875 1201 sic
917 1145 1170 1221 patere,
1227 1137 1703 1221 obnoxiamque
1747 1158 1890 1204 esse
1935 1160 2160 1204 corum
2204 1140 2306 1205 lu-

349 1222 577 1289 dibriis
608 1223 742 1289 Dei
783 1224 1148 1303 veritatem,
1194 1224 1354 1307 quin
1391 1225 1471 1289 ab
1506 1223 1636 1291 illis
1681 1226 1939 1289 fortiter
1981 1225 2306 1291 vindicari

347 1316 559 1393 queat.
647 1309 942 1376 Possunt
979 1309 1185 1375 solem
1230 1307 1314 1374 ad
1356 1316 1617 1392 tempus
1655 1309 2045 1377 obumbrare
2099 1311 2304 1377 nebu·

345 1393 477 1460 lae:
538 1393 655 1460 sed
708 1394 848 1461 eius
901 1395 1230 1480 fulgorem
1297 1417 1340 1460 n
1425 1416 1510 1460 ue
1567 1396 2019 1480 exstinguere,
2089 1418 2304 1481 neque

347 1480 668 1548 suffocare
712 1489 1021 1566 possunt,
1067 1481 1227 1565 quin
1271 1486 1386 1546 tan
1432 1501 1539 1546 em
1582 1489 1949 1565 exsuperet.
2042 1481 2303 1567 Corpus

391 1588 466 1632 ro
508 1567 782 1634 ecclesia
822 1567 948 1633 hoc
989 1566 1132 1632 loeo
1176 1567 1395 1633 sumit.
1478 1568 1573 1631 At
1617 1567 2028 1652 evangelista
2081 1571 2305 1649 πταῖμα

433 1653 545 1719 bet
586 1652 858 1735 (Matth.
909 1656 1009 1732 24,
1053 1653 1186 1737 28),
1236 1651 1412 1737 quod
1456 1651 1732 1719 Graccis
1775 1652 2057 1720 cadaver
2097 1655 2304 1739 signi-

345 1740 517 1805 fieat.
604 1737 851 1803 Facilis
907 1744 1128 1803 autem
1184 1748 1253 1804 et
1291 1738 1526 1805 obvius
1569 1745 1674 1804 est
1716 1739 1985 1805 cuilibet
2026 1740 2302 1822 parabo·

344 1824 448 1890 lae
483 1843 745 1890 sensus:
791 1823 961 1907 quod
998 1825 1168 1890 sicut
1205 1825 1290 1889 ad
1311 1823 1597 1891 cadaver
1630 1846 1842 1890 unum
1877 1825 2094 1890 solent
2128 1847 2303 1891 com-

344 1911 571 1993 plures
627 1909 882 1993 aquilae
950 1909 1327 1990 convolare,
1398 1911 1492 1976 ita
1548 1910 1633 1976 ad
1692 1930 1901 1976 unum
1959 1909 2302 1977 Christum

345 1995 639 2079 undique
696 1995 886 2061 electi
929 2016 1000 2061 se
1043 2016 1271 2062 omnes
1323 1996 1655 2079 recipient
1743 1997 1926 2079 Ergo
1970 2018 2040 2063 se
2082 1998 2303 2082 ipsum

348 2080 656 2148 Christus
699 2082 1035 2148 vinculum
1075 2082 1353 2147 unitatis
1385 2082 1560 2161 facit,
1604 2103 1739 2148 non
1773 2082 2115 2148 hominum
2151 2104 2304 2148 con-

345 2189 636 2246 sensum,
695 2167 802 2233 vel
845 2167 1354 2234 multitudinem.
1443 2167 1638 2235 Nune
1681 2167 2062 2251 expendant
2102 2169 2304 2236 lecto-

345 2275 478 2333 res,
591 2275 748 2319 uam
802 2253 1015 2320 fidelis
1068 2254 1155 2320 sit
1221 2253 1550 2337 interpres
1603 2253 1904 2339 Pighius.
1996 2253 2303 2321 Christus

348 2336 426 2405 (16
469 2275 789 2406 cadavere
845 2339 1169 2423 loquitur:
1229 2340 1333 2405 cui
1378 2360 1448 2406 se
1503 2338 1649 2405 ideo
1705 2346 2071 2424 comparat,
2129 2340 2304 2425 quod

346 2425 567 2492 electis
622 2427 760 2492 suis
814 2446 1011 2492 causa
1053 2431 1180 2505 est,
1239 2432 1313 2490 ut
1368 2425 1438 2489 in
1483 2444 1694 2491 unum
1747 2427 2176 2505 conveniant,
2237 2435 2304 2492 et

346 2511 544 2576 simul
578 2509 661 2576 ad
697 2534 850 2577 eum
886 2511 1310 2596 colligantur:
1371 2510 1484 2576 ille
1519 2532 1753 2595 corpus
1788 2511 2098 2578 ecclesiae
2136 2513 2300 2578 ima-

346 2598 632 2682 ginatur.
723 2597 1032 2664 Christus
1089 2595 1337 2680 aquilas
1393 2597 1727 2678 nominat,
1783 2596 2054 2680 perinde
2111 2618 2186 2665 66
2245 2598 2304 2665 61

346 2704 463 2749 nos
509 2682 768 2768 vulgari
811 2703 994 2748 more
1060 2690 1281 2749 nostro
1325 2681 1691 2749 diceremus
1734 2704 1991 2750 corvos:
2037 2683 2151 2748 ille
2196 2704 2301 2749 ar-

437 2768 663 2833 tiolam
739 2767 1296 2847 comminiscitur,
1380 2775 1456 2833 ut
1515 2767 1599 2834 ad
1667 2776 1924 2834 veteres
1993 2769 2303 2836 ecclesiae

388 2861 642 2919 octores
717 2855 974 2919 referat.
1065 2855 1128 2920 A
1223 2854 1442 2920 licatio
1515 2853 1862 2937 parabolae
1938 2855 2101 2922 haec
2181 2864 2299 2921 est

343 2939 473 3006 Ubi
533 2940 661 3005 erit
716 2939 1053 3018 Christus,
1128 2941 1140 2954 '
1200 2961 1281 3005 uc
1336 2942 1669 3005 confluent
1726 2961 1810 3005 ex
1877 2948 2010 3006 toto
2053 2940 2302 3007 mundo

344 3025 536 3093 electi
579 3046 823 3092 omnes.
914 3026 1039 3092 Ille
1082 3046 1355 3110 prorsus
1396 3025 1656 3093 diverso
1695 3025 1914 3093 modo:
1960 3028 2073 3094 ubi
2109 3036 2306 3093 erunt

428 3112 630 3191 uilae,
697 3112 856 3178 illuc
934 3133 1055 3178 nos
1119 3119 1421 3195 oportere
1489 3114 1892 3196 congregari.
1983 3112 2061 3180 Si
2157 3121 2305 3179 utat

344 3133 506 3263 2300
547 3197 847 3264 futilibus
890 3198 1303 3277 commentis,
1351 3218 1486 3261 non
1527 3197 1721 3262 modo
1765 3199 1984 3278 obrui,
2027 3136 2154 3265 soti)
2187 3220 2301 3283 pe-

343 3285 524 3349 nitus
569 3283 710 3349 tolli
768 3304 852 3349 ex
905 3283 1250 3348 hominum
1293 3289 1517 3349 mente
1571 3289 1640 3348 et
1693 3284 1995 3350 cordibus
2039 3306 2302 3349 omnem

344 3370 711 3453 scripturae
749 3367 1232 3447 certitudinem,
1270 3375 1372 3434 est
1404 3390 1524 3435 cur
1559 3367 1700 3434 eius
1725 3370 2075 3435 stultitiam
2111 3371 2302 3455 pueri

345 3477 600 3541 quoque
643 3456 769 3538 ipsi
811 3453 1169 3521 derideant.

521 3539 790 3623 Quanta
845 3561 1003 3607 vero
1047 3541 1135 3606 sit
1178 3539 1653 3606 ecclesiasticae
1698 3538 2068 3606 traditionis
2113 3549 2300 3607 auto-

346 3627 540 3706 ritas,
595 3626 795 3692 Pauli
847 3624 1225 3694 testimonio
1279 3625 1592 3691 ostendit:
1660 3625 1770 3692 ubi
1827 3626 2179 3692 anathema
2233 3635 2301 3692 et

346 3712 720 3779 hominibus
775 3719 843 3778 et
894 3712 1147 3797 angelis
1217 3711 1602 3791 denunciat,
1671 3711 1786 3796 qui
1844 3712 1987 3778 ausi
2055 3713 2303 3779 fuerint

346 3798 591 3883 aliquid
632 3798 1037 3883 praedicare,
1081 3806 1346 3882 praeter
1387 3797 1833 3883 evangelium,
1880 3797 2052 3880 quod
2097 3799 2301 3865 semel

348 3884 604 3951 Galatis
653 3884 1017 3950 tradiderat
1060 3883 1243 3968 (Gal.
1285 3890 1329 3963 l,
1356 3884 1445 3968 8).
1533 3886 1683 3962 [pag.
1713 3888 1818 3963 57]
1861 3883 2099 3950 Fuisse
2128 3884 2301 3951 hanc

345 3969 766 4036 traditionem
801 3969 1157 4048 contendit,
1202 3970 1356 4054 quia
1398 3991 1531 4033 non
1557 3968 1637 4034 de
1672 3968 1933 4053 scriptis
1976 3967 2300 4053 loquatur,

346 4055 461 4123 sed
485 4058 639 4123 viva
672 4077 849 4122 voce.
905 4056 1147 4122 Dicam
1170 4054 1455 4121 breviter
1480 4053 1562 4120 de
1594 4054 1720 4121 hac
1744 4075 1836 4133 re,
1881 4056 2129 4138 speque
2165 4056 2301 4121 ulla

345 4142 779 4208 contentionis
823 4164 856 4207 s
902 4142 1054 4220 6616,
1100 4140 1277 4225 quod
1309 4142 1471 4206 satis
1513 4141 1707 4206 faeiat
1750 4139 1933 4205 bonis
1977 4141 2298 4222 omnibus,

344 4227 660 4313 improbis
701 4249 774 4294 os
816 4249 853 4293 6
899 4233 1132 4327 struat.
1202 4227 1457 4327 Legem
1498 4226 1684 4325 initio
1727 4223 1910 4291 dedit
1951 4226 2299 4327 Dominus,

344 4334 590 4465 11¹⁹&ssss
626 4311 2300 4465 ffssffifflrffiffffisstuffioffffisszfflt

344 4505 547 4565 nova,
606 4484 724 4551 sed
767 4484 1043 4568 amplior
1098 4504 1175 4549 ac
1228 4482 1622 4550 luculentior
1677 4481 1977 4548 doctrina
2018 4505 2102 4549 ex
2146 4505 2296 4567 pro-

343 4570 581 4652 phetis.
669 4568 962 4636 Proinde
1015 4575 1168 4634 ante
1219 4568 1577 4652 prophetas
1630 4568 1771 4636 sola
1823 4568 1935 4634 lex
1979 4570 2296 4634 autorita-

343 4663 478 4722 tem
531 4653 866 4722 indubiam
910 4654 1226 4732 habebat,
1282 4663 1361 4719 ut
1400 4675 1519 4737 pro
1562 4654 1760 4721 verbo
1803 4655 1933 4719 Dei
1975 4655 2106 4721 reci
2157 4676 2296 4720 ere-

344 4749 469 4808 tur.
559 4742 804 4808 Postea
843 4762 1049 4825 usque
1102 4740 1260 4806 dum
1311 4739 1559 4805 mundo
1601 4740 2024 4806 exhiberetur
2064 4739 2118 4807 C
2172 4742 2295 4806 ris-

342 4833 450 4894 166
463 4878 481 4906 ,
530 4826 682 4912 lege
725 4835 795 4892 et
834 4825 1196 4911 prophetiis
1248 4826 1708 4892 continebatur
1750 4824 2090 4909 scriptura.
2180 4824 2296 4892 Sic

341 4912 645 4979 videmus
692 4932 734 4977 a
775 4911 1042 4980 Christo
1086 4919 1155 4977 et
1196 4911 1528 4995 apostolis,
1575 4911 1859 4996 Moysen
1904 4920 1973 4977 et
2013 4911 2296 4996 prophe-

341 5005 444 5064 tas
516 4999 734 5078 citari,
800 4998 987 5064 velut
1047 4998 1351 5064 classicos
1415 5003 1614 5064 testes
1678 5017 1963 5081 quorum
2030 4999 2293 5080 scripta,

340 5103 478 5149 non
521 5104 714 5150 secus
765 5103 841 5149 ac
882 5083 1184 5168 publicae
1225 5081 1519 5162 tabulae,
1577 5082 1651 5147 in
1691 5083 1935 5167 populo
1977 5081 2108 5149 Dei
2150 5083 2294 5149 sine

340 5168 789 5237 controversia
827 5175 1356 5254 agnoscerentur.
1424 5167 1725 5251 Apostoli
1764 5169 1922 5235 viva
1957 5189 2117 5237 voce
2156 5169 2293 5252 pri-

340 5276 528 5321 mum
559 5255 784 5321 testati
817 5262 989 5334 sunt,
1027 5253 1201 5356 quod
1236 5253 1360 5321 sibi
1380 5253 1765 5320 mandatum
1799 5261 1957 5320 erat.
2032 5254 2294 5322 Deinde

2409 709 2686 778 veniret.
2778 709 2932 793 Qua
2991 714 3165 778 enim
3211 714 3339 779 alia
3383 714 3463 780 de
3507 737 3706 782 causa
3750 724 3816 781 et
3855 719 4072 804 legem
4119 729 4187 786 et
4222 743 4374 805 pro-

2408 796 2673 878 phetias
2726 799 2989 881 scriptis
3046 797 3349 865 mandari
3404 800 3642 883 voluit,
3701 804 3831 868 nisi
3888 813 3966 869 ut
4008 804 4091 871 ad
4136 828 4371 893 perpe-

2411 889 2599 946 tuam
2651 884 3037 948 memoriam
3089 891 3381 951 exstaret
3423 894 3601 952 certa
3645 886 3971 971 doctrina,
4028 912 4226 975 quam
4270 916 4371 959 se·

2410 968 2527 1050 qui
2569 988 2797 1035 omnes
2842 976 3089 1035 aetates
3134 968 3489 1037 deberent?
3577 974 3752 1039 Nam
3807 996 3973 1058 quae
4016 984 4119 1043 est
4161 978 4372 1045 homi-

2409 1073 2574 1117 num
2618 1053 2774 1121 hinc
2818 1053 3055 1122 levitas
3098 1061 3167 1121 et
3210 1056 3683 1137 inconstantia,
3724 1060 3881 1125 inde
3921 1063 4207 1129 novandi
4255 1086 4373 1132 au·

2412 1136 2599 1204 dacia
2653 1145 2719 1205 et
2774 1139 3008 1220 libido,
3065 1162 3306 1208 novam
3364 1144 3642 1209 subinde
3695 1146 4036 1231 religionis
4092 1149 4370 1215 formam

2410 1226 3015 1393 mmm..
3059 1227 3949 1382 assumamus
4039 1236 4205 1336 ‘¹³⁸³-
4224 1255 4372 1320 ΒΨ

2980 1364 2998 1392 ,
3573 1365 3587 1380 .
3875 1340 3915 1383 a
4080 1342 4368 1388 ominus:

2407 1394 2558 1478 Ego
2601 1395 2773 1461 idem
2830 1418 2979 1463 sum
3025 1419 3315 1482 semper,
3375 1405 3443 1463 et
3487 1421 3622 1466 non
3664 1402 3888 1468 mutor
3933 1405 4121 1489 (Mal.
4171 1411 4230 1486 3,
4278 1408 4367 1494 6).

2409 1480 2670 1545 Verum
2724 1480 2795 1546 id
2848 1504 3086 1566 parum
3138 1481 3507 1568 prodesset,
3564 1486 3698 1553 nisi
3744 1488 3887 1555 6166
3944 1491 4372 1558 stabilitatem

2409 1573 2762 1632 cernerent
2816 1567 3117 1634 homines
3165 1570 3238 1635 in
3282 1569 3510 1651 verbo,
3568 1572 3755 1637 velut
3808 1573 3880 1639 in
3938 1577 4232 1659 speculo:
4293 1585 4371 1643 ut

2409 1651 2571 1716 dum
2613 1652 2878 1719 stabiles
2914 1653 3048 1722 illic
3092 1661 3407 1738 perstant,
3443 1656 3591 1722 Deo
3625 1678 3747 1723 suo
3789 1659 4196 1727 adhaereant
4229 1662 4372 1729 sine

2406 1736 2547 1802 ulla
2587 1739 2969 1805 mutatione.
3059 1739 3241 1826 Ergo
3287 1740 3367 1807 de
3411 1743 3853 1826 apostolorum
3898 1744 4195 1814 doctrina
4237 1750 4371 1816 fao-

2406 1828 2550 1888 tum
2594 1830 2714 1903 est,
2759 1831 2835 1889 ut
2869 1833 3022 1891 ante
3066 1825 3146 1891 de
3189 1826 3568 1911 prophetiis.
3646 1829 3710 1893 N
3713 1848 3797 1895 on
3833 1850 4062 1899 omnes
4105 1834 4372 1916 quidem

2407 1909 2750 1974 conciones
2795 1908 2879 1975 ad
2921 1910 3199 1977 verbum
3242 1920 3554 1997 exceptae
3578 1912 3628 1999 ¹)
3672 1922 3860 1996 sunt,
3908 1916 4024 1982 sed
4067 1919 4140 1984 in
4186 1910 4371 1986 sum-

2404 2015 2587 2059 mam
2650 2003 2875 2060 tamen
2945 1995 3232 2061 fideliter
3296 1997 3637 2065 redactum
3709 2008 3810 2067 est
3874 2009 4088 2069 totum
4145 2026 4375 2072 eorum

2407 2080 2854 2166 evangelium:
2901 2101 3071 2165 quae
3113 2081 3198 2145 ad
3242 2082 3516 2165 plenum
3559 2085 3857 2153 sufficere
3902 2089 4093 2156 nobis
4134 2099 4374 2174 posset.

2404 2164 2588 2250 Ergo
2622 2166 3054 2232 multifariam
3086 2166 3441 2252 multisque
3475 2169 3689 2235 modis
3723 2171 3789 2237 16
3833 2179 4038 2240 66166
4072 2183 4176 2241 661
4212 2177 4373 2243 olim

2406 2251 2597 2317 Deus
2620 2272 2739 2350 per
2776 2251 3160 2336 prophetas:
3211 2262 3615 2336 postremum
3660 2256 3731 2320 in
3826 2259 4013 2324 'ecto
4058 2261 4196 2324 filio
4233 2284 4372 2343 suo,

2406 2337 2781 2403 noviss1mis
2827 2337 3057 2404 diebus
3101 2338 3335 2423 (Hebr.
3389 2345 3441 2419 l,
3488 2341 3571 2425 1).
3663 2340 3803 2406 Cur
3846 2346 4188 2411 novissimi
4232 2345 4371 2413 dies

2408 2430 2732 2488 vocantur
2788 2427 2935 2504 [pag.
2975 2429 3083 2504 58]
3141 2445 3181 2490 a
3244 2423 3496 2490 Christi
3562 2427 4004 2494 revelatione?
4095 2431 4370 2516 Nempe,

2409 2508 2564 2590 quia
2628 2516 3033 2591 postremum
3104 2509 3417 2593 loquutus
3486 2517 3589 2576 est
3643 2513 3843 2579 Deus.
3930 2516 4065 2581 Per
4130 2518 4369 2599 quem?

2407 2613 2529 2677 per
2567 2593 2796 2660 filium.
2886 2591 3067 2675 Quid
3108 2595 3420 2679 loquutus
3456 2596 3601 2661 est?
3691 2596 3774 2662 Id
3816 2606 3895 2664 ut
3937 2600 4240 2682 sciamus,
4287 2603 4371 2669 ad

2406 2684 2676 2761 patrum
2721 2679 3143 2746 traditionem
3185 2702 3309 2745 nos
3352 2682 3635 2766 Pighius
3679 2683 4008 2750 amandat.
4096 2687 4265 2753 Dico
4300 2690 4372 2754 in

2408 2764 2673 2848 scriptis
2729 2765 3104 2849 apostolicis
3161 2767 3511 2833 contineri:
3569 2769 4123 2852 quemadmodum
4166 2774 4369 2839 Ioan-

2407 2871 2530 2916 nes
2573 2850 2858 2917 scribere
2902 2872 2972 2916 se
3016 2858 3328 2932 testatur,
3375 2859 3453 2917 ut
3491 2855 3605 2936 qui
3646 2853 3893 2939 legunt,
3939 2856 4227 2924 habeant
4270 2861 4373 2925 vi-

2407 2942 2547 3001 tam
2606 2944 2944 3002 aeternam
2988 2936 3249 3021 (Ioann.
3301 2941 3404 3021 20,
3444 2938 3574 3021 31).
3630 2941 3848 3024 -Ergo
3892 2963 4102 3026 neque
4157 2945 4368 3025 Pauli,

2407 3042 2622 3105 neque
2665 3022 2934 3088 alterius
2979 3023 3165 3088 cuius
3213 3025 3343 3089 iam
3378 3024 3691 3108 privatim
3733 3028 4149 3112 evangelium
4194 3050 4373 3097 nunc

2409 3108 2757 3188 habemus,
2841 3108 2959 3174 sed
3021 3108 3141 3174 illu
3249 3129 3559 3175 vocamus
3631 3111 3989 3179 catholicae
4056 3115 4371 3183 ecclesiae

2407 3194 2842 3278 evangelium,
2888 3191 3063 3277 quod
3092 3195 3162 3259 in
3186 3193 3410 3259 literas
3444 3195 3785 3262 redactum
3805 3199 3990 3264 Deus
4011 3219 4131 3281 pro
4164 3202 4371 3269 verbo

2405 3300 2526 3344 suo
2569 3279 3007 3364 consignavit.
3081 3278 3276 3360 Quod
3311 3287 3532 3345 autem
3567 3303 3755 3347 suam
3795 3283 4370 3369 praedicationem,

2405 3371 2473 3430 et
2515 3363 2681 3430 illud
2717 3363 2888 3449 quod
2923 3366 3065 3448 ipse
3108 3363 3475 3430 tradiderat
3510 3368 3931 3452 evangelium
3975 3372 4371 3439 nominatim

2404 3450 2660 3517 Paulus
2703 3450 3046 3535 aliquoties
3089 3448 3525 3531 commendat,
3572 3474 3651 3517 ea
3686 3472 3884 3521 causa
3907 3456 4082 3536 facit,
4129 3465 4203 3522 ut
4244 3480 4369 3541 pu-

2402 3557 2549 3602 ram
2592 3541 2660 3602 et
2745 3555 3087 3601 ermanam
3121 3534 3371 3602 Christi
3409 3535 3771 3603 doctrinam
3817 3560 3856 3604 6
3898 3541 4127 3608 fictitio
4169 3565 4367 3627 pseu-

2406 3621 2719 3706 doaposto
2747 3643 2936 3687 orum
3024 3620 3366 3707 evangelio
3444 3622 3786 3691 discernat.
3877 3626 4053 3692 Nam
4088 3651 4103 3663 ·
4133 3634 4202 3693 et
4271 3629 4370 3695 illi

2406 3707 2754 3773 Christum
2798 3706 3177 3793 praedicare
3234 3729 3304 3774 se
3348 3707 3703 3775 iactabant:
3765 3732 3970 3794 quum
4013 3713 4152 3779 eius
4196 3714 4370 3780 inte-

2402 3813 2518 3858 166
2550 3794 2819 3860 6616166
2864 3792 3295 3859 abuterentur
3338 3793 3422 3859 ad
3462 3797 3810 3860 veritatem
3848 3795 4367 3866 adulterandam.

2406 3877 2717 3963 Oportuit
2772 3900 2929 3965 ergo
2975 3899 3222 3963 purum
3277 3888 3341 3944 et
3386 3880 3719 3946 sincerum
3763 3882 4187 3966 evangelium
4231 3885 4366 3949 sin-

2402 3965 2630 4116 {313ssss
2666 3963 3372 4116 ²¹{33303032120‘1‘ffl
3378 3966 3505 4115 ‘³131’
3563 3965 4371 4119 {ZAE‘Suffl‘Zffinss'm

2576 4072 2832 4202 Ὺ6Ῑ1616
2860 4070 3195 4215 Ireiiaeus,
3254 4072 3722 4215 'rex-ruffinus,
3771 4074 4116 4222 Origgnes,
4163 4104 4369 4224 quum

2405 4220 2486 4285 de
2545 4220 2627 4288 do
2744 4221 2958 4287 atibus
3012 4226 3346 4288 certamen
3414 4219 3735 4286 haberent
3785 4243 3936 4288 cum
4002 4224 4366 4308 haereticis,

2402 4327 2537 4372 non
2581 4329 2621 4372 a
2709 4308 2837 4374 scri
2885 4315 3085 4385 turas,
3131 4304 3248 4371 sed
3291 4305 3376 4371 ad
3410 4304 3720 4372 ecclesiae
3762 4308 4181 4377 traditionem
4262 4334 4370 4377 ro-

2400 4400 2738 4460 vooarunt.
2911 4391 3139 4457 erinde
3206 4391 3346 4476 agit
3388 4391 3693 4477 Pighius
3710 4443 3726 4470 ,
3807 4415 3882 4461 ac
3954 4394 4012 4461 si
4076 4419 4192 4481 sep
4265 4405 4369 4464 tos

2401 4477 2580 4629 3333
2622 4476 4136 4632 22³,ssssoefigffifflmooffisssstrssffmmffaffiffl
4179 4503 4367 4650 ἴξῖἓ·

2400 4647 2552 4715 (1616
2606 4657 2672 4714 61
2724 4669 2871 4714 66111
2925 4650 3007 4715 ab
3049 4648 3212 4732 ipsis
3266 4649 3544 4732 proferri
3588 4650 3660 4714 in
3714 4649 4035 4730 medium,
4094 4657 4172 4717 ut
4225 4653 4366 4721 eius

2399 4734 2752 4801 autoritate
2795 4754 3058 4802 causam
3101 4753 3294 4800 suam
3336 4735 3698 4816 stabiliant,
3745 4742 3813 4802 et
3857 4735 3937 4802 de
3981 4757 4060 4804 ea
4103 4738 4366 4804 honori-

2396 4822 2591 4887 ficam
2631 4822 2846 4888 faeere
2887 4821 3309 4887 mentionem.
3398 4819 3535 4887 Sed
3576 4820 3983 4905 inspicienda
4026 4831 4155 4904 est,
4220 4831 4367 4891 tum

2398 4908 2586 4987 ratio,
2631 4915 2774 4972 tum
2818 4906 3309 4974 circumstantia
3350 4914 3752 4990 temporum,
3798 4915 3942 4973 tum
3987 4910 4183 4976 etiam
4224 4931 4366 4976 mo-

2399 4991 2525 5059 dus
2568 5000 2636 5060 et
2674 4999 3265 5078 temperamentum
3298 5013 3426 5076 quo
3468 4999 3763 5059 utuntur.
3830 4994 4187 5080 Negotium
4221 5003 4368 5062 erat

2536 5284 2597 5354 1)
2634 5283 2905 5353 Princeps
2948 5288 2999 5340 et
3038 5281 3325 5339 Gauaaeius
3370 5282 3598 5339 habent.-
3640 5287 3963 5355 excerptam
4016 5282 4238 5340 Gonu&
4275 5301 4360 5342 re-

340 5343 436 5409 sio
475 5341 698 5408 visum
739 5348 841 5408 est
871 5339 1176 5421 Dommo,
1218 5347 1294 5406 ut
1333 5360 1596 5407 summa
1636 5340 2139 5425 praedicationis
2182 5360 2292 5407 eo-
2396 5356 2622 5413 aucillis.

554 5443 779 5501 colvm
809 5458 995 5514 opera.
1072 5442 1192 5501 Vol.
1226 5441 1326 5499 VI.

3885 5437 3953 5492 18
