4999 6179
533 395 657 458 347

531 583 661 649 Est
713 586 935 645 autem
1002 574 1467 664 argumentum
1522 598 1561 642 a
1624 576 1996 643 contrariis:
2065 574 2240 657 quod
2306 572 2488 640 nullo

532 666 728 733 modo
785 672 1018 745 staret,
1087 665 1145 730 si
1202 664 1370 730 alius
1423 664 1692 729 omnino
1747 670 1924 729 esset
1975 662 2138 745 legis
2193 660 2486 726 effectus.

532 751 823 820 Perinde
876 752 1083 836 igitur
1128 758 1231 816 est
1273 770 1348 816 ac
1388 751 1444 816 si
1503 749 1779 829 diceret,
1837 750 2054 833 legem
2098 745 2276 812 aliud
2318 745 2490 810 nihil

534 861 617 904 ex
664 860 735 904 se
779 839 1014 903 afferre
1059 835 1469 914 hominibus,
1527 837 1657 901 nisi
1708 841 1785 901 ut
1839 856 2034 901 suum
2089 834 2219 897 illis
2264 853 2489 915 pecca-

534 936 677 991 tum
735 923 1103 1008 patefaciat.
1204 922 1420 1007 Finge
1485 943 1664 988 nunc
1742 921 2079 986 hominem
2142 924 2288 998 [pag.
2341 921 2488 997 159]

534 1010 782 1093 aliquid
835 1009 1061 1074 valere
1104 1009 1383 1091 propriis
1426 1008 1710 1085 viribus,
1769 1028 1989 1072 nonne
2046 1007 2347 1089 protinus
2391 1010 2490 1068 to-

531 1106 677 1161 tum
718 1095 888 1160 illud
932 1093 1234 1160 corruet?
1304 1095 1622 1178 Apertius
1664 1093 2027 1159 etiamnum
2070 1091 2278 1156 altero
2316 1091 2487 1175 loco:

533 1181 646 1247 ubi
688 1182 905 1266 legem
961 1180 1147 1246 docet
1189 1181 1678 1263 supervenisse,
1737 1186 1815 1244 ut
1858 1178 2224 1244 abundaret
2265 1195 2491 1260 pecca-

535 1276 681 1332 tum
724 1267 947 1349 (Rom.
989 1270 1045 1343 5,
1086 1268 1226 1346 20):
1284 1264 1455 1349 quod
1497 1288 1732 1332 verum
1780 1287 1914 1329 non
1957 1272 2160 1341 esset,
2216 1263 2271 1328 si
2316 1262 2492 1327 ullae

535 1353 621 1419 ad
662 1350 1096 1419 obediendum
1132 1352 1308 1417 vires
1352 1353 1420 1416 in
1459 1352 1725 1417 homine
1762 1351 2122 1417 subessent.
2202 1347 2492 1414 Proinde

533 1440 647 1523 qui
691 1439 855 1523 legis
898 1459 1094 1504 usum
1140 1438 1418 1515 noverit,
1464 1438 1736 1502 minime
1781 1459 1864 1502 ex
1905 1437 2083 1501 illius
2126 1434 2493 1518 praeceptis

532 1526 877 1592 hominum
901 1564 907 1569 ·
932 1524 1249 1589 virtutem
1306 1523 1782 1589 aestimandam
1841 1534 2202 1607 cognoscet.
2309 1521 2493 1584 Bene

533 1612 756 1695 itaque
799 1610 1042 1676 alicubi
1085 1610 1532 1693 Augustinus:
1575 1610 1616 1687 Ι)
1681 1610 1978 1675 Dicimus
2021 1608 2167 1691 lege
2210 1607 2372 1684 fieri,
2421 1613 2494 1670 ut

531 1698 718 1764 Deus
761 1694 922 1780 quid
964 1696 1108 1761 fieri
1153 1696 1314 1762 velit
1358 1694 1690 1760 audiatur:
1751 1695 1965 1779 gratia
2009 1716 2167 1758 vero
2210 1693 2372 1769 fieri,
2418 1698 2494 1756 ut

531 1783 664 1868 legi
722 1781 1080 1848 obediatur.
1180 1782 1330 1846 Lex
1386 1801 1543 1865 ergo
1601 1780 1928 1846 auditores
1982 1780 2274 1844 iustitiae
2315 1777 2492 1856 facit,

579 1870 750 1935 ratia
794 1868 1088 1933 factores.
1178 1866 1360 1932 Alibi
1384 1869 1438 1951 ²)
1483 1867 1681 1931 etiam
1720 1867 2118 1949 expressius:
2157 1864 2493 1930 Iustitiam

605 1956 666 2021 ei
718 1975 851 2019 11011
906 1953 977 2017 111
1035 1960 1385 2036 praecepto
1439 1952 1634 2036 legis,
1701 1974 1829 2035 quo
1885 1952 2082 2017 timor
2139 1950 2490 2015 incutitur:

532 2040 650 2106 sed
694 2041 767 2105 in
810 2038 1131 2103 adiutorio
1172 2039 1423 2122 gratiae
1459 2037 1729 2116 Christi,
1769 2036 1854 2103 ad
1890 2059 2088 2120 quam
2121 2036 2327 2102 solam
2364 2036 2493 2100 uti-

531 2127 686 2191 liter
729 2125 896 2209 legis
940 2124 1157 2203 timor,
1205 2123 1389 2188 velut
1431 2122 1885 2207 paedagogus,
1933 2124 2132 2203 ducit,
2178 2122 2494 2188 constitu-

533 2222 673 2276 tam
739 2231 883 2277 esse
949 2211 1060 2292 qui
1132 2210 1478 2294 intelligit,
1545 2210 1684 2293 ipso
1741 2209 2083 2293 intelligit,
2151 2228 2354 2291 quare
2408 2208 2496 2272 sit

533 2297 972 2364 Christianus.

707 2381 932 2465 Quum
968 2381 1127 2461 dico,
1173 2381 1406 2466 legem,
1445 2380 1604 2463 quid
1650 2378 1981 2464 agendum
2025 2381 2127 2459 sit,
2178 2380 2494 2463 praescri-

532 2468 715 2546 bere,
773 2484 849 2532 ut
903 2466 1247 2534 obediendi
1292 2468 1612 2532 virtutem
1667 2488 1706 2531 a
1752 2466 2045 2532 Domino
2102 2467 2492 2551 flagitemus,

533 2562 743 2634 recte,
810 2554 1057 2636 inquit:
1127 2551 1693 2636 quandoquidem,
1762 2562 1830 2617 et
1882 2551 2055 2635 quod
2111 2574 2371 2632 sumus,
2429 2558 2497 2616 et

532 2641 705 2725 quod
751 2640 1065 2717 vivimus,
1122 2660 1161 2702 a
1205 2639 1494 2703 Domino
1538 2659 1681 2703 esse
1723 2640 2026 2704 fatemur.
2115 2639 2325 2721 Atqui
2370 2638 2496 2702 alio

531 2726 727 2792 modo
768 2746 998 2791 sumus
1034 2732 1102 2789 et
1143 2743 1522 2803 movemur,
1567 2732 1644 2788 ut
1697 2724 2023 2791 homines:
2070 2724 2216 2804 alic,
2263 2734 2337 2789 ut
2378 2724 2498 2789 filii

531 2813 684 2878 Dei.
775 2809 1163 2876 Communis
1208 2810 1504 2874 omnium
1547 2818 1647 2874 est
1685 2810 1802 2875 illa
1845 2813 2078 2894 gratia,
2125 2811 2289 2876 haec
2332 2810 2497 2877 elec-

534 2899 620 2963 tis
662 2895 1081 2980 peculiariter
1125 2895 1495 2974 confertur,
1538 2894 1654 2961 illa
1695 2904 1974 2961 naturae
2017 2895 2495 2980 quodammodo

531 2984 734 3049 insita
782 2992 909 3059 est,
968 2982 1132 3047 haec
1175 2991 1437 3064 praeter
1491 2989 1800 3049 naturam
1853 2982 2107 3048 homini
2151 2981 2375 3063 datur,
2420 2989 2498 3047 ut

576 3067 709 3136 uod
762 3076 906 3136 erat
949 3088 1093 3135 esse
1137 3066 1422 3147 desinat,
1478 3076 1546 3134 et
1603 3091 1745 3135 esse
1797 3069 2069 3155 incipiat
2110 3067 2288 3154 quod
2332 3091 2495 3136 non-

533 3092 692 3221 dum
739 3163 900 3221 erat.
955 3153 1218 3220 Deinde
1260 3155 1334 3220 in
1373 3157 1540 3220 meis
1579 3156 1799 3222 verbis
1832 3155 2314 3241 repugnantiae
2347 3176 2496 3239 spe-

534 3244 703 3308 ciem
748 3243 1020 3325 quaerit.
1090 3238 1260 3322 Quis
1304 3241 1605 3326 gratiam,
1649 3241 1881 3325 inquit,
1926 3242 2306 3326 precabitur
2350 3243 2492 3321 sibi,

533 3349 732 3411 quam
775 3347 971 3392 nemo
1018 3325 1362 3406 desiderat,
1409 3334 1760 3411 anoequam
1804 3328 2084 3394 habeat?
2164 3328 2495 3411 Equidem

535 3413 844 3497 spiritum
899 3413 1295 3496 precationis
1355 3434 1394 3476 a
1446 3413 1592 3479 Deo
1656 3415 1866 3480 fateor
1922 3414 2097 3490 dari,
2164 3425 2233 3481 et
2283 3416 2340 3480 si
2393 3423 2495 3479 ta-

440 3577 450 3586 ,
535 3520 735 3578 ceam,
780 3498 1032 3563 Paulus
1076 3500 1237 3563 satis
1283 3497 1689 3565 demonstrat
1703 3552 1720 3580 ‚
1764 3521 1966 3583 quum
2011 3498 2211 3565 fidem
2252 3501 2494 3566 oratio-

533 3586 640 3651 nis
683 3593 965 3650 mat-rem
1009 3605 1152 3651 esse
1197 3593 1480 3650 testatur
1516 3586 1735 3666 (Rom.
1767 3591 1865 3664 10,
1896 3586 2021 3670 14).
2080 3585 2334 3652 Verum
2369 3586 2494 3651 hoc

531 3671 810 3736 minime
852 3671 1106 3736 interea
1150 3668 1395 3748 obstat,
1444 3673 1795 3753 quominus
1839 3678 2190 3737 externum
2236 3692 2493 3755 quoque

536 3757 877 3822 doctrinae
932 3777 1258 3840 organum
1327 3757 1538 3820 instar
1591 3756 1846 3822 stimuli
1910 3756 2224 3823 adhibeat
2283 3757 2490 3835 Deus,

533 3853 610 3908 ut
659 3864 787 3926 quo
844 3842 1008 3907 solet
1065 3841 1257 3907 modo
1311 3842 1384 3905 in
1438 3842 1706 3906 homine
1749 3863 1916 3925 opus
1962 3863 2155 3908 suum
2200 3851 2491 3927 peragat.

533 3929 681 3994 Hoc
737 3929 794 3994 si
852 3937 1116 4011 caperet
1159 3928 1470 4011 Pighius,
1531 3927 1834 4012 litigandi
1888 3926 2238 4011 aliquando
2291 3931 2490 3994 finem

530 4016 793 4082 faceret.

705 4099 815 4165 Ad
857 4100 1037 4178 haec,
1082 4099 1534 4166 collectionem
1579 4099 1751 4165 hanc
1786 4121 2003 4165 meam
2039 4099 2487 4182 reprehendit:

532 4188 783 4253 frustra
834 4185 1205 4270 implendae
1260 4186 1423 4269 legis
1477 4185 1854 4251 facultatem
1895 4188 2122 4270 quaeri
2165 4187 2238 4250 in
2283 4185 2492 4250 homi-

532 4274 640 4340 nis
695 4281 962 4350 natura,
1021 4293 1226 4354 quum
1281 4271 1610 4354 peculiare
1665 4272 1752 4338 sit
1799 4273 1930 4337 Dei
1975 4272 2236 4338 donum.
2339 4272 2492 4336 Non

535 4361 733 4435 enim,
777 4359 1014 4441 inquit,
1061 4355 1204 4423 ideo
1247 4355 1470 4422 videre
1514 4379 1647 4422 non
1692 4365 1793 4423 est
1835 4366 2101 4424 nostrae
2142 4357 2490 4436 facultatis,

534 4447 689 4530 quia
740 4444 896 4510 solis
950 4443 1247 4508 claritate
1293 4447 1440 4521 [pag.
1485 4449 1633 4524 160]
1690 4442 1774 4509 ad
1829 4443 2188 4510 videndum
2239 4443 2492 4528 indige-

532 4553 698 4597 mus.
791 4529 1079 4597 Solenne
1134 4528 1296 4595 illud
1355 4550 1551 4594 suum
1594 4530 1900 4596 observat
1942 4530 2256 4616 Pighius:
2319 4528 2490 4595 deci-

531 4619 712 4701 pitur
760 4616 1004 4699 ineptis
1060 4613 1630 4694 similitudinibus,
1685 4637 1853 4698 quae
1919 4623 2182 4682 tantum
2247 4614 2494 4682 habent

534 4703 937 4768 diversitatis
979 4724 1019 4767 a
1061 4723 1133 4767 re
1179 4701 1530 4783 praesenti,
1573 4709 1896 4783 quantum
1939 4703 2192 4769 coelum
2230 4723 2271 4768 a
2311 4709 2494 4768 terra

535 4789 753 4854 distat.
867 4787 1020 4852 Non
1078 4788 1257 4852 enim
1311 4785 1465 4850 solis
1521 4786 1663 4851 vice
1719 4787 1908 4854 nobis
1963 4795 2066 4855 est
2117 4788 2363 4874 gratia,
2420 4789 2494 4853 in

534 4895 734 4958 quam
776 4871 1000 4938 oculos
1044 4870 1430 4957 dirigamus,
1483 4872 1540 4937 si
1583 4872 1816 4954 libeat,
1873 4874 1989 4940 sed
2032 4875 2250 4940 oculos
2294 4875 2493 4941 etiam

535 4960 776 5034 mentis
830 4957 1019 5025 nobis
1075 4956 1190 5023 dat
1241 4965 1311 5024 et
1365 4957 1603 5041 aperit,
1661 4967 1737 5023 ut
1799 4959 2012 5027 lucem
2067 4961 2366 5028 veritatis
2422 4962 2494 5025 in

537 5133 948 5143 -------------Γ-.-ᾗ

676 5249 738 5317 1)
773 5250 890 5307 Lib.
926 5249 976 5304 3.
1013 5250 1084 5306 ad
1117 5250 1468 5306 Bonifacium.

673 5319 734 5388 2)
772 5319 855 5377 De
889 5327 1087 5376 natura
1121 5326 1178 5375 et
1211 5319 1404 5388 gratia,
1442 5336 1560 5388 cap.
1599 5317 1646 5372 l.

1841 383 2371 454 RESPONSIO
2415 381 2795 453 CONTRA
2834 382 3250 452 PIGHIUM

4430 383 4559 446 346

2594 572 2794 639 verbo
2849 595 2969 640 suo
3023 573 3462 658 refulgentem
3524 573 3919 638 intueamur.
4018 571 4214 639 Unde
4278 570 4397 637 illa
4451 580 4557 637 est

2593 659 2791 725 Pauli
2834 660 3155 742 precati0‚
3211 668 3289 724 ιιι
3341 660 3527 724 Deus
3580 659 3987 724 illuminatos
4042 659 4283 723 mentis
4326 657 4552 726 oculos

2593 745 2905 828 Ephesiis
2950 745 3108 810 dare
3148 745 3331 825 velit,
3370 745 3608 829 quibus
3653 744 4036 828 percipiant,
4076 766 4243 827 quae
4279 744 4368 810 sit
4402 766 4556 828 spes

2594 833 2953 898 vocationis
2982 853 3158 910 suae,
3205 840 3272 896 et
3314 852 3465 899 cum
3492 831 3799 896 omnibus
3843 832 4087 897 sanctis
4123 832 4555 913 comprehen-

2595 916 2785 994 dant,
2842 938 3009 1001 quae
3073 919 3161 983 sit
3213 916 3588 1001 longit-ude,
3655 916 3964 995 latitudo,
4022 922 4089 983 et
4141 916 4556 1000 profunditas

2596 1002 2871 1086 (Ephes.
2919 1009 2972 1082 l,
3017 1005 3144 1086 18).
3234 1004 3373 1070 Νο0
3416 1005 3693 1080 1111111111,
3743 1023 3947 1084 quum
3991 1003 4145 1069 alibi
4190 1003 4556 1086 spiritualis

2596 1089 2957 1172 sapientiae
3022 1088 3440 1155 altitudinem
3512 1091 3583 1155 in
3659 1110 3772 1155 cor
3848 1089 4135 1154 hominis
4201 1088 4557 1156 ascendere

2599 1184 2795 1258 neget
2840 1178 2899 1259 (1
2944 1174 3094 1241 Gor.
3134 1180 3192 1255 2,
3237 1182 3365 1261 14).

2769 1262 2853 1325 In
2898 1259 3185 1327 secunda
3227 1263 3433 1327 classe
3476 1261 3939 1345 promissiones
3982 1261 4341 1339 constituo,
4389 1282 4555 1345 quae

2598 1345 3039 1412 conditionem
3105 1346 3353 1412 habent
3417 1368 3773 1425 annexam,
3849 1347 3905 1412 si
3969 1346 4317 1412 fecerimus
4383 1345 4557 1431 quod

2596 1433 2888 1516 postulat
2932 1434 3116 1498 Deus
3162 1455 3202 1497 a
3239 1434 3445 1499 nobis.
3513 1434 3691 1498 Nam
3728 1432 3860 1497 illis
3903 1433 3996 1497 sic
4037 1431 4390 1499 adversum
4434 1454 4555 1500 nos

2598 1528 2929 1602 pugnant:
2980 1517 3318 1600 Quorsum
3359 1518 3648 1601 pendere
3692 1540 3732 1583 a
3776 1519 3964 1585 nobis
3999 1540 4228 1591 eorum
4268 1519 4555 1602 comple-

2598 1612 2893 1669 mentum
2955 1603 3317 1683 diceretur,
3377 1626 3544 1688 quae
3587 1604 3775 1670 Deus
3829 1605 4180 1688 promittit,
4242 1607 4298 1671 si
4356 1627 4556 1689 penes

2598 1712 2719 1756 nos
2762 1711 2897 1754 non
2941 1691 3028 1755 sit
3069 1691 3283 1756 facere
3338 1699 3413 1755 ιιι
3466 1691 3905 1774 impleantur?
3998 1690 4114 1757 Sic
4158 1699 4380 1757 autom
4423 1692 4557 1758 illic

2598 1773 2993 1859 respondeo:
3051 1798 3254 1859 quum
3296 1776 3600 1842 fidelibus
3648 1777 3837 1841 iuxta
3891 1798 3966 1843 ac
4009 1777 4230 1861 impiis
4274 1779 4557 1844 offeran-

2600 1868 2710 1926 tur
2778 1863 3241 1944 promissiones
3258 1915 3274 1939 ,
3335 1884 3528 1929 suum
3582 1862 3757 1947 apud
3813 1871 4130 1945 utrosque
4188 1886 4382 1929 usum
4440 1865 4559 1929 ha-

2599 1948 2771 2013 bere.
2860 1948 3108 2032 Impios
3153 1950 3331 2013 enim
3372 1951 3467 2013 ita
3509 1949 3836 2028 convinci,
3882 1957 3960 2014 ut
4000 1972 4121 2014 sua
4163 1949 4561 2034 indignitate

2600 2032 2855 2118 privari
2911 2056 2982 2100 se
3022 2035 3154 2099 Dei
3196 2034 3526 2101 beneficiis
3569 2043 3958 2119 agnoscant,
4017 2056 4185 2118 quae
4238 2037 4376 2101 suis
4420 2036 4559 2103 cul-

2601 2120 2851 2186 toribus
2893 2128 3230 2203 praestare
3274 2121 3472 2187 solet:
3529 2130 3603 2185 ut
3653 2120 3748 2204 pii
3803 2140 4063 2187 rursum
4111 2121 4194 2188 ad
4252 2122 4559 2189 timorem

2602 2212 2671 2271 et
2711 2205 3150 2271 obedientiam
3192 2207 3350 2286 Dei,
3404 2205 3488 2272 ad
3534 2228 3762 2273 veram
3814 2207 4028 2273 cordis
4081 2210 4440 2291 puritatem
4493 2218 4560 2274 et

2602 2293 3039 2357 innocentiam
3057 2344 3074 2372 ‚
3125 2294 3457 2376 proposita
3498 2292 3634 2359 illic
3678 2292 4146 2374 benedictione,
4193 2292 4560 2361 reddantur

2601 2378 2977 2445 alacriores:
3023 2377 3139 2445 sed
3182 2380 3419 2464 spiritu
3461 2379 3876 2446 rectitudinis
3919 2381 4090 2459 freti,
4137 2400 4273 2445 11011
4307 2379 4560 2447 viribus

2602 2465 2755 2530 suis.
2845 2463 3133 2531 Proinde
3189 2464 3430 2532 talibus
3479 2465 3821 2549 promissis
3878 2466 4170 2549 ablegari
4228 2465 4427 2533 doceo
4473 2467 4559 2533 ad

2600 2550 3045 2633 quaerendam
3099 2552 3230 2617 Dei
3270 2553 3587 2636 gratiam,
3644 2572 3774 2634 qua
3825 2551 3967 2617 sola
4008 2554 4358 2635 pervenire
4402 2553 4559 2620 illuc

2602 2644 2905 2718 possunt,
2963 2658 3089 2721 quo
3144 2646 3500 2704 vocantur:
3565 2638 3850 2721 Pighius
3902 2639 3974 2703 in
4026 2638 4231 2705 libero
4287 2640 4559 2706 arbitrio

2601 2722 2872 2788 retineri
2917 2730 3124 2806 putat.
3226 2722 3450 2805 Quam
3503 2724 3880 2807 opinionem
3931 2732 4008 2789 ut
4049 2726 4412 2803 confirmet,
4460 2725 4559 2790 di-

2602 2829 2867 2873 versum
2910 2810 3113 2875 finem
3157 2831 3197 2874 a
3217 2810 3453 2895 Moyse
3505 2811 3708 2875 fuisse
3752 2810 4189 2894 designatum,
4243 2810 4557 2877 obtendit.

2603 2891 2716 2961 Sic
2781 2894 2987 2974 enim,
3053 2896 3471 2980 promulgata
3532 2895 3707 2981 lege,
3783 2896 4096 2980 loquitur:
4175 2896 4560 2979 Considera,

2600 2980 2774 3062 quod
2819 2980 3012 3047 hodie
3053 2983 3509 3065 proposuerim
3561 2983 3633 3046 in
3676 2990 4026 3066 conspectu
4082 2990 4196 3049 tuo
4238 2983 4449 3049 vitam
4493 2994 4563 3050 et

2600 3075 2899 3148 mortem,
2945 3074 3065 3135 etc.
3113 3067 3341 3154 (Dent.
3382 3072 3484 3150 30,
3529 3068 3657 3154 15).
3748 3066 3957 3151 Quasi
4010 3087 4150 3134 non
4192 3068 4432 3137 clamet
4474 3093 4562 3139 ex

2601 3155 2895 3238 opposito
2941 3155 3291 3240 apostolus,
3338 3155 3575 3240 legem,
3620 3176 3792 3238 quae
3830 3155 3903 3219 in
3940 3155 4148 3222 vitam
4181 3177 4302 3240 per
4344 3178 4415 3223 se
4450 3181 4561 3225 ce-

2601 3238 2757 3306 dere
2801 3240 3132 3323 debuerat,
3176 3248 3454 3307 naturae
3497 3248 3765 3307 nostrae
3804 3242 3969 3306 vitio
4008 3242 4208 3308 fuisse
4253 3242 4439 3310 nobis
4486 3245 4559 3311 in

2601 3326 2877 3392 exitium
2921 3349 3307 3393 conversam
3351 3327 3571 3410 (Rom.
3615 3331 3673 3406 7,
3716 3327 3843 3411 13).
3911 3328 4061 3392 Lex
4098 3326 4361 3410 quidem
4398 3331 4561 3398 iusti

2600 3413 2797 3479 officii
2839 3414 3136 3479 exactrix
3181 3420 3306 3478 est:
3360 3412 3476 3478 sed
3520 3432 3642 3478 1108
3689 3411 3999 3480 solvendo
4045 3419 4191 3493 [pag.
4237 3422 4384 3495 161]
4430 3418 4558 3481 mi-

2601 3499 2779 3563 nime
2824 3521 3071 3564 sumus.
3131 3500 3282 3564 Lex
3316 3498 3796 3564 inaestimabile
3830 3498 3997 3564 illud
4032 3499 4211 3566 vitae
4247 3508 4557 3570 aeternae

2601 3585 2968 3665 praemium
3020 3586 3161 3650 suis
3213 3584 3574 3651 cultoribus
3629 3586 3989 3668 repositum
4045 3607 4189 3652 esse
4244 3588 4551 3655 ostendit.

2602 3666 2738 3734 Sed
2781 3687 2977 3735 nemo
3035 3679 3165 3750 est,
3225 3671 3337 3753 qui
3382 3670 3492 3737 vel
3536 3670 3707 3738 serio
3763 3672 3999 3737 saltem
4052 3683 4293 3738 conatu
4336 3673 4556 3758 adspi-

2600 3776 2747 3820 rare
2803 3756 2963 3822 illuc
3028 3757 3296 3840 propria
3350 3757 3599 3823 virtute
3666 3765 3881 3840 queat.
3994 3756 4219 3839 Quare
4283 3759 4554 3841 Paulus,

2600 3839 2758 3905 dum
2812 3841 2976 3907 illud
3033 3842 3334 3922 adducit,
3390 3844 3502 3926 qui
3545 3844 3772 3908 fecerit
3812 3842 4008 3924 haec,
4060 3845 4244 3911 ‘vivet
4283 3845 4356 3911 in
4398 3847 4553 3926 illis,

2598 3927 2937 4007 continue,
2985 3931 3168 4011 quasi
3211 3951 3284 3994 re
3328 3927 3701 4012 desperata,
3747 3932 4101 4014 confugere
4144 3929 4230 3995 ad
4271 3931 4555 3999 alterum

2600 4013 2863 4097 asylum
2905 4036 3028 4079 nos
3071 4015 3284 4081 docet:
3333 4024 3409 4080 ut
3448 4016 3741 4100 gratuito
3777 4023 3844 4080 et
3878 4016 4023 4081 sine
4056 4018 4361 4099 operibus
4396 4041 4555 4085 con-

2599 4119 2986 4181 sequamur,
3044 4101 3216 4182 quod
3260 4102 3446 4166 Deus
3502 4101 3641 4169 loco
3694 4102 4016 4169 mercedis
4067 4102 4201 4168 i-llic
4244 4106 4554 4189 operibus

2598 4185 2922 4268 promittit
2978 4186 3159 4271 (Gal.
3205 4191 3262 4265 3,
3306 4187 3434 4272 13).
3539 4186 3676 4254 Sed
3751 4188 3959 4253 instat
4016 4189 4330 4273 Pighius,
4398 4193 4556 4274 quia

2600 4292 2755 4335 mox
2800 4272 3103 4337 subiiciat
3144 4274 3439 4358 Moyses:
3490 4281 3565 4338 ut
3596 4273 3817 4352 facias,
3864 4284 3931 4340 et
3964 4295 4160 4358 opere
4203 4277 4549 4361 compleas.

2599 4357 2854 4441 Nempe
2917 4368 2993 4423 ut
3067 4359 3190 4425 hoc
3255 4358 3479 4424 audito
3546 4359 3743 4428 officii
3819 4361 4027 4426 nostri
4090 4364 4555 4429 necessitatem

2599 4445 2902 4522 sciamus,
2949 4451 3018 4508 et
3058 4445 3232 4512 facto
3276 4447 3522 4510 virium
3575 4453 3958 4512 nostrarum
4000 4448 4317 4530 pericu10,
4364 4451 4551 4516 infir-

2597 4530 2846 4594 mitatis
2862 4582 2877 4608 ‚
2924 4530 3036 4596 vel
3075 4531 3503 4613 impotentiae
3559 4534 3776 4616 potius
3819 4540 4082 4598 nostrae
4125 4536 4406 4602 convicti
4452 4535 4552 4601 di-

2597 4636 2745 4766 ceil·e
2798 4617 2942 4681 Deo
2997 4638 3336 4701 cogamur:
3396 4616 3507 4683 Da
3558 4618 3730 4702 quod
3781 4618 3997 4699 iubes,
4052 4625 4121 4684 et
4171 4620 4322 4686 iube
4376 4621 4553 4705 quod

2600 4724 2680 4767 ve
2707 4723 2781 4767 18.

2771 4787 2995 4851 Tertia
3048 4787 3274 4853 classis
3315 4788 3398 4855 iis
3441 4789 3784 4856 sententiis
3826 4797 4111 4870 constat,
4165 4790 4275 4857 ubi
4318 4792 4553 4862 Domi-

2601 4894 2729 4938 nus
2779 4871 3022 4956 populo
3088 4873 3436 4941 israelitico
3489 4878 3875 4960 exprobrat,
3932 4898 4052 4960 per
4093 4899 4247 4942 eum
4288 4884 4552 4947 tantum

2602 4959 2876 5038 stetisse,
2924 4960 3275 5042 quominus
3320 4963 3498 5027 omni
3539 4961 3866 5028 bonorum
3908 4983 4154 5046 genere
4195 4963 4547 5033 frueretur.

2601 5044 2796 5110 Tales
2851 5045 3026 5110 enim
3083 5047 3620 5130 exprobrationes
3680 5052 3752 5114 in
3808 5068 3921 5114 eos
3985 5068 4349 5134 congruere
4413 5074 4551 5119 non

2598 5128 2934 5211 videntur,
2981 5132 3216 5215 quibus
3260 5133 3345 5199 ad
3378 5155 3653 5200 manum
3690 5135 3779 5201 sit
3812 5135 3976 5204 haec
3996 5136 4361 5219 responsio:
4406 5137 4548 5205 No-

2598 5215 2701 5282 bis
2736 5218 3132 5301 prosperitas
3166 5217 3347 5285 cordi
3380 5228 3539 5301 erat,
3573 5220 3852 5288 adversa
3882 5222 4291 5288 timebamus.
4347 5221 4549 5305 Quod

2599 5311 2819 5368 autem
2852 5302 3029 5369 illius
3063 5304 3537 5389 adipiscendae,
3560 5306 3798 5372 horum
3831 5305 4294 5393 fugiendorum
4326 5329 4547 5396 causa,
