4999 6179
420 437 538 500 389
1898 437 2027 504 DE
2071 436 2428 506 LIBERO
2471 436 2950 508 ARBITRIO.
4152 450 4157 455 '
4312 445 4440 511 390

418 626 526 778 alui
583 624 908 779 ᾶῦεριιιιιι,
965 641 1195 691 contra
1247 648 1344 692 se*
1379 624 1622 692 ostium
1685 625 1933 693 claudit
2002 627 2374 694 misericor-

483 733 560 777 ae
671 731 752 778 01.

585 800 681 863 At
720 795 1030 863 Solomon
1074 818 1210 863 non
1264 801 1610 883 proecipit,
1666 797 1783 864 sed
1827 799 2116 865 affirmat
2159 799 2372 866 homi-

417 885 517 951 nis
551 906 695 950 esse
731 883 1109 951 facultatem
1143 884 1580 968 praeparandi
1615 884 1830 951 cordis
1859 886 2095 967 (Prov.
2140 890 2238 965 16,
2283 889 2369 970 1).

414 972 508 1036 Et
546 970 654 1034 hic
700 970 900 1035 habes
954 972 1425 1055 expositionem
1477 971 1558 1037 Pi
1608 971 1718 1036 hio
1762 970 2052 1056 dignam.
2135 973 2370 1038 'Peme-

414 1057 656 1123 rariam
693 1055 1034 1121 hominum
1078 1055 1543 1123 confidentiam
1620 1056 1881 1123 olomon
1923 1057 2061 1122 11110
2096 1056 2369 1137 deridet,

456 1145 524 1211 ui
563 1142 731 1208 nihil
773 1163 910 1207 non
950 1144 1206 1226 agitant
1247 1143 1534 1221 consilii,
1593 1140 1761 1208 nihil
1805 1163 1941 1207 non
1983 1144 2205 1209 moliri
2250 1166 2367 1210 au·

496 1240 572 1295 nt
627 1230 770 1293 sine
820 1229 992 1294 Deo:
1061 1250 1264 1312 quum
1327 1238 1550 1294 tamen
1617 1250 1700 1294 ne
1763 1228 2041 1294 verbum
2105 1227 2369 1314 quidem

411 1317 744 1395 emittere,
851 1314 977 1380 uod
1042 1315 1257 1380 multo
1310 1317 1532 1382 minus
1588 1323 1719 1393 est,
1784 1315 1916 1381 nisi
1968 1336 2087 1399 per
2148 1317 2370 1400 ipsum

411 1414 671 1486 queant.
844 1401 1110 1480 ominis,
1173 1402 1420 1484 inquit,
1475 1410 1576 1467 est
1651 1422 1764 1467 cor
1815 1422 2238 1485 praeparare,
2301 1412 2370 1468 et

411 1488 688 1554 Domini
743 1494 847 1553 est
896 1488 1267 1572 gubernare
1319 1488 1633 1571 linguam.
1725 1486 1894 1568 Quis
1949 1509 2085 1553 non
2127 1487 2367 1567 videat,

407 1575 728 1640 ironicam
786 1593 929 1639 esse
983 1573 1318 1639 humanae
1377 1574 1791 1658 arrogantiae
1846 1573 2369 1657 descriptionem,

408 1681 580 1744 quae
616 1679 877 1726 summa
911 1660 1132 1724 01111110
1167 1659 1294 1725 sibi
1327 1670 1621 1745 usurpat,
1658 1681 1861 1742 quum
1897 1680 1982 1725 ne
2018 1661 2368 1726 minimum

407 1745 679 1830 quidem
721 1746 790 1810 in
837 1752 1164 1829 potestate
1206 1745 1488 1811 habeat?
1559 1745 1845 1830 Pighius
1890 1755 2116 1811 autem
2160 1769 2244 1812 ex
2290 1768 2368 1812 eo

405 1833 786 1917 praeveniri
831 1832 914 1897 ab
958 1832 1223 1897 homine
1267 1830 1395 1898 Dei
1438 1832 1723 1917 gratiam
1765 1832 2030 1916 colligit.

581 1918 731 1983 Iam
766 1938 928 2001 quas
963 1918 1158 2003 fingit
1192 1919 1730 2001 praeparationes
1763 1916 1909 1984 Deo
1944 1926 2170 2003 gratas
2204 1941 2366 1998 esse,

405 2027 491 2071 ex
534 2002 800 2069 Davide
843 2003 1101 2088 probat:
1151 2003 1572 2071 Desiderium
1620 2006 1794 2073 enim
1838 2025 2210 2090 pauperum
2252 2027 2368 2071 au-

404 2090 574 2156 divit
628 2092 845 2169 Deus;
912 2093 1480 2175 praeparationem
1545 2090 1759 2156 cordis
1822 2112 2046 2157 eorum
2113 2092 2370 2158 audivit

403 2179 587 2243 auris
633 2186 753 2241 tua
803 2176 1012 2261 (Psal.
1063 2182 1154 2255 10,
1200 2178 1327 2261 17).
1411 2177 1688 2244 ‘Utinam
1734 2176 1919 2255 vero,
1976 2176 2239 2261 quando
2283 2176 2368 2245 ad

399 2262 803 2330 vertendum
847 2285 979 2329 11011
1023 2270 1132 2328 0οι
1168 2263 1459 2341 1110110110,
1504 2263 1752 2328 bonum
1794 2264 2223 2346 interpretem
2266 2285 2368 2329 se-

400 2350 516 2433 qui
561 2348 945 2429 maluisset,
999 2370 1196 2432 quam
1241 2349 1323 2415 ad
1368 2349 1696 2415 inscitiam
1739 2350 1862 2415 1100
1905 2371 2163 2434 quoque
2207 2349 2363 2415 mali

400 2433 681 2521 addere,
736 2444 815 2501 ut
855 2435 1063 2500 errori
1116 2437 1541 2520 pertinaciter
1584 2435 1988 2502 adhaereret.
2065 2436 2174 2501 Ad
2218 2458 2366 2502 ver·

395 2522 559 2587 bum
606 2522 702 2587 010
747 2521 946 2587 habet
988 2518 1240 2587 David:
1300 2520 1722 2588 Desiderium
1769 2543 2132 2605 pauperum
2179 2523 2364 2588 audi·

395 2610 496 2675 vit
538 2607 767 2688 Deus3
811 2607 1236 2692 praeparabis
1279 2629 1391 2674 001·
1433 2629 1659 2673 eorum
1670 2631 1688 2688 3
1735 2607 1961 2674 audiet
2001 2608 2183 2673 auris
2233 2617 2365 2674 tua.

391 2694 706 2780 Pighius,
754 2694 1050 2779 vestigiis
1082 2694 1467 2777 interpretis
1505 2698 1654 2774 [pag.
1693 2700 1845 2774 218]
1881 2716 2012 2760 non
2048 2693 2202 2759 boni
2242 2715 2365 2761 nec

391 2780 510 2846 fidi
557 2781 880 2846 insistens
894 2831 909 2859 ,
967 2779 1051 2846 ad
1106 2781 1678 2865 praeparationem
1723 2789 1989 2864 torquet
2003 2832 2017 2858 ,
2076 2802 2205 2864 qua
2246 2781 2364 2848 ho-

389 2868 614 2933 mines
663 2876 920 2933 certent
968 2887 1121 2932 cum
1173 2865 1303 2932 Dei
1358 2868 1589 2950 gratia.
1667 2865 1877 2933 Vides
1921 2888 2119 2950 quam
2165 2889 2366 2953 appo-

390 2955 522 3018 sita
588 2954 684 3019 sit
745 2951 829 3017 ad
882 2974 1023 3018 rem
1088 2953 1405 3037 probatio.
1494 2953 1587 3019 Et
1649 2961 1872 3019 tamen
1922 2974 2057 3019 non
2111 2955 2366 3020 minore

387 3039 806 3134 truculentia
860 3047 1133 3123 stuppas
1175 3039 1341 3105 istas
1395 3041 1683 3123 proiicit,
1739 3061 1939 3123 quam
1983 3042 2040 3106 si
2083 3039 2367 3106 fulmina

387 3125 472 3192 de
509 3125 710 3210 coelo
746 3125 1054 3192 vibraret.

570 3211 866 3278 Subiicit
881 3264 895 3291 ,
972 3232 1235 3278 causam
1298 3210 1471 3278 hanc
1537 3210 1801 3291 adduci,
1864 3233 1983 3278 cur
2047 3212 2365 3295 spoliatus

382 3321 691 3451 32³3&
665 3297 1270 3464 ῗίῗᾎῗὲἳζῖωὼ
1299 3297 1677 3450 (ἒῖἕέοέἳὲ
1719 3297 2364 3469 Ἥῗῂιειῖοἱιὲἓξῗ

381 3493 560 3550 rare,
610 3470 850 3553 inquit,
894 3491 1026 3548 cor,
1070 3470 1156 3535 ad
1189 3470 1641 3554 quaerendum
1688 3468 1929 3549 Deum,
1976 3471 2182 3536 nihilo
2223 3492 2363 3535 ma-

377 3559 490 3708 {⁵⁸
537 3564 770 3642 potest
813 3555 1027 3634 hom0‚
1075 3578 1273 3640 quam
1317 3554 1523 3641 digito
1566 3558 1819 3624 coelum
1865 3567 2156 3642 tangere,
2201 3558 2361 3640 quid

428 3664 510 3709 00
570 3642 953 3726 specialiter
1006 3641 1088 3707 de
1133 3642 1429 3708 Roboam
1487 3644 1814 3726 scriptura
1873 3656 2370 3722 commemorat,

374 3731 576 3796 velut
622 3750 896 3795 causam
938 3728 1201 3812 reprobi
1232 3750 1488 3810 sensus,
1530 3726 1702 3812 quod
1863 3752 1947 3795 ue
1992 3740 2060 3793 et
2101 3730 2360 3812 piorum

376 3830 445 3881 et
512 3815 886 3899 impiorum
959 3824 1060 3880 est
1123 3814 1462 3880 omnium?
1564 3818 1784 3897 Atque
1900 3838 2028 3882 unc
2092 3816 2359 3894 nodum,

375 3899 719 3986 quidquid
762 3901 1248 3978 comminiscar,
1309 3900 1727 3967 insolubilem
1771 3923 1914 3967 0000
1957 3901 2128 3966 1111111
2175 3901 2361 3968 dubi-

371 3997 497 4053 tat.
597 3987 1022 4069 Respondeo,
1079 4009 1210 4052 non
1257 3984 1384 4054 dici
1432 4008 1698 4053 causam
1741 3989 2144 4067 reiectionis,
2190 3989 2363 4072 quod

370 4097 501 4158 per
545 4095 628 4138 se
678 4094 811 4137 non
857 4073 1168 4139 habuerit
1200 4073 1489 4139 flexibile
1534 4095 1662 4151 cor,
1701 4073 1874 4157 quod
1910 4075 2054 4140 sine
2090 4077 2360 4159 spiritus

371 4160 766 4225 directione
801 4158 884 4222 ad
926 4160 1345 4225 serviendum
1383 4161 1525 4224 Deo
1562 4161 1825 4243 proprio
1866 4169 2143 4227 naturae
2178 4171 2362 4227 motu

367 4247 773 4324 inclinaret,
818 4245 996 4328 quod
1030 4267 1150 4311 nos
1183 4247 1478 4311 omnium
1516 4246 1769 4329 pariter
1817 4248 2162 4312 hominum
2185 4269 2359 4314 com-

367 4353 588 4398 mune
640 4352 789 4396 esse
832 4331 1172 4410 tradimus,
1217 4333 1335 4398 sed
1376 4330 1547 4416 quod
1581 4354 1656 4397 re
1697 4334 1844 4416 ipsa
1878 4351 2009 4399 non
2048 4333 2364 4399 direxerit

368 4419 459 4483 ad
507 4419 754 4484 Deum
799 4438 937 4483 cor:
995 4417 1169 4499 quod
1211 4419 1432 4501 impiis
1482 4421 1820 4502 proprium
1865 4429 1995 4498 est,
2042 4441 2117 4485 ac
2161 4441 2359 4502 pecu-

365 4505 567 4571 liare.
674 4502 825 4569 Hoc
879 4504 1113 4568 vitium
1171 4505 1492 4570 usitatum
1549 4514 1651 4571 est
1707 4505 1977 4590 Pighio,
2035 4504 2195 4571 dum
2251 4526 2359 4572 res

365 4589 884 4657 diversissimas
927 4610 1061 4654 non
1103 4587 1481 4674 distinguit,
1539 4592 1706 4656 nihil
1749 4611 1882 4657 non
1929 4600 2158 4674 postea
2199 4593 2358 4657 mis-

363 4699 528 4744 cere
577 4687 656 4743 et
705 4674 1122 4742 confundere.
1202 4674 1437 4741 Oordis
1482 4677 1727 4743 duritia
1765 4687 1832 4743 et
1873 4680 2183 4761 pravitas,
2230 4699 2360 4761 qua

361 4767 474 4844 fit,
541 4773 630 4829 ut
681 4762 768 4828 ad
812 4761 1070 4827 malum
1118 4759 1641 4844 propendeamus
1657 4815 1671 4838 ‚
1726 4764 1811 4830 ad
1854 4765 2101 4831 bonum
2150 4765 2358 4830 simus

358 4853 829 4936 impotentes,
874 4846 1268 4914 universalis
1310 4855 1422 4911 est·
1453 4852 1712 4931 generis
1754 4849 2031 4917 humani
2071 4850 2356 4930 morbus,

361 4938 599 5003 donec
661 4935 904 5017 spiritu
974 4956 1093 5000 suo
1146 4931 1508 4998 remedium
1572 4932 1943 5001 adhibuerit
2007 4935 2353 5002 Dominus.

359 5024 510 5091 Ubi
555 5031 799 5087 autem
844 5042 954 5085 cor
998 5022 1072 5087 in
1115 5040 1250 5086 uno
1293 5040 1609 5085 carneum
1651 5019 1986 5098 formavit,
2032 5022 2106 5086 in
2151 5023 2356 5088 altero

355 5109 760 5195 lapideum,
805 5107 974 5174 sicut
1008 5128 1049 5172 a
1081 5113 1325 5172 natura
1364 5112 1527 5184 crat,
1564 5104 1856 5189 reliquit:
1899 5105 2036 5169 iam
2073 5107 2358 5173 multum

354 5198 556 5263 ‘mter
608 5214 737 5258 eos
793 5202 895 5259 est
945 5192 1358 5259 discriminis.
1446 5190 1570 5256 Ille
1615 5210 1728 5255 cor
1769 5190 1989 5254 flexile
2029 5189 2233 5256 habet
2272 5194 2356 5256 ad

355 5284 502 5350 Dei
552 5278 1048 5358 obedientiam,
1107 5280 1239 5344 imo
1284 5277 1413 5344 Dei
1462 5276 1678 5361 legem
1722 5276 1923 5341 habet
1975 5278 2358 5360 inscriptam
2464 5276 2488 5283 ”

354 5371 430 5435 111
498 5364 756 5444 corde,
811 5374 890 5430 ut
943 5365 1084 5430 eius
1137 5364 1426 5430 iustitiae
1442 5414 1458 5444 ,
1506 5369 1644 5428 toto
1688 5363 2044 5429 voluntatis
2098 5362 2354 5442 affectu,

2476 628 2914 711 obtemperet;
2958 627 3065 694 1110
3100 625 3293 694 001·ᾶο
3327 627 3662 710 indomito,
3708 630 4041 698 obstinato
4076 654 4153 701 ac
4187 634 4435 715 rebelli,

2477 722 2547 779 et
2587 715 2803 780 Deum
2850 721 2918 779 et
2959 714 3103 779 eius
3142 715 3374 797 iugum
3418 723 3829 799 aspernatur.
3888 717 4082 784 Illius
4125 718 4433 786 obedien-

2477 801 2572 865 tia
2613 820 2777 883 opus
2819 798 2950 866 Dei
2997 809 3126 871 est:
3184 799 3292 865 hic
3346 822 3478 865 non
3523 801 3727 868 alium
3782 803 4012 884 habet,
4064 807 4171 871 cui
4215 808 4433 888 pervi-

2474 886 2725 952 caciam
2777 908 2967 952 suam
3021 887 3113 963 im
3163 892 3337 965 utet,
3394 888 3521 952 nisi
3577 909 3648 953 00
3700 890 3939 972 ipsum.
4044 892 4253 976 Ergo,
4317 894 4434 977 qui

2473 971 2643 1037 nihil
2708 974 2921 1055 prima
2974 993 3095 1039 con
3149 972 3347 1038 ‘tione
3412 972 3827 1056 differebant,
3898 977 4027 1042 Dei
4084 979 4299 1061 gratia
4363 994 4434 1043 et

2472 1055 2713 1122 iudicio
2774 1080 2952 1124 nunc
3026 1068 3184 1124 sunt
3257 1056 3540 1125 discreti.
3637 1060 3892 1128 Vident
3953 1062 4257 1141 lectores,
4324 1086 4431 1129 me

2470 1143 2643 1209 nihil
2685 1145 3122 1223 comminisci,
3174 1151 3245 1209 et
3284 1153 3508 1210 tamen
3553 1145 3811 1212 nullum
3855 1148 4139 1231 amplius
4183 1157 4433 1216 restare

2472 1250 2807 1313 scrupum.

2640 1315 2834 1397 Post,
2891 1323 2968 1381 ut
3007 1313 3368 1381 identidem
3412 1316 3613 1397 solet,
3671 1320 3753 1383 ad
3852 1330 4154 1404 raecepta
4192 1320 4431 1387 relabi-

2471 1407 2600 1467 tur.
2692 1406 2842 1482 [pag.
2888 1407 3041 1483 219]
3094 1402 3347 1467 Verum
3401 1405 3558 1486 quia
3610 1405 3798 1486 provi
3844 1407 4012 1483 ebat,
4042 1408 4090 1488 ι)
4151 1428 4271 1472 nos
4325 1429 4428 1473 re-

2471 1489 2820 1571 sponsione
2876 1509 3015 1554 non
3066 1488 3359 1567 destitui,
3416 1489 3786 1575 subiungit,
3845 1512 4013 1574 quae
4068 1492 4200 1558 illic
4244 1494 4427 1561 Deus

2466 1594 2630 1724 1ἷῖ
2631 1574 2749 1726 Ἥ
2738 1575 2863 1725 imot’
2855 1572 3082 1726 {23¹3
3113 1574 3725 1743 ffffiffiffffig
3766 1576 4429 1747 {imu{³⁰13¹‡20¹'1?0¹}2{

2469 1747 2670 1811 corda
2703 1766 2823 1812 sua
2843 1747 3149 1823 Domino,
3187 1746 3509 1813 Ezechias
3542 1748 3719 1826 item,
3757 1770 3841 1813 ne
3877 1749 4205 1816 cervicem
4240 1770 4428 1816 suam

2469 1832 2827 1898 obduraret
2866 1838 3134 1915 patrum
3174 1848 3449 1897 suorum
3486 1853 3697 1911 more,
3759 1833 3876 1900 sed
3929 1856 4165 1902 manus
4218 1838 4426 1919 porri-

2556 1929 2684 1984 ret:
2760 1918 2859 1984 ita
2931 1918 3135 1983 refert
3197 1938 3386 1984 sacra
3450 1919 3753 1997 historia,
3821 1922 4080 1989 venisse
4145 1943 4229 1987 ex
4290 1930 4429 1987 toto

2509 2004 2720 2075 sraele
2764 2002 3099 2088 quosdam,
3142 2012 3210 2068 et
3262 2023 3374 2069 cor
3407 2025 3602 2070 suum
3656 2005 4034 2088 tradidisse,
4096 2019 4175 2074 ut
4224 2010 4433 2074 eervi-

2469 2104 2621 2155 rent
2684 2089 2973 2156 Domino
3070 2092 3107 2153 2
3158 2087 3405 2155 Ohron.
3455 2095 3557 2169 30,
3613 2095 3672 2155 8.
3731 2094 3857 2177 ll).
3952 2092 4119 2176 Quis
4185 2094 4429 2178 negat?

2470 2175 2673 2242 Modo
2716 2184 2940 2241 tamen
2981 2196 3058 2241 su
3104 2175 3385 2259 intelligi
3431 2174 3667 2241 debere
3703 2198 3839 2243 non
3876 2179 4211 2259 detrectet,
4255 2178 4433 2264 quod

2471 2261 2627 2329 alibi
2685 2263 3105 2345 exprimitur:
3170 2282 3449 2345 quorum
3505 2263 3818 2346 tetigerat
3869 2265 4055 2330 Deus
4108 2265 4307 2331 corda
4357 2269 4419 2349 (Ι

2471 2346 2653 2414 Sam.
2700 2354 2795 2426 10,
2834 2347 2967 2432 26).
3054 2347 3284 2430 Neque
3318 2348 3496 2413 enim
3539 2349 3682 2412 fieri
3727 2371 4049 2433 negamus
4091 2350 4175 2416 ab
4218 2350 4431 2417 homi-

2467 2435 2667 2502 nibus
2723 2436 2887 2502 haec
2930 2443 2998 2499 et
3039 2432 3298 2498 similia.
3386 2432 3467 2498 Id
3524 2441 3744 2499 autem
3799 2435 4013 2501 solum
4071 2442 4200 2514 est,
4254 2435 4431 2521 quod

2467 2520 2648 2587 inter
2706 2543 2825 2587 nos
2883 2520 3423 2599 controvertitur,
3484 2521 3836 2604 proprione
3888 2530 4077 2591 motu
4129 2529 4427 2603 naturae,

2471 2628 2559 2673 an
2602 2609 2873 2692 spiritus
2916 2606 3124 2672 sancti
3161 2603 3366 2672 ductu
3408 2613 3476 2671 et
3517 2605 3996 2690 gubernatione
4038 2629 4119 2675 ea
4159 2608 4424 2675 faciant.

2642 2693 2959 2772 Tandem,
3003 2701 3083 2757 ut
3121 2691 3340 2775 aliquo
3383 2691 3723 2758 involucro
3765 2694 4039 2777 operiat,
4083 2715 4279 2777 quam
4324 2697 4427 2760 ni-

2469 2783 2597 2847 mis
2642 2780 2984 2845 detexerat
3024 2778 3450 2862 impietatem,
3496 2777 3582 2843 ad
3622 2778 3810 2844 liberi
3856 2779 4107 2846 arbitrii
4142 2782 4427 2869 gratiae-

2471 2889 2601 2953 que
2644 2866 3170 2966 coniugationem
3223 2864 3623 2933 revertitur:
3670 2866 3859 2932 cuius
3913 2867 4248 2951 specimen
4292 2888 4429 2933 una

2470 2957 2545 3019 in
2587 2976 2661 3018 re
2704 2952 3017 3018 exhibere
3062 2950 3310 3029 studet,
3355 2959 3432 3016 ut
3472 2949 3552 3015 de
3596 2950 3865 3034 reliquis
3908 2952 4041 3019 tale
4084 2954 4285 3019 etiam
4325 2954 4429 3018 iu·

2471 3040 2715 3106 dicium
2767 3040 2902 3106 fiat.
3004 3037 3420 3121 Sapientiam
3475 3038 3648 3101 enim
3712 3039 3908 3104 unius
3964 3038 4227 3122 quidem
4284 3060 4428 3106 esse

2470 3128 2600 3193 Dei
2655 3125 2933 3191 donum:
2999 3124 3115 3189 sed
3171 3123 3315 3190 dari
3370 3145 3520 3189 cum
3588 3123 3875 3204 delectu,
3941 3147 4077 3190 11011
4141 3125 4422 3192 obtrudi.

2468 3212 2639 3280 Dari
2680 3232 2873 3294 porro
2917 3231 3050 3276 non
3092 3210 3223 3275 nisi
3263 3210 3378 3289 iis,
3424 3209 3539 3292 qui
3581 3229 3728 3275 00111
3772 3211 4111 3290 invocant,
4153 3212 4268 3295 qui
4313 3231 4425 3277 cor

2465 3300 2565 3365 illi
2611 3318 2807 3365 suum
2844 3296 3182 3364 inclinant.
3270 3294 3650 3361 Humilium
3694 3296 3895 3362 enim·
3915 3318 4087 3376 esse,
4131 3318 4267 3363 non
4313 3321 4425 3364 su-

2465 3385 2837 3470 perborum.
2916 3380 3142 3464 Quid?
3212 3384 3323 3447 An
3390 3401 3527 3447 non
3593 3381 3931 3449 humilitas
3983 3404 4240 3468 quoque
4291 3382 4423 3449 Dei

2468 3473 2716 3538 donum
2759 3469 2903 3536 est?
2973 3466 3169 3550 Quod
3215 3468 3273 3532 si
3315 3473 3516 3551 neget
3557 3467 3871 3553 Pighius,
3917 3468 4155 3553 quibus
4199 3479 4424 3537 tamen

2467 3559 2639 3624 hanc
2693 3556 3186 3640 persuasionem
3234 3554 3559 3620 machinis
3615 3575 3696 3620 ex
3754 3556 4012 3639 piorum
4068 3556 4422 3632 mentibus,

2467 3645 2705 3729 quibus
2758 3643 3022 3726 penitus
3076 3641 3285 3706 infixa
3327 3651 3459 3720 est,
3519 3640 3836 3707 revellet?
3924 3642 4221 3727 Ergone,
4268 3644 4425 3725 quia

2467 3730 2795 3816 gradatim
2839 3729 3093 3794 confert
3136 3729 3321 3793 Deus
3377 3748 3531 3793 suas
3576 3728 3827 3812 gratias
3841 3779 3857 3807 ,
3912 3737 3992 3794 ut
4035 3749 4168 3793 una
4207 3728 4297 3794 sit
4338 3729 4422 3794 ad

2466 3817 2743 3883 alteram
2786 3815 3213 3899 praeparatio,
3256 3812 3403 3880 ideo
3446 3814 3663 3880 laudis
3703 3834 3859 3881 suae
3900 3823 4088 3898 parte
4131 3815 4423 3896 privabi-

2466 3903 2618 3969 tur?
2669 3904 2856 3986 quasi
2910 3901 3245 3967 hominem
3302 3909 3564 3965 tantum
3622 3902 3757 3965 suis
3804 3900 4134 3966 beneficiis
4195 3898 4420 3966 subse-

2465 3997 2735 4073 quatur,
2792 4009 2928 4052 non
2983 3996 3205 4053 autem
3257 3988 3457 4052 etiam
3499 3987 3905 4069 praeveniat.
3983 3987 4079 4051 At
4121 3987 4178 4051 si
4222 4006 4415 4070 quem

2465 4077 2651 4141 Deus
2694 4074 2833 4140 suis
2874 4073 3106 4158 gratiis
3146 4073 3485 4157 dignetur,
3530 4071 3717 4136 nullo
3761 4073 4280 4154 praeparationis
4316 4094 4418 4137 re-

2464 4169 2721 4246 spectu,
2776 4160 2852 4224 in
2903 4159 3190 4242 reliquos
3242 4157 3528 4223 iniurius
3585 4159 3714 4223 erit
3767 4165 3834 4222 et
3884 4156 4198 4238 crudelis,
4256 4178 4420 4242 quos

2468 4250 2721 4314 interea
2764 4245 3163 4330 praeteribit.
3244 4244 3442 4310 Oerte
3486 4244 3541 4308 si
3588 4243 3813 4329 Pighii
3856 4244 4169 4311 tribunali
4215 4245 4420 4309 subii-

2464 4342 2723 4400 ceretur
2762 4334 2976 4410 Deus,
3035 4329 3158 4396 sub
3213 4330 3429 4396 iudice
3471 4338 3607 4395 tam
3651 4330 3824 4395 male
3866 4331 4178 4415 propiti0‚
4232 4331 4421 4395 facile

2465 4441 2662 4487 causa
2704 4419 2985 4485 caderet.
3040 4418 3355 4482 Testatur
3397 4418 3594 4496 0111111,
3641 4438 3711 4482 00
3756 4417 3966 4483 00111111
4012 4438 4173 4495 0000,
4217 4438 4258 4480 0
4293 4435 4420 4498 quo

2465 4507 2901 4573 discernimur
2945 4505 3008 4582 (l
3053 4502 3204 4569 Gor.
3246 4511 3307 4582 4,
3351 4504 3446 4587 7);
3504 4524 3707 4586 quum
3764 4503 4006 4587 alioqui
4052 4503 4259 4567 simus
4301 4522 4420 4584 per

2466 4592 2691 4657 omnia
2733 4590 2996 4657 similes.
3088 4587 3268 4670 Quid
3312 4590 3517 4674 igitur
3559 4589 3654 4656 sic
3693 4586 4098 4673 obloquendo
4141 4587 4422 4671 Pighius

2463 4680 2604 4762 agit
2644 4676 2844 4755 aliud,
2889 4677 3021 4741 nisi
3060 4673 3235 4759 quod
3276 4675 3528 4758 lapides
3562 4696 3826 4742 sursum
3868 4677 3935 4740 in
3973 4674 4224 4740 coelum
4268 4694 4421 4756 pro-

2460 4765 2620 4844 iicit,
2665 4764 2777 4847 qui
2822 4784 2977 4827 mox
3010 4764 3084 4826 in
3124 4770 3324 4846 caput
3358 4762 3498 4828 eius
3532 4760 3874 4828 recidant?
3944 4765 4093 4840 [pag.
4134 4763 4284 4840 220]
4325 4759 4423 4826 Ut

2463 4871 2622 4935 ergo
2677 4849 2918 4915 millies
2983 4848 3252 4928 clamet,
3320 4849 3583 4934 spiritui
3649 4854 3874 4913 sancto
3942 4856 4011 4912 et
4075 4847 4421 4912 universae

2460 4937 2831 5020 scripturae
2873 4934 3209 5015 resistere,
3254 4936 3366 5017 qui
3408 4933 3578 4999 nihil
3622 4932 3704 4998 ad
3750 4932 4247 5015 promerendam
4294 4934 4423 4999 Dei

2460 5023 2747 5107 gratiam
2790 5019 3122 5087 facultatis
3157 5021 3413 5086 homini
3448 5017 3834 5099 concedunt,
3883 5021 4152 5103 eiusque
4188 5019 4422 5086 volun-

2461 5117 2666 5175 tatem
2730 5107 2824 5174 sic
2880 5127 2921 5171 a
2973 5106 3225 5172 iustitia
3273 5127 3574 5172 aversam
3619 5126 3764 5172 esse
3809 5104 4048 5173 docent
4062 5157 4076 5184 ,
4134 5113 4209 5170 ιιι
4250 5104 4423 5170 nihil

2607 5378 2667 5445 1)
2705 5380 2855 5435 Besa
2890 5382 3222 5437 emacuit.-
3257 5379 3612 5450 praevidebat
