4999 6179
609 427 733 487 335
1944 418 2473 488 RESPONSIO
2520 416 2898 485 CONTRA
2933 419 3349 487 PIGHIUM
4499 422 4626 484 336

606 612 793 678 nobis
848 610 1261 693 impositum,
1322 610 1494 691 ipse,
1552 620 1617 674 et
1672 611 1989 692 Prosper,
2048 618 2117 674 et
2161 607 2565 685 Bernardus,
2673 617 2788 671 aut
2828 608 3058 685 iacere.
3129 607 3450 675 Videmus
3491 607 3598 673 hic
3634 609 3979 691 profanum
4020 606 4487 692 philosophum
4530 607 4627 671 fa-

607 719 737 763 uno
782 717 894 762 010
938 695 1228 761 tradunt.
1322 693 1719 778 Quanquam
1764 704 1842 759 ut
1900 695 2191 760 liberalis
2237 696 2565 771 videatur,
2672 694 2817 771 teri,
2864 712 3002 757 1100
3044 696 3113 758 10
3156 702 3480 777 potestate
3525 694 3815 760 hominis
3859 715 4121 777 semper
4164 714 4337 770 esse,
4393 704 4469 757 ut
4512 693 4627 758 bo·

605 783 768 849 haec
809 802 879 847 80
922 782 1090 846 101111
1133 782 1306 846 ultro
1349 781 1576 866 largiri
1633 782 1869 861 iactat,
1924 802 2129 864 quum
2174 790 2568 865 argumenta
2671 801 2797 844 nus
2839 781 2955 845 sit:
3015 781 3147 845 imo
3189 801 3325 844 non
3369 781 3500 846 nisi
3535 778 3785 844 malum
3830 800 3973 845 esse
4015 799 4240 861 posse3
4296 785 4365 844 et
4403 787 4626 844 tamen

603 889 756 934 mea
798 868 929 933 tale
972 868 1143 932 nihil
1188 868 1512 933 evincant.
1593 867 1823 932 Patior
1880 876 1958 930 ut
2014 868 2139 933 sibi
2186 867 2361 931 domi
2407 888 2567 931 suae
2670 865 3015 930 voluntate
3070 887 3212 931 esse
3255 865 3326 930 id
3385 866 3557 948 quod
3608 873 3736 944 est,
3794 874 3863 929 et
3904 887 4036 929 non
4081 863 4426 929 violentia:
4473 866 4628 949 01110

604 955 785 1020 1111110
812 954 1119 1037 plausum
1153 952 1281 1031 det,
1309 951 1503 1018 modo
1541 956 1682 1018 eius
1707 954 1968 1019 vanitas
1998 954 2307 1018 omnibus
2344 953 2566 1035 palam
2668 951 2989 1033 principio
3024 951 3235 1018 libera
3271 973 3472 1036 penes
3507 954 3725 1035 ipsum
3749 950 3978 1017 electio
4003 952 4231 1016 fuerit:
4276 972 4393 1033 per
4428 972 4628 1033 quam

605 1042 936 1124 appareat.
986 1038 1183 1120 Quod
1206 1049 1280 1103 ut
1305 1039 1440 1117 fiat,
1487 1040 1944 1105 necessitatem
1979 1039 2390 1104 definiamus.
2451 1040 2564 1103 An
2670 1058 2740 1101 se
2784 1036 3242 1102 tradiderit-in
3281 1037 3632 1103 libidinum
3670 1037 4056 1119 obsequium
4099 1056 4176 1102 ac
4218 1038 4625 1103 servitutem.

605 1135 829 1191 autem
881 1125 1047 1190 mihi
1097 1145 1234 1190 non
1290 1125 1600 1190 concedet
1643 1124 1953 1208 Pighius,
2012 1134 2254 1190 statam
2301 1120 2444 1190 esse
2488 1146 2565 1189 ac
2668 1124 2765 1187 At
2818 1145 2975 1188 vero
3032 1124 3197 1190 haec
3257 1125 3524 1208 propria
3578 1131 3679 1189 est
3735 1121 4267 1188 Christianorum
4337 1123 4627 1205 philoso-

604 1214 863 1277 firmam
912 1211 1351 1289 stabilitatem,
1411 1210 1524 1275 ubi
1569 1231 1675 1276 res
1719 1211 1914 1275 aliter
1957 1232 2099 1277 esse
2156 1232 2294 1275 nen
2349 1218 2568 1294 potest
2668 1208 2841 1290 phia,
2890 1209 3176 1291 primum
3216 1226 3561 1292 parentem
3605 1220 3936 1287 nostrum,
3993 1229 4128 1273 non
4172 1208 4367 1273 modo
4413 1229 4484 1274 se
4528 1214 4629 1291 ip-

605 1319 806 1381 quam
848 1297 977 1362 sit?
1045 1294 1245 1380 Apud
1287 1297 1714 1362 Aristotelem
1755 1306 1930 1361 certe
1973 1295 2039 1359 τὰ
2088 1295 2318 1381 ὁπότερ’
2368 1300 2566 1377 ἔτυχεν
2668 1315 2833 1373 sum,
2879 1295 2995 1359 sed
3039 1316 3268 1361 omnes
3313 1315 3467 1362 suos
3510 1303 3805 1380 posteros
3850 1295 4045 1360 simul
4087 1296 4477 1376 corrupisse,
4525 1306 4626 1359 at-

604 1383 981 1448 necessitati
1024 1404 1281 1466 semper
1326 1385 1699 1467 opponitur.
1790 1385 2008 1465 Atque
2050 1384 2118 1447 id
2166 1383 2370 1449 dictat
2413 1404 2563 1447 sen-
2669 1402 2793 1461 que
2852 1380 3004 1445 inde
3050 1404 3171 1447 nos
3230 1382 3529 1447 habitum
3574 1380 3836 1446 trahere
3891 1388 4171 1445 naturae
4216 1388 4484 1445 nostrae
4527 1382 4629 1445 in-

605 1491 718 1535 sus
762 1470 1160 1547 communis,
1208 1477 1286 1534 ut
1329 1470 1774 1535 necessarium
1820 1479 2197 1547 censeatur,
2245 1467 2563 1551 quidquid
2612 1488 2617 1591 1
2668 1467 3010 1531 sidentem.
3110 1468 3306 1534 Nunc
3361 1466 3673 1552 agedum,
3731 1466 3903 1532 hanc
3958 1466 4037 1531 de
4093 1466 4336 1531 vitiosa
4398 1474 4628 1532 nostra

604 1556 699 1621 sic
743 1576 887 1620 esse
931 1564 1218 1638 oportet,
1266 1577 1388 1621 nec
1435 1556 1628 1620 aliter
1672 1576 1814 1620 esse
1857 1564 2087 1637 potest.
2178 1555 2327 1621 Hoc
2371 1553 2563 1618 modo
2613 1610 2617 1623 ,
2668 1554 2919 1636 origine
2965 1551 3329 1618 doctrinam
3380 1576 3530 1619 cum
3576 1552 3950 1618 Aristotelis
4007 1552 4419 1636 philosophia
4473 1572 4625 1618 eon-

601 1641 1103 1707 immutabilitas
1145 1639 1266 1706 sub
1310 1643 1696 1707 necessitate
1741 1641 2211 1705 continebitur:
2273 1639 2447 1705 unde
2492 1648 2559 1705 et
2668 1639 2905 1722 iungas
2936 1690 2951 1717 ,
2999 1652 3067 1702 et
3111 1639 3293 1704 nullo
3338 1640 3604 1723 negotio
3646 1638 4007 1723 intelliges,
4066 1638 4347 1721 qualiter
4398 1660 4627 1721 pecca-

603 1728 913 1793 eontinuo
969 1742 1306 1809 sequetur,
1376 1727 1597 1791 Deum
1663 1728 2029 1792 necessario
2097 1727 2340 1792 bonum
2398 1748 2559 1791 esse.
2669 1733 2812 1788 tum
2832 1776 2846 1802 ,
2904 1724 3078 1807 quod
3121 1747 3254 1790 non
3300 1735 3401 1790 est
3450 1728 3518 1789 in
3562 1734 3887 1809 potestate
3944 1734 4171 1790 nostra
4225 1726 4480 1808 fugere,
4540 1725 4627 1792 sit

604 1811 802 1895 Quod
848 1814 906 1877 si
963 1814 1336 1880 necessaria
1380 1828 1480 1878 est
1523 1813 1666 1878 eius
1711 1812 1999 1885 bonitas,
2036 1812 2185 1878 'cur
2229 1833 2364 1877 non
2407 1812 2563 1877 inde
2668 1810 3094 1876 nihilominus
3142 1813 3601 1876 voluntarium.

600 1899 770 1964 mihi
814 1899 1122 1982 colligere
1163 1899 1375 1976 liceat,
1413 1899 1776 1964 necessario
1811 1908 1947 1962 tam
1980 1899 2146 1964 bene
2172 1898 2338 1963 velle
2363 1919 2562 1980 quam
2841 1894 3257 1975 Secundum,
3315 1896 3491 1979 quod
3542 1920 3623 1961 ex
3684 1897 4083 1961 adversariis
4138 1896 4339 1961 recito
4394 1896 4625 1961 absur-

603 1984 771 2050 bene
828 1984 1086 2050 facere?
1195 1983 1420 2065 Quum
1482 2005 1641 2049 vero
1707 1986 1800 2049 ita
1854 1983 2108 2051 stabilis
2165 1992 2561 2066 perseverat,
2668 1982 2844 2060 dum,
2893 1992 3023 2046 est:
3072 1983 3216 2047 Nisi
3262 2006 3343 2048 ex
3388 1984 3595 2049 libera
3640 1983 3893 2048 arbitrii
3937 1982 4255 2048 electione
4300 1990 4444 2046 tum
4487 1981 4627 2047 vir-

605 2072 746 2153 ipse
805 2071 930 2136 sibi
984 2069 1458 2153 quodammodo
1513 2072 1866 2135 necessitas
1914 2081 2045 2148 est,
2104 2092 2238 2134 non
2293 2068 2562 2135 aliunde
2612 2074 2617 2135 Ι
2668 2076 2843 2132 tutes
2888 2082 3029 2132 tum
3078 2070 3242 2134 vitia
3291 2074 3438 2150 [pag.
3485 2073 3634 2148 144]
3681 2069 4056 2151 procedant,
4101 2088 4239 2133 non
4283 2088 4427 2133 esse
4471 2090 4625 2133 con-

606 2156 892 2241 cogitur:
940 2178 1061 2222 nec
1104 2164 1325 2220 tamen
1372 2177 1442 2223 se
1477 2159 1694 2239 ipsum
1730 2158 1930 2221 etiam
1961 2156 2153 2240 cogit,
2179 2156 2292 2221 sed
2328 2164 2561 2239 sponte
2666 2164 3054 2219 sentaneum
3096 2166 3172 2219 ut
3214 2156 3465 2220 homini
3511 2156 3618 2221 vel
3660 2156 3997 2238 infligatur
4031 2176 4259 2237 poena,
4306 2153 4414 2219 vel
4436 2175 4626 2237 prae·

605 2264 683 2307 ac
725 2242 1136 2309 voluntarius
1191 2241 1273 2307 ad
1319 2241 1417 2322 id,
1476 2241 1649 2325 quod
1703 2243 2090 2307 necessitate
2146 2243 2312 2325 agit,
2371 2242 2561 2306 ineli-
2668 2241 2874 2305 mium
2918 2240 3336 2323 rependatur.
3432 2240 3557 2306 Oui
3603 2250 3955 2324 antequam
4010 2240 4401 2324 responde0‚
4462 2240 4624 2307 haee

604 2335 740 2393 nat.
845 2328 1164 2394 Diabolus
1220 2337 1452 2394 contra
1518 2330 1888 2393 necessario
1945 2338 2012 2393 et
2073 2328 2287 2392 malus
2341 2337 2442 2392 est
2496 2337 2562 2392 et
2611 2358 2617 2381 ι
2667 2327 2869 2392 verba
2914 2328 3250 2392 intersere.
3351 2327 3499 2393 Hoc
3544 2329 3668 2393 etsi
3713 2327 4182 2392 aristotelicum
4230 2333 4359 2404 est,
4417 2327 4626 2391 fateor

487 2492 502 2499 -
602 2415 774 2479 male
819 2415 974 2497 agit,
1019 2414 1227 2479 nihilo
1271 2423 1495 2479 tamen
1540 2415 1763 2478 minus
1807 2414 2166 2479 voluntate.
2255 2414 2436 2478 Hinc
2481 2414 2560 2478 li-
2666 2420 2889 2477 tamen
2954 2434 2994 2476 a
3063 2413 3536 2497 Chrysostomo
3602 2424 3670 2477 01
3731 2414 4144 2496 Hieronymo
4207 2421 4619 2495 usurpatum.

599 2500 798 2584 quido
853 2502 1084 2566 confici
1141 2500 1304 2564 mihi
1360 2499 1622 2565 videtur
1675 2498 1847 2581 quod
1905 2500 2113 2565 volui:
2183 2522 2314 2564 non
2396 2499 2559 2565 adeo
2665 2497 3043 2583 Pelagianis
3100 2507 3352 2578 tamen,
3414 2501 3519 2565 vel
3574 2500 3986 2582 Hieronymo
4041 2508 4242 2578 teste,
4302 2498 4622 2564 familiare

601 2586 918 2653 dissidere
965 2609 1004 2651 a
1047 2587 1416 2651 necessario
1463 2584 1932 2663 voluntarium,
1979 2586 2138 2669 quin
2182 2588 2561 2652 societatem
2610 2552 2616 2641 l
2666 2584 2806 2649 fuit.
2898 2585 3043 2650 Hoc
3082 2594 3485 2668 postremum
3530 2595 3609 2651 ut
3643 2593 3901 2651 evertat
3941 2585 4253 2669 Pighius,
4301 2593 4625 2667 quantum

601 2671 951 2755 aliquando
998 2672 1369 2741 admittant.
2666 2671 2842 2734 inter
2907 2693 3094 2736 suam
3150 2681 3216 2735 et
3270 2672 3529 2755 Pelagii
3584 2692 3849 2738 causam
3911 2670 4209 2745 intersit,
4277 2669 4624 2736 ostendere

772 2757 920 2822 Iam
976 2756 1062 2821 ad
1115 2756 1486 2836 hominem,
1543 2779 1645 2837 ne¹
1684 2777 2029 2839 perperam
2081 2770 2240 2823 naec
2280 2757 2363 2821 ad
2408 2779 2560 2823 eum
2665 2757 2973 2821 molitur:
3022 2758 3206 2839 quasi
3253 2778 3412 2823 vero
3457 2758 3605 2823 ideo
3647 2759 3869 2822 minus
3915 2758 4038 2823 1100
4083 2764 4474 2841 argumento
4517 2755 4625 2821 usi

601 2843 904 2927 exempla
945 2842 1125 2907 trahi
1170 2844 1316 2927 quis
1359 2849 1563 2925 putet,
1608 2843 1823 2908 venio,
1912 2843 2164 2907 Malum
2213 2865 2355 2909 esse
2401 2843 2560 2909 dici·
2663 2842 2913 2906 fuerint
2966 2842 3343 2927 Pelagiani,
3398 2845 3550 2926 quia
3604 2844 3799 2927 paulo
3856 2842 4050 2908 aliter
4092 2864 4293 2926 quam
4340 2842 4627 2927 Pighius

599 2951 781 3008 mus,
840 2929 994 3012 quia
1037 2929 1126 2993 811
1171 2950 1255 2993 ex
1294 2928 1474 2993 mala
1527 2928 1920 3012 propagine,
1978 2938 2292 3012 tanquam
2348 2929 2561 2994 malae
2610 3002 2613 3011 .
2664 2928 2775 2992 vel
2829 2930 3185 3007 senserint,
3241 2929 3353 2994 vel
3408 2930 3644 2994 saltem
3707 2929 3961 3012 loquuti
4026 2930 4178 2994 sint.
4268 2928 4353 2993 In
4412 2928 4622 2993 altero

599 3016 841 3082 radicis
887 3038 962 3081 ae
1007 3015 1282 3081 vitiosae
1325 3016 1540 3080 malus
1586 3036 1828 3079 ramus.
1902 3015 2134 3098 Itaque
2179 3018 2562 3100 quantisper
2608 3050 2614 3120 ι
2663 3014 3095 3099 malignitatis
3139 3036 3245 3079 me
3290 3018 3584 3101 graviter
3628 3024 3923 3094 accusat,
3982 3014 4152 3098 quod
4196 3035 4281 3079 ex
4324 3014 4624 3098 pluribus

513 3139 523 3147 -
598 3103 671 3168 in
716 3113 955 3168 natura
999 3124 1119 3167 sua
1161 3111 1405 3180 manet,
1442 3101 1610 3166 nihil
1655 3122 1854 3183 quam
1896 3102 2088 3178 male,
2135 3115 2201 3168 et
2244 3102 2445 3180 velle,
2493 3111 2561 3167 et
2608 3131 2614 3230 Ι
2666 3100 2830 3165 (11108
2895 3110 3158 3166 10011110
3223 3103 3584 3168 citaverim.
3687 3100 3897 3182 Quasi
3966 3122 4121 3166 vero
4202 3101 4419 3184 aliquo
4477 3101 4623 3166 iure

601 3210 816 3274 agere.
917 3188 1015 3255 Ut
1058 3207 1251 3268 vere,
1303 3190 1627 3271 pravitate
1679 3186 2000 3271 deposita,
2059 3187 2142 3253 ad
2197 3188 2444 3253 bonum
2489 3211 2559 3254 80
2664 3187 2905 3252 fuerim
2940 3186 3308 3266 obstrictus,
3356 3188 3439 3253 ad
3483 3211 3592 3254 008
3636 3208 3862 3253 omnes
3897 3186 4125 3252 ordine
4165 3186 4623 3266 recensendos,

600 3282 965 3348 convertat,
1011 3280 1159 3353 [pag.
1203 3279 1348 3353 143]
1395 3272 1462 3338 id
1504 3294 1646 3340 0880
1690 3275 1760 3338 10
1806 3276 1945 3339 eius
1989 3282 2311 3356 potestate
2354 3295 2559 3358 nega-
2608 3235 2614 3348 Ι
2666 3271 2842 3355 apud
2896 3295 3059 3356 quos
3114 3295 3191 3339 ea
3246 3274 3575 3340 sententia
3630 3282 3935 3338 exstaret.
4037 3272 4179 3340 Cur
4236 3294 4392 3356 ergo
4456 3273 4624 3338 1111111

599 3382 767 3425 mus.
860 3358 1085 3440 Quum
1140 3381 1296 3443 ergo
1352 3361 1521 3424 nihil
1567 3382 1651 3424 ex
1696 3381 1766 3426 se
1831 3363 2037 3443 possit
2090 3383 2288 3443 quam
2345 3362 2559 3426 malus
2608 3353 2613 3396 ²
2662 3358 2864 3424 libros
2922 3380 3055 3424 non
3103 3359 3646 3425 subministrabat
3687 3359 4009 3443 Pighius?
4068 3360 4179 3442 qui
4234 3370 4394 3423 tunc
4450 3359 4621 3423 nulli

601 3466 775 3525 esse,
843 3447 914 3510 in
967 3466 1043 3510 eo
1101 3447 1557 3511 necessitatem
1614 3447 2111 3512 constituimus:
2199 3449 2294 3511 Ac
2355 3468 2436 3510 ne
2490 3444 2560 3511 id
2607 3399 2613 3536 ff
2665 3445 2747 3508 ad
2791 3466 3060 3509 manum
3107 3455 3313 3522 01001,
3360 3456 3632 3528 excepto
3680 3466 3811 3509 uno
3856 3445 4218 3529 Augustini
4265 3445 4625 3524 volumine,

601 3530 987 3615 simpliciter
1030 3532 1323 3615 quidem:
1371 3530 1485 3597 sed
1530 3543 1852 3615 quatenus
1897 3543 1962 3596 et
2006 3555 2088 3596 ex
2133 3533 2308 3597 mala
2341 3533 2559 3598 radice
2606 3549 2611 3580 ³
2663 3529 2835 3613 quod
2888 3531 3052 3594 mihi
3110 3532 3517 3596 commodato
3588 3532 3815 3596 datum
3883 3545 4040 3596 erat.
4164 3533 4310 3616 Ego
4397 3539 4627 3597 autem

601 3627 786 3684 ortus
840 3627 968 3696 est,
1027 3627 1094 3683 et
1148 3619 1420 3701 originis
1477 3638 1638 3682 suae
1689 3618 2032 3702 ingenium
2090 3621 2362 3684 retinet:
2433 3618 2557 3684 hoc
2606 3599 2612 3716 i
2661 3638 2769 3681 me
2813 3617 3010 3682 venia
3063 3616 3340 3701 dignum
3382 3639 3524 3683 esse
3568 3626 3757 3700 puto,
3816 3618 3988 3701 quod
4041 3619 4137 3683 ita
4179 3616 4368 3684 libris
4416 3617 4628 3682 desti-

601 3713 719 3783 est,
767 3725 967 3787 quam
1012 3704 1124 3768 (1111
1169 3704 1406 3786 spiritu
1443 3703 1571 3767 Dei
1611 3724 1748 3767 non
1795 3705 2029 3787 agitur.
2088 3703 2478 3769 Aristoteles
2508 3703 2556 3788 ¹)
2606 3727 2612 3820 1
2661 3711 2881 3782 tutus,
2943 3703 3109 3768 duos
3154 3703 3353 3768 unius
3410 3704 3774 3769 sententiae
3819 3715 4078 3770 autores
4123 3705 4631 3783 nominaverim,

601 3812 805 3875 quum
860 3790 1312 3857 voluntarium
1371 3788 1713 3895 distinguit
1757 3811 1796 3854 a
1850 3810 1970 3854 suo
2015 3790 2371 3869 contrario,
2433 3790 2557 3855 hoc
2662 3810 2820 3871 quos
2874 3790 3190 3854 memoria
3244 3790 3579 3854 tenebam:
3646 3790 3960 3874 reliquos,
4029 3792 4140 3873 qui
4194 3791 4266 3855 in
4328 3801 4633 3855 mentem

599 3897 743 3943 0880
786 3876 1051 3954 definit,
1097 3875 1162 3938 τὸ
1210 3879 1316 3965 βίᾳ
1352 3871 1385 3952 ἢ
1429 3873 1508 3936 δι’
1556 3900 1797 3955 αγνοιαν
1840 3873 2212 3955 γιγνόμενον,
2268 3876 2393 3941 hoe
2436 3885 2553 3954 est,
2606 3837 2611 3914 l
2660 3883 2820 3940 tune
2879 3897 3011 3940 non
3075 3887 3433 3952 venerunt,
3502 3877 3852 3942 omiserim.
3955 3875 4061 3942 De
4119 3875 4347 3960 poenis
4413 3897 4637 3959 quum

642 3962 772 4028 uod
816 3964 883 4028 vi
930 3965 1025 4040 fit,
1074 3973 1188 4027 aut
1222 3982 1341 4044 per
1373 3962 1869 4046 ignorationem.
1940 3961 2321 4026 Violentum
2358 3983 2555 4045 porro
2605 3925 2612 4038 l
2660 3961 3037 4042 respendeO,
3084 3962 3227 4026 iure
3271 3963 3458 4027 nobis
3499 3963 3796 4046 irrogari,
3843 3985 3882 4026 a
3924 3961 4157 4044 quibus
4201 3963 4395 4045 culpa
4441 3984 4637 4028 ema-

599 3985 848 4123 definit,
894 4049 1081 4113 euius
1127 4048 1394 4113 aliunde
1438 4057 1539 4113 est
1582 4048 1996 4130 principium,
2045 4047 2128 4111 ad
2172 4048 2342 4130 quod
2388 4048 2556 4112 nihil
2605 4067 2610 4138 Ι
2660 4055 2792 4126 1101,
2838 4069 3051 4129 000110
3085 4050 3350 4127 referre,
3394 4048 3683 4113 liberone
3727 4048 3986 4126 iudicio,
4025 4068 4111 4112 an
4145 4049 4388 4127 servili,
4423 4048 4638 4114 modo

599 4135 852 4200 confert
901 4135 988 4210 is,
1052 4135 1162 4217 qui
1211 4134 1317 4200 vel
1353 4135 1523 4218 agit,
1581 4134 1686 4198 vel
1740 4134 2006 4216 patitur.
2099 4132 2278 4213 Quid
2334 4145 2554 4199 autem
2604 4153 2609 4216 ;
2663 4133 3036 4198 voluntaria
3088 4133 3443 4217 cupiditate
3501 4155 3876 4216 peccemus,
3935 4134 4004 4198 id
4059 4157 4191 4200 non
4255 4134 4636 4218 improbat:

596 4220 906 4305 principii
962 4222 1228 4284 nomine
1283 4220 1638 4302 significet,
1708 4220 1995 4284 ostendit
2053 4219 2287 4285 deinde
2341 4222 2554 4302 capite
2604 4227 2609 4300 ξ
2659 4219 2854 4284 modo
2911 4242 3070 4285 cum.
3116 4221 3492 4303 Augustino
3550 4220 3823 4302 aliisque
3879 4220 4181 4286 omnibus
4240 4220 4639 4300 concedam,

596 4307 861 4390 quinte,
918 4327 1123 4387 quum
1179 4307 1454 4370 iniustos
1498 4327 1571 4372 ae
1625 4306 2139 4388 intemperantes
2194 4306 2342 4371 ideo
2388 4307 2554 4371 tales
2603 4345 2608 4394 3
2659 4304 3103 4370 voluntarium
3149 4306 3216 4369 id
3261 4327 3403 4371 esse
3451 4305 3717 4369 demum
3763 4306 3934 4388 quod
3976 4308 4047 4371 in
4097 4315 4419 4390 potestate
4468 4328 4641 4372 nos-

596 4414 739 4458 esse
783 4401 1019 4475 sponte
1064 4391 1284 4468 docet,
1332 4393 1485 4473 quia
1527 4392 1713 4456 initio
1760 4392 2016 4457 licuerit
2057 4414 2188 4456 non
2235 4414 2403 4457 esse:
2451 4401 2551 4456 ta·
2603 4427 2607 4448 r
2659 4403 2763 4455 tra
2807 4392 2909 4456 sit.
3000 4393 3095 4455 At
3128 4413 3248 4475 ego
3285 4413 3435 4456 cum
3470 4393 3847 4476 Augustino
3882 4394 4153 4475 exeipiO,
4200 4393 4373 4458 hanc
4419 4415 4644 4475 quam

594 4479 792 4544 metsi
833 4498 1013 4542 nunc
1057 4477 1168 4540 alii
1213 4498 1357 4541 csse
1399 4489 1742 4560 nequeant.
1835 4480 2049 4560 Atque
2094 4479 2177 4543 ad
2223 4499 2366 4542 eam
2411 4501 2553 4544 rem
2602 4477 2608 4516 ἵ
2658 4478 2936 4560 requirit
2978 4478 3357 4542 facultatem
3380 4477 3452 4541 in
3488 4480 3772 4543 sanitate
3798 4480 3990 4543 sitam
4028 4501 4200 4544 esse:
4247 4500 4449 4561 quam
4498 4482 4647 4546 sic-

595 4562 1058 4647 explieandam
1135 4562 1459 4628 similibus
1539 4565 1763 4628 utitur.
1887 4565 2117 4647 Neque
2195 4566 2371 4629 enim
2441 4566 2552 4648 qui
2601 4519 2607 4668 1
2656 4575 2731 4629 ut
2790 4571 3132 4647 acceperat
3198 4565 3448 4643 primus
3509 4564 3731 4642 homo,
3791 4565 3883 4628 ita
3938 4565 4107 4629 male
4162 4564 4409 4628 utendo
4469 4587 4643 4648 per-

595 4658 895 4734 aegrotat
950 4670 1152 4712 sanus
1210 4650 1337 4713 erit·
1388 4670 1591 4731 quum
1646 4650 1950 4730 libuerit;
2018 4659 2086 4716 et
2148 4659 2373 4716 tamen
2432 4673 2554 4715 sua
2657 4649 2837 4714 didit.
2938 4651 3044 4713 De
3099 4650 3402 4730 praemiis
3458 4650 3627 4732 quod
3684 4649 4075 4733 respondeo,
4132 4651 4300 4714 nihil
4344 4650 4645 4716 absurdi

594 4736 873 4800 forsitan
929 4742 1160 4816 sponte
1207 4742 1531 4817 aegrotat,
1590 4735 1644 4800 si
1699 4737 2215 4820 intemperanter
2265 4737 2552 4802 vivendo
2600 4719 2606 4830 f
2658 4757 2819 4813 esse,
2877 4735 2933 4798 si
2991 4757 3071 4799 ex
3132 4734 3262 4798 Dei
3317 4735 3723 4819 benignitate
3790 4739 4005 4819 potius
4071 4759 4271 4820 0110111
4330 4738 4647 4821 propriis

593 4820 898 4885 morbum
942 4820 1067 4884 sibi
1103 4823 1516 4886 contraxerit.
1585 4823 1772 4886 Tunc
1817 4846 1970 4907 ergo
2013 4824 2252 4898 licebat
2284 4824 2382 4888 illi
2419 4846 2552 4887 non
2602 4853 2606 4892 2
2659 4822 2999 4886 hominum
3042 4821 3297 4885 meritis
3341 4819 3782 4902 dependeant,
3827 4845 3958 4886 non
4002 4823 4427 4908 nugatorium
4479 4835 4650 4890 tan-

597 4916 970 4989 aegrotare:
1035 4907 1148 4970 ubi
1196 4919 1416 4972 autem
1464 4907 1592 4974 huc
1651 4930 2035 4992 progressus
2082 4921 2209 4989 est,
2259 4933 2394 4974 non
2436 4911 2549 4974 ita.
2602 4919 2607 4964 1
2657 4924 2832 4983 tum,
2892 4906 3006 4970 sed
3043 4906 3500 4988 blasphemum
3542 4931 3683 4973 esse
3723 4911 4133 4991 pronunciat.
4224 4908 4359 4974 Sed
4408 4933 4651 4992 quum

595 4990 789 5058 Sicut
845 4993 956 5057 ubi
1000 4993 1146 5075 quis
1202 4994 1488 5077 lapidem
1534 4996 1834 5078 proiecit,
1899 5018 2031 5060 non
2077 4996 2363 5079 amplius
2407 5003 2552 5078 pot-
2660 4994 2784 5059 hoc
2846 4993 3115 5056 alterius
3177 4994 3263 5056 sit
3328 4996 3731 5077 argumenti,
3790 4994 3998 5059 obiter
4040 5004 4298 5058 tantum
4346 4998 4647 5064 refellit.

596 5085 700 5143 est
741 5098 1110 5158 resumere;
1167 5080 1281 5144 sed
1333 5102 1536 5163 penes
1590 5083 1809 5164 ipsum
1853 5093 2024 5161 erat,
2085 5091 2199 5148 aut
2244 5084 2548 5160 retinere,
2657 5079 3032 5162 ApostoluS,
3078 5078 3307 5160 inquit,
3354 5081 3571 5145 Deum
3613 5089 3898 5145 testatur
3940 5082 4349 5145 remunerari
4395 5105 4551 5166 eos,
4608 5108 4653 5151 a

2657 5165 2894 5246 quibus
2948 5165 3318 5246 inquiritur.
3423 5165 3603 5246 Quid
3667 5165 3854 5230 tum?
3943 5166 4074 5232 Ubi
4142 5173 4650 5249 remuneratiO,

2656 5250 2793 5316 illic
2836 5261 2903 5315 et
2945 5252 3235 5334 obsequii
3289 5259 3357 5315 et
3399 5253 3621 5317 meriti
3673 5261 4007 5334 respectus
4064 5261 4180 5319 est.
4271 5254 4378 5319 De
4432 5257 4653 5327 obse·

733 5354 790 5419 1)
828 5353 1144 5410 Ethicorum
1181 5354 1251 5410 ad
1286 5353 1672 5412 Nicomachum
1709 5357 1797 5411 lib.
1834 5357 1885 5411 3.
1921 5373 2041 5425 cap.
2078 5357 2129 5411 2.
2656 5337 2807 5419 quio
2849 5337 2889 5400 f.
2920 5347 3087 5405 teor:
3135 5337 3214 5402 de
3258 5338 3521 5416 merite,
3564 5338 3621 5403 si
3660 5337 3876 5432 operis
3921 5344 4072 5418 [pag.
4118 5345 4264 5418 145]
4322 5340 4654 5428 dignita-

595 5237 634 5244 ·—
651 5238 824 5245 ---·--—-
845 5237 1004 5245 0———4-
