4999 6179
16 0 72 402 WW

422 415 547 477 513

417 600 741 677 moniam,
801 599 884 664 ad
928 619 1128 683 quam
1169 598 1439 666 clericos
1497 601 1924 687 adstringunt
1976 603 2230 687 antiqui
2271 625 2380 670 ca-

419 705 658 764 nones,
709 685 848 756 illis
902 684 1184 752 remitto.
1285 684 1438 752 Scio
1503 688 1678 753 enim
1734 698 1812 752 ut
1863 688 2043 754 intus
2097 688 2376 770 rideant,

418 792 627 856 quum
683 772 833 855 quis
884 770 1063 854 leges
1106 770 1286 850 illas,
1340 772 1475 836 iam
1526 773 1828 857 pluribus
1882 773 2156 839 sacculis
2202 796 2376 839 mor—

420 865 602 937 tuae,
658 878 741 921 ex
787 856 1102 921 diuturna
1143 856 1471 922 oblivione
1525 860 1816 926 suscitat.
1892 859 2183 925 Tantum
2224 860 2376 925 vul-

418 964 650 1029 garem
692 943 762 1007 in
806 963 1031 1007 eorum
1075 941 1329 1007 clericis
1383 944 1798 1011 honestatem
1851 945 2143 1028 requiro:
2197 953 2276 1009 ut
2319 947 2375 1010 si

417 1050 556 1095 non
601 1027 932 1094 excellant
983 1027 1161 1094 vitae
1204 1029 1606 1110 innocentia,
1659 1031 1894 1097 saltem
1958 1052 2043 1095 ne
2088 1031 2375 1116 turpitu-

421 1115 575 1180 dine
619 1115 753 1180 sint
807 1114 1104 1180 infames.
1170 1112 1274 1180 «Si
1315 1116 1462 1199 quis
1505 1118 1613 1183 vel
1654 1117 2068 1195 muneribus,
2126 1117 2234 1182 vel
2277 1117 2375 1182 fa-

417 1222 607 1280 vore,
663 1200 773 1266 vel
837 1198 1118 1265 sordidis
1172 1201 1535 1284 obsequiis,
1601 1202 1710 1268 vel
1762 1200 2156 1286 subreptitia
2198 1223 2375 1268 com-

418 1286 838 1353 mendatione
913 1287 1275 1369 obrepserit
1346 1287 1430 1353 ad
1494 1287 1958 1369 sacerdotium,
2027 1288 2373 1353 simoniam

420 1395 564 1442 esse
598 1374 1046 1458 pronunciant
1079 1393 1380 1453 canones
1419 1381 1487 1438 et
1520 1372 1840 1442 vindicari
1876 1374 2122 1440 iubent.
2191 1372 2372 1455 Quo-

417 1461 804 1546 tusquisque
865 1457 1060 1524 hodie
1118 1465 1244 1538 est,
1325 1462 1440 1542 qui
1504 1460 1694 1526 aliter
1754 1457 2146 1544 perveniat?
2237 1457 2374 1525 Sed

421 1551 573 1628 [pag.
622 1550 766 1623 104]
812 1544 1059 1623 valeat,
1106 1545 1653 1627 quemadmodum
1709 1546 1878 1625 dixi,
1922 1566 2220 1612 summus
2264 1545 2373 1610 ille

419 1632 621 1717 rigor.
719 1631 976 1695 Verum
1041 1638 1117 1695 ut
1170 1631 1338 1695 nihil
1404 1632 1658 1717 legibus
1718 1633 2195 1717 praescriptum
2266 1633 2371 1711 sit,

419 1720 877 1802 episcoporum
920 1716 1146 1781 domos
1202 1726 1467 1799 apertae
1511 1725 1579 1782 ct
1617 1719 2013 1802 prostitutae
2054 1717 2373 1783 simoniae

418 1824 563 1870 esse
607 1803 934 1881 officim,
991 1807 1312 1886 quantum
1355 1811 1458 1870 est
1501 1802 1828 1870 dedecus?
1920 1802 2100 1884 Quid
2145 1801 2225 1868 de
2269 1823 2374 1868 ro-

416 1910 618 1956 mana
670 1890 854 1955 curia
903 1886 1146 1968 dicam,
1203 1889 1317 1954 ubi
1374 1890 1843 1957 licitationibus
1895 1889 2112 1972 palam
2156 1889 2374 1955 subia-

418 1998 567 2043 cere
613 1973 977 2042 sacerdotia
1013 1974 1364 2040 leviculum
1409 1977 1540 2041 iam
1586 1974 1874 2042 videtur:
1924 1996 2128 2058 quum
2173 1980 2241 2039 et
2280 1974 2375 2039 le-

417 2063 861 2140 nociniorum,
916 2068 982 2126 et
1029 2061 1532 2142 veneficiorum,
1592 2068 1660 2128 et
1700 2062 2192 2128 obscoeniorum
2238 2081 2376 2126 sce-

416 2149 636 2215 lerum
677 2147 814 2213 sint
850 2144 1227 2214 mercedes?
1295 2146 1374 2214 Si
1408 2169 1538 2232 qua
1572 2149 1804 2214 saltem
1838 2148 2013 2212 inter
2047 2166 2165 2211 nos
2201 2144 2380 2211 valet

417 2233 861 2301 humanitatis
915 2234 1114 2311 ratic,
1168 2231 1511 2300 duodecim
1555 2254 1879 2300 annorum
1923 2231 2146 2317 pueris
2182 2250 2374 2295 man-

419 2321 564 2388 dari
607 2319 1220 2402 archiepiscopatus,
1263 2327 1582 2404 quantum
1626 2327 1731 2385 est
1768 2316 2190 2403 portentum?
2264 2318 2376 2381 An

418 2428 626 2493 quum
669 2405 961 2488 colaphis
1004 2404 1387 2473 caederetur
1430 2405 1758 2485 Christus,
1802 2403 2176 2487 indigniore
2220 2421 2376 2468 con-

417 2492 699 2559 tumelia
754 2493 1029 2558 affectus
1085 2492 1254 2556 fuit?
1345 2493 1459 2558 An
1512 2493 1804 2576 apertius
1845 2491 1989 2557 Deo
2045 2497 2111 2554 et
2163 2487 2376 2552 homi-

418 2580 614 2647 nibus
657 2577 847 2643 illudi
888 2584 1131 2661 potest,
1183 2598 1379 2660 quam
1420 2578 1534 2644 ubi
1588 2578 1946 2645 christiano
1987 2573 2229 2658 populo
2271 2594 2379 2638 re-

420 2664 637 2753 gendo
679 2665 1057 2749 praeficitur
1098 2685 1282 2748 puer,
1327 2674 1396 2732 et
1429 2666 1500 2730 in
1533 2664 1741 2749 patris
1774 2662 2189 2747 pastorisque
2224 2658 2378 2724 sede

421 2750 821 2820 collocatur?
920 2748 1029 2814 De
1101 2752 1507 2837 presbyteris
1573 2759 1642 2816 et
1704 2748 2021 2833 episcopis
2084 2747 2180 2810 ita
2244 2753 2376 2810 sta-

420 2844 621 2904 tuunt
662 2857 974 2904 canones:
1022 2843 1102 2901 ut
1143 2836 1214 2901 in
1260 2859 1382 2904 sua
1422 2837 1697 2922 quisque
1741 2835 2024 2902 statione
2067 2829 2378 2898 excubias

423 2931 579 3010 agat
589 2948 606 3004 ;
652 2943 737 2988 ne
782 2923 931 3007 quis
976 2923 1238 3007 longius
1283 2924 1455 2991 absit
1498 2945 1538 2989 a
1580 2944 1701 2988 sua
1743 2920 2031 2987 ecclesia.
2121 2917 2379 2981 Verum

422 3013 756 3098 fingamus
793 3009 959 3075 nihil
1003 3009 1137 3074 tale
1181 3012 1495 3096 praecipi:
1543 3010 1690 3093 quis
1735 3015 1956 3074 tamen
2000 3025 2133 3069 non
2178 3001 2375 3082 videt,

423 3099 794 3165 'furcarum
859 3115 1113 3180 quoquc
1189 3098 1489 3164 ludibriis
1564 3094 1868 3180 prostitui
1942 3089 2377 3158 christianum

421 3205 684 3263 nomen,
730 3204 933 3266 quum
976 3189 1198 3266 pastor
1239 3189 1518 3250 vocatur
1560 3181 1884 3266 quispiam
1921 3176 2247 3256 ecclesiae,
2293 3173 2379 3238 ad

424 3292 624 3356 quam
663 3289 751 3334 ne
794 3268 995 3335 semel
1040 3270 1302 3353 quidem
1347 3277 1487 3336 tota
1527 3270 1669 3336 vita
1711 3262 2018 3331 accedat?
2084 3262 2259 3327 Nam
2304 3267 2379 3324 ut

426 3359 573 3442 quis
615 3355 751 3421 illic
805 3361 1122 3455 perpetuo
1166 3358 1447 3437 habitet,
1505 3354 1619 3420 ubi
1674 3352 2035 3418 destinatus
2079 3356 2183 3413 est
2225 3368 2375 3446 pas-

427 3453 548 3524 tor,
593 3440 986 3525 iampridem
1029 3464 1258 3509 rarum
1301 3441 1679 3526 exemplum
1714 3458 1856 3504 esse
1890 3436 2118 3518 coepit.
2179 3433 2375 3517 Epis-

427 3551 501 3597 co
546 3530 569 3594 i
614 3536 684 3594 et
725 3528 1011 3608 abbates,
1057 3538 1175 3595 aut
1214 3531 1343 3615 ipsi
1388 3528 1685 3613 proprias
1728 3523 1913 3590 aulas
1951 3520 2216 3599 habent,
2261 3525 2378 3584 aut

427 3551 743 3682 orginarii
795 3621 951 3680 sunt
1012 3616 1083 3680 in
1148 3617 1518 3701 principum
1584 3612 1768 3678 aulis.
1869 3607 2009 3674 Alii
2072 3627 2193 3690 pro
2258 3623 2377 3670 suo

467 3704 698 3791 uisque
742 3702 936 3786 genio
978 3701 1196 3768 locum
1241 3703 1514 3787 eligunt,
1564 3699 1678 3765 ubi
1723 3695 2131 3793 delicientur.
2162 3779 2175 3792 ·
2211 3689 2376 3771 Qui-

424 3725 548 3856 bus
589 3793 813 3854 autem
858 3785 1053 3853 nidus
1089 3810 1247 3855 suus
1289 3788 1502 3873 magis
1544 3786 1776 3870 placet,
1819 3781 1919 3846 ilh
1959 3798 2117 3846 vere
2157 3801 2229 3843 in
2273 3796 2376 3876 ec·-

427 3876 642 3943 clesiis
685 3876 822 3940 suis
863 3874 1182 3942 resident:
1240 3882 1399 3943 sunt
1448 3874 1626 3940 enim
1681 3869 1873 3935 otiosi
1916 3874 2211 3946 ventres,
2267 3884 2377 3962 qui

426 3961 598 4028 nihil
644 3962 866 4026 minus
905 3970 1259 4043 noverunt,
1318 3982 1518 4046 quam
1557 3957 1844 4023 officium
1887 3972 2101 4018 suum.
2191 3949 2378 4049 Vffl'.

428 4056 573 4115 tum
627 4047 796 4112 illud
850 4067 1108 4130 quoque
1163 4056 1265 4115 est
1332 4046 1617 4130 antiquis
1681 4039 2069 4119 canonibus,
2137 4057 2222 4101 ne
2277 4055 2380 4101 cui

429 4141 576 4216 [pag.
620 4137 767 4212 105]
811 4134 1328 4202 attribuerentur
1363 4133 1530 4200 duae
1564 4129 1890 4197 eeclesiae.
1958 4123 2067 4223 Sit
2103 4123 2229 4188 hoe
2263 4142 2382 4205 pro

430 4242 567 4286 non
624 4219 816 4285 dicto.
907 4218 1042 4286 Sed
1099 4243 1388 4305 quonam
1442 4218 1656 4287 colore
1724 4211 2145 4280 excusabitur
2197 4216 2385 4308 tanta

431 4305 833 4384 absurditas,
890 4306 1063 4390 quod
1115 4310 1428 4392 quinque,
1488 4312 1602 4371 aut
1653 4302 1846 4385 plura
1898 4294 2263 4365 sacerdotia
2313 4315 2384 4358 m

431 4415 641 4460 unum
685 4391 1022 4459 hominem
1065 4391 1556 4479 congeruntur?
1602 4385 1776 4475 quod
1818 4406 2011 4464 unus,
2052 4380 2386 4482 interdum

434 4482 634 4546 etiam
687 4500 881 4562 puer,
938 4489 1074 4547 tres
1117 4485 1532 4567 episcopatus
1575 4478 1879 4557 occupat,
1937 4477 2129 4570 tanto
2179 4477 2386 4565 inter-

432 4567 607 4634 vallo
673 4565 964 4647 dissitos,
1030 4574 1107 4632 ut
1173 4590 1283 4635 eos
1351 4587 1522 4633 anno
1575 4566 1873 4629 vertente
1934 4575 2208 4654 circuire
2270 4574 2386 4618 le

434 4654 671 4741 possit,
718 4653 977 4719 etiamsi
1021 4654 1188 4719 nihil
1233 4653 1414 4719 aliud
1460 4649 1654 4737 agat?
1743 4645 2077 4741 Examen,
2121 4663 2193 4705 m
2237 4659 2386 4723 pro-

433 4736 773 4806 movendis
818 4739 1282 4820 sacerdotibus,
1329 4746 1398 4805 et
1438 4760 1722 4813 morum,
1767 4738 1835 4798 et
1872 4728 2234 4805 doetrinae,
2279 4746 2387 4791 0⁹¹·

436 4846 648 4893 nones
700 4826 1045 4908 requirunt
1096 4834 1406 4894 exactum
1468 4832 1536 4890 et
1600 4818 2032 4890 enucleatum.
2134 4815 2388 4880 Demus

438 4914 563 4980 hoc
606 4912 1028 4995 temporibus,
1073 4934 1158 4978 ne
1203 4912 1287 4978 ad
1319 4912 1506 4977 illam
1540 4911 1736 4975 nimis
1773 4909 2106 4968 austeram
2139 4901 2389 4965 formu-

437 5001 572 5067 lam
613 4998 983 5082 alligentur.
1073 4998 1209 5066 Sed
1255 4998 1554 5066 videmus
1598 5017 1797 5081 quam
1836 4988 2102 5067 indocti,
2142 4994 2218 5092 ‘et
2251 5006 2388 5050 om-

441 5089 546 5154 nis
591 5107 727 5151 non
772 5094 1033 5151 tantum
1079 5087 1393 5153 scientiae
1447 5083 1563 5150 sed
1607 5083 1805 5149 etiam
1850 5076 2240 5163 prudentlae
2284 5098 2400 5141 ex—

444 5180 664 5258 pertes
678 5224 694 5251 ,
764 5172 905 5238 sine
977 5171 1233 5240 delectu
1308 5173 1719 5256 ingerantur.

1784 411 2507 483 REFORMANDAE
2547 412 3093 483 EOOLESIAE.

4321 426 4450 490 514

2481 605 2718 688 plifico.
2822 605 3057 690 Agunt
3124 604 3420 689 quidem,
3503 627 3625 673 ceu
3692 608 4047 676 histriones
4100 611 4174 675 in
4228 633 4451 694 scena,

2480 690 2803 770 fabulam,
2861 698 2938 756 ut
2978 691 3406 758 simulacrum
3459 692 3723 777 aliquod
3777 696 4032 779 antiqui
4082 698 4283 762 moris
4337 721 4447 764 rc-

2481 783 2924 859 praesentent.
3025 777 3450 862 Interrogant
3505 780 3609 845 vel
3665 780 3977 865 episcopi,
4047 782 4152 848 vel
4216 805 4442 849 eorum

2481 885 2559 928 su
2772 862 2910 942 nei,
2952 885 3112 927 num
3159 863 3344 947 digni
3388 864 3549 945 sint,
3606 887 3767 949 quos
3810 866 4227 933 destinarunt
4267 869 4443 935 ordi-

2481 969 2661 1012 nare.
2762 947 2989 1013 Adest‘
3028 950 3139 1033 qui
3215 948 3608 1033 respondeat
3670 951 3905 1036 dignos
3961 974 4119 1020 esse.
4209 954 4440 1040 Neque

2480 1053 2642 1098 vero
2699 1034 2926 1118 procul
2969 1034 3383 1117 quaerendus
3442 1042 3544 1102 est
3596 1040 3814 1116 testis,
3871 1044 3987 1103 aut
4040 1041 4252 1123 pretio
4297 1061 4441 1107 cor-

2479 1117 2913 1203 rumpendus:
2972 1121 3125 1203 quia
3177 1122 3354 1186 enim
3420 1123 3866 1188 caeremoniae
3923 1131 4189 1189 tantum
4232 1128 4443 1193 servit

2478 1203 2644 1269 haec
2709 1207 3073 1288 responsio,
3138 1226 3282 1272 eam
3349 1228 3577 1272 omncs
3636 1210 4052 1291 cubicularii,
4120 1217 4438 1292 tonsores,

2477 1289 2812 1356 ianitores·
2835 1290 3203 1357 edocentur.
3261 1292 3405 1358 Iam
3441 1301 3590 1376 post
3623 1293 4118 1376 ordinationem,
4161 1298 4442 1363 minima

2478 1376 2550 1441 in
2594 1376 2848 1441 clericis
2892 1377 3306 1443 scortationis
3361 1380 3671 1461 suspicio,
3730 1380 4089 1446 secundum
4135 1384 4439 1467 antiquos

2478 1482 2788 1538 canones,
2835 1463 3073 1547 corrigi
3121 1463 3343 1528 debet:
3403 1465 3457 1529 si
3503 1465 3880 1532 convictum
3921 1467 4123 1532 fuerit
4166 1468 4436 1549 crimen,

2478 1547 2888 1615 abdicatione
2953 1557 3019 1613 et
3089 1551 3767 1617 excommunicatione
3831 1552 4246 1636 puniendum
4315 1560 4432 1619 est.

2477 1635 2923 1701 Remittamus
2967 1634 3214 1719 aliquid
3258 1657 3343 1701 ex
3383 1636 3738 1719 asperitate
3781 1638 3897 1704 illa
3936 1638 4165 1704 veteri.
4256 1637 4434 1720 Quid

2478 1726 2731 1800 tamen,
2777 1720 2948 1804 quod
2994 1720 3377 1804 quotidiana
3418 1722 3486 1785 in
3531 1722 3666 1789 illis
3709 1724 4015 1789 scortatio
4059 1725 4154 1790 sic
4198 1725 4434 1790 tolera-

2479 1813 2607 1887 tur,
2651 1817 2960 1891 tanquam
3006 1808 3150 1873 iure
3186 1807 3508 1891 permissa
3550 1812 3695 1888 [pag.
3754 1815 3899 1889 106]
3945 1810 4154 1875 foret?
4225 1808 4438 1876 Cleri-

2478 1914 2649 1972 cum,
2695 1893 2809 1976 qui
2849 1900 2965 1958 aut
2994 1894 3348 1972 venationi,
3393 1901 3510 1958 aut
3551 1894 3748 1972 aleae,
3795 1902 3910 1960 aut
3950 1895 4440 1962 comessationi-

2480 1980 2631 2060 bus,
2691 1987 2807 2043 aut
2869 1978 3121 2045 choreis
3174 1978 3356 2044 indul
3448 1987 3545 2059 at,
3600 1980 3782 2045 nullo
3839 1981 4030 2046 modo
4095 1981 4437 2047 ferendum

2476 2066 2923 2148 pronunciant
2976 2085 3276 2131 canones.
3439 2066 3549 2129 uin
3597 2066 3797 2131 etiam
3843 2066 4126 2132 eradunt
4183 2063 4267 2132 ex‘
4312 2068 4440 2132 mi·

2477 2151 2767 2232 nisteriO,
2810 2151 3185 2235 quicunque
3226 2151 3500 2215 infamia
3544 2150 3761 2235 aliqua
3804 2154 4012 2217 notati
4068 2159 4241 2218 sunt.
4333 2152 4442 2219 Si-

2477 2237 2727 2302 militer
2770 2257 2882 2302 eos
2926 2257 3184 2316 omnes,
3244 2236 3356 2319 qui
3403 2256 3475 2301 se
3517 2237 3859 2320 implicant
3902 2239 4195 2322 profanis
4239 2259 4323 2304 ne
4412 2276 4441 2288 -

2480 2323 2626 2401 tiis,
2685 2323 2795 2406 qui
2840 2322 3144 2388 civilibus
3199 2323 3429 2388 officiis
3486 2343 3559 2387 se
3603 2325 3696 2386 ita
3738 2323 4129 2404 immiscent,
4176 2331 4252 2388 ut
4294 2346 4333 2389 a
4380 2346 4442 2390 s-

2476 2410 2833 2474 trahantur
2877 2430 2917 2474 a
2971 2408 3316 2474 ministerii
3360 2429 3545 2485 cura,
3601 2409 3713 2491 qui
3772 2409 4054 2492 denique
4098 2429 4240 2475 non·
4277 2417 4441 2475 sunt

2479 2496 2551 2561 in
2593 2516 2868 2560 munere
2910 2516 3027 2560 suo
3072 2493 3486 2577 exsequendo
3530 2494 3793 2568 assidui,
3840 2496 4078 2579 corrigi
4123 2495 4440 2580 graviter,

2482 2590 2550 2647 et
2602 2582 2731 2647 nisi
2784 2581 3204 2665 resipiscant,
3253 2580 3489 2662 deponi
3545 2580 3973 2663 praecipiunt.
4061 2581 4439 2666 Excipient,

2480 2674 2619 2733 tam
2675 2688 2910 2752 aspera
2963 2666 3281 2746 remedia,
3347 2686 3513 2749 quae
3569 2664 3651 2731 ad
3705 2667 3931 2732 vivum
3996 2668 4216 2731 omnia
4280 2667 4443 2732 vitia

2480 2763 2798 2833 resecant,
2844 2760 3127 2819 aetatem
3175 2752 3348 2818 hanc
3404 2771 3537 2816 non
3582 2751 3770 2817 ferre.
3863 2749 3971 2817 Sit
4012 2752 4122 2818 ita.
4211 2752 4441 2836 Neque

2481 2842 2661 2906 enim
2718 2847 2969 2905 tantam
3025 2838 3106 2905 ab
3159 2837 3296 2904 illis
3363 2837 3715 2921 puritatem
3781 2838 4023 2921 flagito.
4114 2836 4249 2903 Sed
4299 2846 4442 2903 tam

2484 2926 2841 2992 effraenem
2894 2923 3207 3010 peccandi
3264 2923 3601 2990 licentiam
3665 2924 3736 2987 in
3789 2924 4040 2988 clericis
4097 2922 4439 3003 dominari,

2483 3019 2557 3078 ut
2599 3012 2919 3078 mundum
2965 3011 3199 3095 alioqui
3248 3009 3811 3094 corruptissimum
3868 3009 4079 3094 magis
4122 3010 4437 3087 inficiant,

2482 3121 2681 3184 quam
2724 3099 2903 3165 ullus
2947 3099 3116 3164 alius
3162 3097 3340 3176 orde,
3382 3097 3531 3180 quis
3575 3096 3701 3160 hoc
3742 3095 3874 3161 illis
3916 3095 4251 3179 ignoscat?

2654 3185 2879 3251 Plebis
2922 3203 3079 3250 vero
3136 3182 3481 3266 disciplina
3523 3180 3617 3247 sie
3660 3179 3886 3246 habet:
3946 3178 4137 3246 modo
4181 3181 4436 3248 clericis

2479 3277 2748 3336 maneat
2790 3272 3037 3336 intacta
3078 3290 3199 3334 sua
3243 3267 3615 3348 dominatio,
3662 3266 3855 3331 modo
3899 3266 4167 3332 tributis
4210 3288 4286 3333 ac
4330 3289 4438 3333 ra-

2481 3358 2658 3441 pinis
2698 3355 2869 3422 nihil
2914 3353 3240 3440 depereat,
3285 3360 3362 3419 ut
3404 3353 3658 3437 reliqua
3700 3353 3836 3417 fere
3881 3352 4106 3418 omnia
4150 3360 4267 3419 aut
4310 3355 4439 3419 im-

2480 3464 2657 3526 pune
2699 3442 2959 3521 liceant,
3006 3449 3122 3507 aut
3163 3446 3666 3526 praetereantur
3708 3437 4142 3523 negligenter.
4233 3439 4440 3506 Vide-

2481 3551 2659 3609 mus,
2717 3535 2794 3593 ut
2836 3529 2907 3593 in
2951 3548 3143 3592 omne
3187 3548 3398 3612 genus
3452 3525 3784 3609 nequitiae
3838 3525 4086 3608 passim
4131 3524 4437 3590 diffluxe-

2480 3616 2620 3679 rint
2660 3614 3003 3679 hominum
3045 3633 3278 3679 mores.
3338 3612 3480 3677 Nec
3522 3632 3679 3678 vero
3724 3612 3865 3676 eius
3909 3612 4001 3676 rei
4041 3611 4201 3676 alios
4238 3610 4439 3678 advo-

2481 3701 2641 3768 cabo
2694 3707 2928 3782 testes,
2997 3721 3193 3783 quam
3250 3705 3317 3764 te
3373 3700 3623 3783 ipsum,
3680 3697 4107 3764 invictissime
4175 3695 4438 3777 Caesar,

2481 3778 2727 3872 vosque
2768 3785 3198 3852 illustrissimi
3235 3784 3599 3867 Principes.
3665 3783 3958 3849 Possunt
3991 3783 4273 3865 quidem,
4321 3802 4440 3847 cur

2481 3876 2579 3941 ita
2620 3876 2723 3953 sit,
2766 3873 3017 3945 multae
3050 3892 3284 3939 causae
3321 3869 3573 3949 adduci,
3614 3870 3854 3934 fateor:
3902 3868 4015 3933 sed
4060 3869 4236 3933 inter
4267 3868 4441 3934 mul-

2483 3970 2588 4027 tas
2631 3960 2795 4025 haec
2836 3961 3053 4041 prima
3094 3959 3247 4037 erit,
3318 3956 3489 4040 quod
3550 3977 3670 4020 sua
3713 3955 3821 4021 vel
3874 3953 4292 4038 indulgentia
4333 3954 4441 4021 vel

2484 4044 2777 4114 socordia
2830 4045 3279 4128 improborum
3329 4040 3587 4107 libidini
3630 4041 3860 4106 fraena
3884 4040 4195 4105 ·laxarint
4226 4062 4442 4107 sacer-

2487 4133 2689 4199 dotes.
2754 4128 2934 4212 Quid
2968 4127 3203 4195 hodie?
3266 4127 3482 4210 Quam
3525 4125 3883 4210 purgandis
3915 4126 4114 4203 vitiis,
4162 4134 4277 4191 aut
4312 4128 4442 4192 sal-

2489 4229 2625 4284 tem
2646 4215 3102 4301 reprimendis,
3148 4236 3374 4281 euram
3410 4212 3768 4278 adhibent?
3837 4210 3971 4279 Ubi
4005 4212 4440 4278 monitiones?

2487 4305 2619 4373 Ubi
2686 4301 3045 4370 censurae?
3136 4299 3774 4375 Excommunieatio‚
3841 4306 3919 4362 ut
3982 4298 4111 4363 alia
4167 4306 4439 4377 taceam,

2490 4392 2776 4477 optimus
2831 4388 3214 4472 disciplinae
3270 4407 3546 4463 nervus,
3604 4404 3801 4467 quem
3862 4387 4010 4463 [pag.
4055 4391 4198 4463 107]
4245 4383 4445 4451 habet

2490 4477 2730 4545 usum?
2804 4474 3078 4541 Habent
3109 4472 3391 4557 quidem,
3429 4469 4127 4536 excommunicationis
4163 4470 4448 4546 nomine,

2490 4564 2916 4650 tyrannicum
2951 4560 3223 4639 fulmen,
3269 4556 3441 4641 quod
3484 4557 3556 4622 in
3595 4564 4029 4634 contumaces,
4075 4564 4152 4619 ut
4192 4564 4449 4637 vocant,

2491 4651 2880 4718 iaculantur.
2972 4645 3108 4712 Sed
3164 4648 3366 4730 qua'm
3419 4643 3900 4710 contumaciam
3942 4645 4258 4724 puniunt,
4319 4643 4448 4708 nisi

2493 4758 2754 4816 eorum,
2813 4734 2926 4818 qui
2972 4733 3050 4799 de
3088 4733 3301 4798 causis
3344 4729 3742 4814 pecuniariis
3788 4726 3872 4792 ad
3916 4726 4206 4792 tribunal
4253 4749 4449 4793 suum

2492 4823 2705 4900 citati,
2749 4820 2855 4887 vel
2900 4841 3034 4885 non
3078 4818 3368 4883 stiterint
3411 4839 3480 4882 se
3521 4814 3790 4898 iudicio,
3848 4812 3960 4878 vel
4002 4811 4449 4895 creditoribuS,

2540 4916 2762 4991 repter
2804 4906 3112 4990 inopiam,
3159 4925 3293 4969 non
3339 4898 3814 4970 satisfecerint?
3907 4898 4013 4963 Ita
4056 4899 4229 4982 quod
4275 4901 4450 4967 salu·

2492 4931 2857 5061 {errimum
2902 4998 3043 5057 erat
3084 4989 3167 5056 ad
3213 4987 3632 5073 corrigendos
3678 4986 3909 5050 noxios
3943 4985 4326 5066 remedium,
4374 5007 4451 5052 ee

2497 5078 2950 5146 tantummodo
3023 5077 3106 5143 ad
3179 5075 3456 5141 miseros
3532 5074 4039 5154 innocentesque
4112 5073 4453 5139 vexandos

1816 5167 1911 5232 Et
1971 5165 2044 5228 in
2108 5163 2400 5230 mulione
2497 5169 2873 5233 abutuntur.
2973 5161 3355 5229 Ridiculum
3408 5178 3606 5243 porro
3652 5163 3781 5235 est,
3842 5156 4014 5239 quod
4059 5158 4314 5225 occulta
4355 5160 4453 5225 fa-

446 5256 867 5327 eonducendo
930 5259 1141 5324 maior
1204 5264 1546 5324 anteactae
1611 5256 1790 5323 vitae
1868 5251 2035 5318 ratio
2099 5251 2397 5330 habetur,
2496 5255 2722 5320 cinora
2773 5249 3104 5317 interdum
3161 5246 3579 5314 anathemate
3631 5243 3999 5344 flagellant:
4067 5254 4145 5309 ut
4201 5245 4257 5309 si
4312 5244 4453 5312 fur-

446 5367 645 5432 quam
686 5346 755 5410 in
801 5344 1101 5431 eligendo
1145 5344 1502 5412 sacerdote.
1581 5340 1767 5407 Nihil
1810 5341 2010 5425 finge,
2054 5337 2226 5403 nihil
2262 5357 2400 5402 am-

658 5448 880 5505 Galvini
904 5464 1091 5519 opera.
1170 5448 1282 5505 Vol.
1331 5448 1429 5504 VI.

2501 5348 2647 5406 tum
2691 5337 3053 5404 admissum
3097 5333 3324 5413 fuerit,
3370 5352 3491 5399 nee
3535 5336 3902 5415 reperiatur
3943 5335 4149 5395 autor.
4216 5330 4467 5399 Aliena

3975 5429 4044 5485 33
