4999 6179
329 435 450 497 257

317 620 475 701 Dei,
520 619 651 686 alia
690 621 985 704 ipsorum
1028 621 1215 687 acti0.
1293 620 1438 706 Ipsi
1479 622 1655 687 enim
1699 622 1893 688 malis
1938 629 2006 689 et
2046 624 2294 707 impro-

325 707 425 774 bis
483 707 619 773 suis
674 706 1141 790 cupiditatibus
1206 709 1676 790 obsequuntur:
1749 714 1898 788 [pag.
1941 714 2048 789 34]
2120 709 2291 776 hanc

327 791 814 877 improbitatem
854 794 1178 860 convertit
1219 792 1405 860 Deus
1449 792 1532 858 ad
1567 793 1985 878 exsequenda
2027 816 2151 860 sua
2193 796 2291 860 iu-

329 880 513 947 dicia.
581 880 803 962 Atque
847 878 1008 945 haec
1049 879 1287 946 leviter
1322 880 1598 963 attingo,
1637 886 1704 945 et
1737 880 1923 946 velut
1964 881 2034 945 in
2070 887 2290 946 trans-

326 984 548 1031 cursu:
591 965 906 1047 quoniam
951 965 1109 1032 alibi
1149 966 1361 1032 fusius
1405 987 1482 1031 ac
1526 963 1907 1050 difigentius
1951 965 2293 1032 tractanda

326 1058 536 1117 erunt.
610 1049 808 1131 Quod
848 1058 1067 1117 autem
1109 1052 1181 1116 in
1216 1051 1702 1135 comparatione
1743 1051 1928 1134 impii
1963 1073 2115 1118 cum
2151 1051 2293 1136 glae-

327 1137 451 1216 dio,
496 1135 795 1202 Luthero
840 1136 920 1202 de
960 1138 1086 1202 hac
1129 1137 1508 1221 loquutione
1549 1137 1870 1204 invidiam
1925 1138 2139 1203 facere
2183 1158 2289 1203 co-

325 1232 544 1302 natur,
585 1243 719 1287 non
763 1229 865 1289 est
910 1223 1034 1289 hoc
1077 1225 1301 1290 fucum
1342 1224 1575 1303 facere,
1622 1222 1737 1289 sed
1784 1224 2065 1288 ferream
2109 1223 2289 1288 fron-

325 1316 458 1375 tem
502 1306 797 1392 prodere.
901 1307 1079 1375 Sunt
1132 1310 1309 1375 enim
1352 1309 1622 1392 spiritus
1667 1308 1907 1385 sancti,
1966 1330 2101 1373 non
2146 1309 2289 1373 Lu-

325 1394 498 1461 theri
545 1393 776 1461 verba:
834 1396 1049 1460 Assur
1089 1395 1281 1478 virga
1333 1395 1571 1461 furoris
1624 1395 1770 1460 mei.
1859 1395 2061 1460 Item:
2108 1393 2291 1475 Quid

324 1480 680 1650 gloriatur)
699 1481 975 1558 securis,
1022 1502 1186 1565 quae
1229 1502 1435 1546 manu
1478 1480 1765 1547 secantis
1808 1480 2105 1564 regitur?
2169 1480 2288 1565 (Is.

329 1571 426 1647 10,
467 1571 525 1633 5.
572 1570 646 1629 15
683 1615 699 1631 .

496 1652 798 1718 Tertium
841 1659 1335 1737 argumentum:
1396 1651 1545 1718 Hoc
1590 1651 1829 1735 dogma
1867 1672 2130 1717 omnem
2175 1671 2292 1734 po-

290 1739 534 1805 =litiam
578 1745 645 1803 et
687 1737 1004 1817 ordinem,
1051 1758 1315 1804 omnem
1358 1737 1526 1802 bene
1561 1736 1830 1804 vivendi
1875 1736 2292 1820 disciplinam

325 1848 408 1892 ex
468 1824 813 1889 hominum
855 1824 998 1891 vita
1049 1823 1413 1906 proscribit.
1519 1824 1802 1888 Frustra
1846 1824 2021 1887 enim
2078 1822 2291 1890 virtu-

325 1911 499 1977 tibus
543 1911 852 1993 praemia,
897 1910 1146 1975 frustra
1179 1907 1531 1974 sceleribus
1565 1929 1812 1993 poenae
1845 1929 2291 1992 proponeren-

324 2005 451 2076 tur,
497 2000 552 2062 si
588 2016 852 2062 necesse
894 2001 997 2062 est
1022 1996 1165 2060 fieri
1203 1995 1380 2078 quod
1424 1995 1555 2060 fiet.
1624 1993 1834 2075 Quasi
1869 2015 2044 2073 vero,
2087 2015 2291 2078 quum

323 2083 549 2147 Deum
593 2080 869 2149 dicimus
935 2103 1054 2147 suo
1120 2081 1395 2146 arbitrio
1448 2079 1671 2145 omnia
1729 2080 2154 2159 constituere,
2223 2085 2292 2143 et

323 2167 611 2253 dirigere
655 2168 739 2234 ad
782 2188 977 2233 suum
1019 2168 1248 2246 finem,
1306 2188 1441 2232 non
1484 2166 1607 2232 1166
1651 2186 1904 2249 (166(166
1948 2164 2287 2245 addamus,

322 2255 519 2320 certis
562 2253 951 2331 rationibus,
1017 2253 1196 2319 velut
1237 2251 1471 2319 mediis
1514 2260 1630 2318 aut
1669 2251 2089 2317 inferioribus
2132 2271 2289 2316 cau-

322 2342 430 2419 616,
475 2341 697 2423 1116616
741 2340 857 2405 611.
947 2339 1053 2404 116
1095 2336 1382 2404 mundus
1435 2338 1664 2421 politia
1706 2345 1773 2404 et
1822 2336 2047 2421 legum
2095 2336 2291 2401 disci-

319 2426 510 2510 plina
552 2427 954 2492 continetur:
1002 2424 1118 2491 sed
1159 2431 1483 2509 quatenus
1527 2423 1659 2491 illis
1702 2423 1912 2488 utitur
1955 2423 2160 2502 Deus,
2207 2422 2292 2486 ad

320 2534 495 2592 eam,
554 2531 755 2595 quam
807 2511 980 2595 apud
1036 2533 1107 2578 se
1160 2511 1528 2594 proposuit,
1583 2508 1813 2574 mundi
1858 2508 2291 2574 conservatio-

319 2619 495 2665 nem.
588 2598 739 2663 Non
783 2618 1012 2663 sumus
1058 2596 1295 2675 Stoici,
1357 2597 1467 2680 qui
1511 2595 1721 2660 fatum
1761 2595 2167 2660 somniemus
2207 2614 2293 2658 ex

317 2691 643 2767 perpetua
707 2704 931 2748 rerum
988 2683 1428 2750 connexione:
1497 2680 1612 2747 sed
1677 2686 1936 2745 tantum
1994 2679 2288 2760 (11611666,

318 2770 546 2834 Β6661
601 2768 850 2834 1666(16
905 2782 1238 2852 praeesse,
1295 2789 1490 2852 quem
1544 2765 1861 2832 condidit:
1921 2787 2044 2833 666
2096 2764 2290 2831 616(16

317 2877 546 2922 rerum
601 2863 883 2922 eventus
938 2854 1183 2920 habere
1225 2855 1296 2919 in
1342 2875 1465 2919 sua
1506 2858 1860 2936 potestate,
1921 2851 2036 2917 sed
2081 2851 2291 2917 homi·

316 2963 484 3007 num
528 2942 730 3006 etiam
772 2939 970 3006 corda
1012 2940 1399 3025 gubernare,
1444 2938 1822 3005 voluntates
1864 2938 2130 3003 flectere
2172 2957 2292 3020 pro

316 3048 440 3094 suo
489 3026 760 3093 arbitrio
807 3026 934 3093 huc
979 3048 1018 3092 a
1093 3048 1173 3092 ue
1216 3026 1393 3106 111116,
1440 3025 1776 3092 actionum
1817 3045 1960 3091 esse
1993 3023 2294 3089 modera-

314 3128 553 3192 torem,
600 3120 677 3178 ut
718 3113 884 3178 nihil
930 3120 1045 3177 tan
1093 3134 1216 3191 em,
1264 3113 1390 3177 nisi
1425 3110 1600 3195 quod
1637 3110 1945 3191 decrevit,
1988 3112 2292 3188 efficiant,

315 3198 646 3284 quidquid
702 3206 1036 3264 conentur.
1139 3196 1430 3262 Proinde
1474 3216 1640 3281 quae
1693 3198 1965 3262 fortuita
2005 3198 2293 3263 maxime

315 3284 655 3364 videntur,
723 3306 800 3350 ea
864 3284 1141 3349 dicimus
1204 3282 1353 3348 fieri
1413 3284 1807 3349 necessario:
1877 3305 2011 3349 non
2063 3289 2295 3365 suapte

313 3381 597 3451 natura,
655 3370 771 3435 sed
814 3371 1122 3453 quoniam
1180 3376 1521 3435 aeternum
1572 3374 1639 3433 et
1683 3368 1920 3434 stabile
1964 3368 2096 3433 Dei
2138 3388 2292 3432 con-

312 3457 548 3523 silium
599 3457 669 3521 in
705 3456 854 3521 ’11116
955 3455 1352 3522 ubernandis
1414 3463 1670 3538 regnat.
1775 3454 2003 3536 Neque
2070 3461 2292 3518 tamen

311 3543 567 3609 idcirco
622 3541 842 3607 media
894 3541 1010 3606 ila
1073 3540 1511 3619 excludimus,
1580 3561 1745 3624 quae
1798 3539 1871 3603 in
1928 3537 2293 3605 voluntatis

313 3649 483 3696 suae
527 3628 912 3713 obsequium
968 3627 1157 3693 Deus
1203 3626 1584 3692 destinavit:
1635 3646 1846 3707 neque
1902 3632 2019 3688 aut
2062 3624 2289 3702 otiosa,

315 3725 438 3781 aut
496 3732 905 3799 supervacua
957 3712 1263 3790 dicimus,
1321 3731 1487 3795 quae
1533 3708 1797 3776 divinae
1840 3708 2291 3794 providentiae

311 3801 800 3885 complemento
842 3800 1160 3865 serviunt.

498 3885 830 3968 Quartum
877 3891 1367 3970 argumentum:
1415 3880 1609 3963 Quod
1644 3882 1858 3947 omnis
1894 3881 2145 3946 tollitur
2188 3901 2293 3947 re-

310 3972 515 4057 ligio,
578 3983 643 4037 61
699 3971 997 4036 homines
1041 3976 1399 4035 vertuntur
1442 3968 1515 4032 in
1558 3967 1871 4050 pecudes,
1928 3968 2036 4034 vel
2075 3967 2291 4050 potius

310 4059 385 4124 in
445 4065 786 4144 portenta:
836 4062 984 4136 [pag.
1032 4062 1140 4137 35]
1213 4075 1494 4140 quorum
1538 4053 1964 4119 admiratione
2005 4053 2290 4138 Pighius

304 4144 381 4210 in
438 4166 697 4210 morem
752 4143 990 4228 lapidis
1051 4143 1433 4227 obrigescat.
1533 4140 1737 4206 Dicas
1788 4138 2124 4204 hominem
2185 4138 2291 4204 hic

303 4230 503 4314 loqui
557 4229 638 4296 (16
690 4230 1007 4314 religione
1060 4229 1487 4294 vehementer
1541 4226 1847 4291 anxium:
1905 4244 1981 4290 ac
2037 4224 2096 4290 si
2154 4246 2289 4289 non

305 4317 520 4402 pleno
564 4337 678 4382 ore
718 4316 961 4399 ubique
1012 4317 1294 4398 spiraret
1346 4332 1805 4377 romanensem
1861 4310 2287 4394 theologiam:

305 4404 514 4470 cuius
568 4402 854 4485 primum
910 4401 1174 4466 axioma
1212 4407 1342 4478 est,
1393 4404 1661 4463 tantum
1707 4396 1788 4462 de
1830 4398 1975 4462 Deo
2018 4395 2289 4462 creden-

306 4488 480 4555 dum
529 4507 693 4567 esse,
739 4495 1059 4571 quantum
1103 4487 1305 4551 hbeat
1338 4493 1406 4550 et
1441 4482 1777 4550 conducat.
1843 4480 1978 4549 Sed
2024 4482 2291 4547 11616166

304 4574 716 4659 praeterito,
773 4573 1112 4640 videamus
1157 4593 1356 4655 quam
1399 4591 1638 4636 verum
1681 4569 1796 4648 sit',
1843 4568 2016 4651 quod
2060 4568 2290 4634 obten-

305 4660 430 4727 dit.
529 4660 833 4727 Dicimus
875 4659 1211 4724 hominem
1254 4677 1390 4721 non
1432 4654 1626 4721 modo
1663 4655 1826 4720 nihil
1872 4674 2068 4739 agere
2100 4675 2293 4738 posse

303 4746 496 4827 boni,
545 4745 665 4812 sed
705 4767 791 4811 ne
835 4745 1123 4829 cogitare
1160 4742 1460 4892 guidem,
1516 4749 1595 4806 ut
1637 4749 1814 4806 totus
1859 4762 1900 4805 a
1940 4739 2088 4805 Deo
2130 4762 2291 4823 pen-

305 4832 478 4900 dere
523 4832 752 4910 discat,
798 4851 873 4898 ac
918 4830 999 4896 (16
1043 4850 1115 4894 66
1203 4848 1532 4911 esperans,
1577 4829 1648 4892 in
1683 4827 1868 4892 illum
1912 4826 2176 4910 penitus
2220 4847 2291 4890 se

303 4920 626 4985 reiicere:
674 4919 732 4983 si
776 4914 934 5001 quid
969 4914 1128 4981 boni
1166 4916 1394 5000 egerit,
1440 4911 1537 4976 illi
1582 4921 1943 4997 acceptum,
1989 4933 2122 4977 non
2167 4911 2291 4977 sibi

304 5006 601 5071 referat:
656 5023 778 5070 nec
833 4999 1170 5067 dimidiam
1227 5005 1486 5064 tantum
1552 4998 1652 5064 illi
1717 4998 1977 5065 laudem
2041 4998 2293 5063 tribuat

303 5090 650 5157 bonorum
694 5108 985 5172 operum,
1032 5086 1149 5153 sed
1188 5086 1451 5170 plenam
1501 5106 1577 5149 ac
1620 5084 1913 5165 solidam,
1959 5083 2124 5150 nihil
2168 5082 2293 5150 sibi

301 5177 660 5259 reliquum
703 5173 979 5254 faciens,
1025 5173 1156 5239 nisi
1195 5170 1369 5257 quod
1412 5171 1493 5237 ab
1538 5191 1614 5236 eo
1659 5173 1931 5256 accepit,
1975 5169 2294 5256 quidquid

301 5262 545 5329 habet,
632 5259 954 5340 Dicimus,
992 5259 1244 5325 homini
1275 5258 1642 5342 ingenitam
1680 5259 2174 5341 perversitatem
2209 5279 2297 5323 ex

299 5346 767 5416 haereditaria
828 5347 1270 5429 corruptione:
1338 5351 1413 5410 ut
1465 5343 1783 5428 quidquid
1843 5354 2099 5429 peccat,
2170 5343 2296 5409 sibi

544 5447 769 5506 061υὺιό
790 5463 975 5519 opera.
1055 5446 1171 5506 Vol.
1213 5446 1312 5503 VI.

1804 434 1934 501 DE
1978 433 2334 503 LIBERO
2378 436 2853 505 ARBITRIO.

4232 446 4359 510 258

2396 625 2711 709 imputet,
2780 648 2902 693 nec
2968 628 3097 693 alio
3151 626 3409 712 culpam
3465 630 3845 709 transferat,
3904 651 4106 713 quum
4159 631 4230 696 in
4289 651 4360 697 66

2395 711 2541 795 ipso
2595 713 2894 778 inveniat
2948 714 3105 779 mali
3171 713 3478 779 radicem.
3576 714 3907 794 Dicimus,
3977 737 4112 780 non
4168 737 4360 783 66666

2397 804 2513 863 661
2565 797 2835 863 fortuito
2887 820 3044 866 casu
3097 821 3363 866 sursum
3419 799 3722 865 deorsum
3764 802 4015 865 versari
4071 822 4179 868 res
4234 804 4360 867 hu-

2394 903 2645 963 manas,
2686 883 2803 950 sed
2845 891 3024 950 certo
3066 886 3198 950 Dei
3240 885 3508 951 consilio
3559 884 4030 951 administrari:
4077 894 4151 951 ut
4189 888 4359 953 nihil

2395 969 2692 1035 accidere
2736 971 2941 1053 possit
2981 991 3180 1053 quam
3220 969 3395 1054 quod
3438 971 3727 1036 decrevit
3761 970 3840 1035 ab
3876 971 4095 1036 initio:
4140 974 4361 1038 omnia

2396 1056 2537 1122 eius
2578 1056 2890 1138 potestati
2932 1056 3223 1123 subiecta
3276 1077 3445 1122 esse:
3501 1054 3647 1121 ideo
3703 1055 3957 1121 nullam
4000 1077 4142 1123 esse
4186 1079 4362 1125 crea-

2394 1148 2646 1221 turam,
2755 1162 2879 1206 uae
2945 1163 3081 1207 non
3147 1141 3288 1207 eius
3340 1142 3693 1220 voluntati,
3760 1148 3877 1207 aut
3932 1149 4191 1226 sponte,
4246 1160 4361 1210 aut

2394 1236 2633 1306 coacta,
2678 1248 2716 1292 o
2763 1235 3101 1310 temperet.
3188 1226 3477 1292 Proinde
3523 1247 3691 1309 quae
3732 1229 3934 1307 fiunt,
3980 1231 4200 1295 omnia
4243 1251 4359 1295 ne-

2396 1313 2679 1378 cessario
2735 1314 2877 1377 fieri
2932 1318 3132 1397 prout
3184 1312 3527 1378 ordinavit.
3618 1311 3942 1379 Satanam
3996 1336 4253 1399 quoque
4293 1323 4362 1382 et

2396 1418 2627 1463 omnes
2668 1399 2903 1481 impios
2947 1399 3087 1465 eius
3129 1399 3423 1482 imperio,
3442 1419 3584 1464 esse
3619 1398 3950 1480 obnoxios,
3989 1408 4065 1465 ut
4105 1423 4176 1467 66
4220 1423 4362 1467 mo-

2394 1505 2556 1549 vere
2610 1490 2970 1567 nequeant,
3025 1484 3155 1550 nisi
3208 1490 3527 1569 quantum
3582 1485 3880 1550 iusserit:
3936 1506 4141 1551 manu
4187 1488 4365 1552 enim

2396 1569 2541 1636 6166
2597 1570 2782 1636 velut
2835 1570 3064 1636 fraeno
3109 1576 3238 1653 aut,
3266 1571 3550 1653 capistro
3593 1571 3904 1636 coerceri:
3949 1578 4027 1636 ut
4065 1578 4208 1636 tum
4253 1593 4371 1638 666

2395 1654 2698 1734 retineat,
2729 1656 2778 1740 ¹)
2834 1677 3039 1738 quum
3090 1655 3384 1721 libuerit:
3452 1662 3596 1721 tum
3648 1656 3946 1740 impellat
4000 1663 4068 1721 et
4121 1654 4366 1742 dirigat

2395 1740 2478 1806 ad
2533 1739 2952 1824 exsequenda
3003 1762 3125 1808 sua
3177 1740 3435 1806 iudicia.
3537 1739 3724 1823 Quae
3781 1741 4002 1807 omnia
4055 1764 4191 1807 non
4234 1743 4364 1808 alio

2394 1832 2713 1909 spectant,
2761 1827 2889 1891 nisi
2933 1834 3010 1892 ut
3049 1826 3264 1893 fidelis
3306 1828 3376 1892 in
3415 1826 3541 1892 hac
3575 1828 3705 1891 Dei
3739 1828 4218 1911 omnipotentia
4262 1849 4365 1894 se·

2395 1932 2592 1978 curus
2636 1913 3035 1995 acquiescat;
3087 1933 3210 1977 nec
3265 1917 3520 1977 metuat
3571 1911 3907 1977 fortunam
3956 1919 4073 1978 aut
4117 1933 4362 1995 casum,

2393 2018 2516 2064 nec
2571 2004 2688 2062 aut
2744 2019 2784 2063 a
2834 1997 3063 2063 bestiis
3120 2004 3235 2063 aut
3299 1997 3678 2063 hominibus
3738 2003 3857 2063 aut
3910 1997 4184 2065 diabolis
4243 1999 4368 2065 sibi

2395 2083 2641 2162 timeat,
2686 2104 2761 2149 ac
2804 2083 2861 2149 si
2904 2082 3075 2148 laxis
3121 2088 3237 2147 aut
3276 2082 3501 2148 fractis
3545 2083 3820 2149 habenis
3869 2084 4207 2150 ferrentur
4236 2080 4368 2150 'suo

2394 2169 2650 2252 impetu
2665 2220 2681 2248 ,
2734 2168 2877 2234 sine
2934 2168 3258 2251 superiori
3310 2168 3666 2252 regimine3
3722 2167 3838 2233 sed
3894 2170 4186 2235 animam
4225 2192 4368 2237 cor·

2394 2274 2648 2338 pusque
2691 2252 2838 2319 Deo
2880 2254 3200 2339 resignet,
3256 2260 3450 2336 atque
3492 2253 3587 2317 ita
3629 2252 3700 2316 in
3744 2255 3887 2317 61116
3933 2254 4208 2320 16161616
4251 2276 4369 2339 pa-

2396 2346 2540 2404 cato
2560 2338 3037 2423 tranquilloque
3073 2340 3290 2405 animo
3325 2339 3681 2418 recumbat,
3719 2339 3905 2404 cuius
3941 2345 4112 2404 nutu
4147 2342 4370 2406 omnia

2397 2425 2739 2504 constitui,
2815 2426 3000 2491 cuius
3078 2446 3283 2490 manu
3348 2425 3571 2488 omnia
3631 2424 3776 2488 fieri
3841 2427 4045 2491 novit.
4158 2426 4368 2492 Porro

2395 2532 2600 2594 quum
2644 2510 2809 2577 11666
2850 2517 2991 2575 tota
3025 2510 3323 2576 doctrina
3355 2508 3693 2573 hominem
3730 2515 3877 2589 [pag.
3918 2513 4024 2588 36]
4063 2529 4199 2574 non
4237 2512 4370 2576 nisi

2397 2595 2481 2660 ad
2527 2596 2987 2675 humilitatem,
3034 2597 3337 2661 timorem
3377 2595 3538 2674 Dei,
3583 2593 3892 2659 fiduciam
3930 2595 4003 2658 in
4045 2596 4191 2660 Deo
4236 2596 4367 2662 col·

2394 2681 2760 2762 locandam,
2806 2681 3084 2766 gloriam
3118 2680 3250 2747 Dei
3284 2678 3810 2763 praedicandam,
3849 2681 4159 2746 instituat
4192 2680 4368 2766 (qui-

2397 2768 2522 2834 bus
2585 2767 2998 2851 potissimum
3066 2766 3264 2832 rebus
3337 2772 3595 2833 constat
3657 2786 3816 2832 vera
3893 2765 4156 2851 religio)
4234 2788 4368 2832 non

2398 2860 2501 3006 {st
2527 2876 2672 3004 1661·
2724 2859 2863 2919 tam
2917 2860 3204 2920 atrocem
3266 2855 3746 2918 accusationem
3811 2851 4001 2918 nobis
4066 2852 4371 2918 intendat

2459 2961 2529 3024 1g
2578 2960 2702 3005 166.

2571 3024 2899 3107 Quintum
2932 3030 3428 3110 argumentum:
3469 3023 3691 3087 Deum
3736 3021 3830 3088 sic
3852 3021 4177 3106 loquendo
4208 3023 4367 3088 faci-

2395 3133 2548 3177 mus
2593 3112 2918 3177 malorum
2961 3112 3255 3175 omnium
3301 3116 3630 3187 autorem,
3681 3129 3764 3173 ex
3808 3107 4169 3174 iustissimo
4217 3131 4368 3175 cru-

2398 3197 2612 3263 delem
2657 3218 2733 3263 ac
2778 3217 3069 3275 saevum,
3116 3202 3182 3260 et
3224 3195 3553 3260 infinitam
3595 3196 3736 3258 eius
3771 3195 4159 3277 sapientiam
4204 3195 4368 3260 stul-

2397 3290 2537 3349 tam
2594 3283 2888 3349 facimus.
2986 3279 3311 3364 Equidem
3370 3280 3504 3344 tale
3560 3278 3874 3344 iudicium
3920 3301 3959 3344 a
4002 3300 4202 3346 carne
4247 3302 4369 3346 sua

2397 3369 2774 3435 hominibus
2832 3366 3064 3432 dictari
3116 3386 3251 3431 non
3306 3386 3507 3450 nego,
3565 3374 3642 3430 ut
3693 3365 3913 3430 Deum
3969 3366 4173 3431 talem
4226 3387 4369 3432 esse

2396 3455 2788 3537 concipiant,
2848 3474 3053 3537 quum
3114 3452 3333 3535 ipsum
3390 3448 3669 3516 audiunt
3682 3501 3699 3528 ,
3766 3449 3847 3515 de
3913 3450 4173 3517 arcanis
4230 3453 4367 3518 suis

2397 3540 2658 3607 iudiciis
2701 3540 3097 3623 loquentem.
3182 3536 3321 3604 Sed
3363 3536 3574 3621 qualis
3611 3536 3737 3601 erit
3779 3536 3907 3602 ista
3950 3537 4264 3619 aequitas,
4311 3537 4370 3603 si

2394 3625 3081 3709 incomprehensibilia
3134 3622 3263 3690 Dei
3329 3622 3597 3702 iudicia,
3678 3641 3846 3704 quae
3897 3621 4148 3686 Paulus
4215 3643 4370 3687 cum

2396 3710 2833 3795 trepidatione
2889 3709 3119 3776 adorat
3176 3716 3243 3775 et
3287 3709 3573 3774 miratur
3617 3707 3838 3794 (Rom.
3886 3711 3980 3784 11,
4023 3710 4166 3792 33),
4213 3707 4368 3789 quia

2397 3804 2706 3864 excutere
2749 3817 2885 3862 non
2924 3795 3141 3876 audet,
3188 3797 3617 3861 aestimentur
3661 3814 3744 3858 ex
3780 3792 3983 3857 stulta
4018 3791 4368 3857 hominum

2395 3882 2696 3949 ratione?
2782 3882 3007 3964 Quum
3050 3881 3307 3946 Paulus
3344 3882 3487 3964 ipse
3529 3880 3883 3962 impiorum
3925 3875 4366 3959 blasphemias

2393 3971 2468 4034 in
2512 3967 2804 4034 medium
2845 3967 3121 4050 profert„
3178 3966 3361 4031 addit
3405 3988 3475 4031 se
3518 3965 3695 4047 loqui
3741 3962 4106 4029 secundum
4150 3962 4363 4026 homi-

2395 4076 2553 4121 nem
2608 4056 2830 4140 (Rom.
2869 4057 2926 4133 3,
2968 4053 3054 4135 5).
3156 4051 3305 4133 Quo
3368 4052 3572 4117 verbo
3638 4047 4025 4132 simpliciter
4089 4046 4360 4113 demon-

2395 4147 2594 4221 strat,
2640 4161 2774 4206 non
2818 4159 3007 4223 posse
3050 4138 3383 4203 hominem
3427 4135 3558 4201 nisi
3599 4153 3974 4217 perperam,
4021 4153 4228 4218 usque
4274 4133 4360 4218 ad

2392 4227 2631 4310 impias
2695 4233 2763 4294 ct
2816 4224 3170 4309 sacrilegas
3221 4221 3589 4306 opiniones,
3648 4219 3728 4284 de
3779 4218 3886 4284 his
3939 4219 4134 4284 rebus
4187 4218 4360 4284 iudi-

2394 4334 2561 4380 care.
2659 4313 2843 4397 Ergo
2900 4312 2981 4377 ab
3037 4311 3163 4375 ista
3215 4306 3556 4392 praecipiti
3614 4305 3834 4373 carnis
3898 4304 4173 4372 audacia
4235 4327 4359 4372 nos

2394 4397 2478 4464 ad
2523 4405 2770 4466 castam
2810 4398 3228 4463 sobrietatem
3271 4393 3663 4475 divinaeque
3716 4390 4005 4456 iustitiae
4048 4412 4358 4456 reveren·

2395 4485 2555 4548 tiam
2591 4489 3093 4557 convertamus.
3193 4480 3366 4545 'rum
3420 4478 3901 4563 intelligemus,
3958 4498 4080 4543 nec
4133 4477 4358 4541 Deum

2393 4571 2540 4634 fieri
2592 4569 2916 4634 malorum
2963 4574 3286 4646 autorem,
3344 4586 3548 4648 quum
3592 4563 3834 4629 dicitur
3877 4563 4115 4644 impios
4160 4582 4356 4646 agere

2395 4676 2524 4739 quo
2564 4654 2739 4734 vult,
2799 4661 2865 4719 et
2919 4675 3038 4737 per
3089 4652 3237 4717 illos
3293 4671 3461 4735 opus
3516 4670 3715 4715 suum
3768 4668 4084 4732 peragere
4128 4653 4197 4711 et
4241 4668 4357 4711 ex-

2393 4740 2610 4824 sequi:
2656 4739 2772 4806 sed
2813 4740 3033 4823 potius
3088 4736 3543 4805 confitebimur
3581 4756 3725 4802 esse
3764 4734 4080 4799 eximium
4124 4738 4191 4796 et
4231 4732 4357 4798 mi-

2395 4827 2657 4894 rificum
2701 4826 3048 4905 artificem,
3105 4824 3217 4907 qui
3259 4824 3429 4890 bene
3474 4822 3672 4886 etiam
3715 4819 3907 4885 malis
3953 4819 4356 4884 instrumen-

2395 4914 2481 4978 tis
2534 4918 2792 4977 utatur:
2850 4910 3169 4977 iustitiam
3222 4910 3364 4975 eius
3418 4927 3728 4992 cogemur
3780 4905 4137 4988 suspicere,
4193 4924 4358 4987 quae

2396 5019 2532 5064 non
2587 4998 2778 5064 modo
2834 4998 2907 5063 in
2959 4995 3176 5062 media
3229 4994 3574 5078 iniquitate
3628 4993 3809 5056 viam
3859 4990 4184 5071 inveniat,
4240 4989 4358 5055 sed

2394 5085 2540 5167 ipsa
2583 5105 2840 5168 quoque
2884 5082 3232 5167 iniquitate
3274 5085 3501 5147 utatur
3543 5079 3614 5143 16
3655 5076 3918 5143 bonum.

2398 5217 2675 5225 —————-..
2702 5220 2741 5224 ,-
2754 5219 2809 5225 -—.

2538 5289 2597 5357 1)
2644 5297 2705 5346 ut
2748 5296 2862 5345 tum
2909 5305 3094 5345 omnes
3143 5303 3238 5344 eos
3291 5287 3551 5340 retineat:
3625 5283 3911 5339 Gallasius
3971 5287 4024 5337 et
4081 5284 4363 5350 sequentes

2395 5363 2599 5429 omnes,
2642 5358 2805 5414 etiam
2847 5358 3054 5414 Gallus.
3883 5435 3947 5490 17

4806 6137 4939 6144 *
