4999 6179
387 469 504 530 361

385 652 624 719 derem.
695 655 868 720 Nam
913 664 978 719 et
1023 675 1099 720 eo
1130 654 1323 722 modo
1367 678 1579 739 neque
1622 658 1914 722 animam
1945 680 2066 742 per
2109 677 2181 723 se
2216 658 2341 723 im-

382 740 732 805 mortalem
790 762 933 807 esse
1005 739 1437 807 concedimus.
1529 741 1711 823 Quin
1778 745 1977 808 etiam
2020 746 2112 809 sic
2157 741 2347 810 docet

382 825 653 903 Paulus,
688 848 887 909 quum
915 827 1038 891 soli
1060 828 1205 892 Deo
1227 826 1460 892 tribuit
1481 828 2045 894 immortalitatem
2069 832 2129 912 (1
2175 831 2344 894 Tim.

388 919 457 989 6,
524 914 650 995 16).
739 912 971 995 Neque
1023 923 1272 978 tamen.
1303 927 1651 997 propterea
1701 917 2052 980 mortalem
2110 924 2352 981 natura

301 1036 306 1041 ·
388 1020 530 1063 esse
589 998 884 1063 animam
939 999 1256 1064 fatemur:
1326 998 1589 1082 quando
1643 1021 1778 1065 non
1838 1022 1920 1065 ex
1976 1002 2196 1085 prima
2251 1023 2355 1067 es-

387 1085 639 1150 sentiae
681 1084 933 1148 virtute
979 1085 1407 1151 aestimamus
1449 1094 1780 1163 naturam,
1826 1086 1942 1152 sed
1986 1109 2070 1151 ex
2119 1108 2352 1171 perpe-

387 1181 497 1235 tuo
533 1178 732 1247 statu,
770 1190 963 1252 quem
999 1172 1138 1236 suis
1174 1174 1491 1237 creaturis
1524 1173 1711 1237 Deus
1746 1170 2075 1238 indiderit.
2128 1171 2354 1254 Quum

379 1277 542 1340 ergo
584 1255 712 1320 hac
752 1256 901 1340 lege
945 1256 1250 1324 conditus
1290 1257 1459 1322 foret
1501 1257 1725 1337 homo,
1787 1280 1872 1323 ne
1913 1268 2191 1324 mortem
2239 1267 2357 1324 aut

388 1342 873 1425 corruptionem
912 1364 1210 1425 unquam
1253 1345 1547 1419 sentiret,
1594 1365 1711 1409 suo
1756 1343 1879 1409 sibi
1911 1346 2076 1410 vitio
2123 1346 2356 1410 mortis

389 1428 874 1493 damnationem
935 1430 1282 1494 contraxit.
1371 1430 1478 1494 Ita
1535 1450 1740 1511 quum
1798 1431 1878 1496 de
1935 1434 2168 1496 mortis
2223 1433 2355 1496 ori-

387 1515 543 1599 gine
589 1514 884 1596 disputat
923 1515 1274 1599 apostolus,
1319 1535 1455 1580 non
1485 1536 1632 1581 eam
1670 1514 1754 1581 ad
1789 1526 2096 1582 naturam
2132 1519 2353 1594 refert,

389 1599 504 1666 sed
547 1599 632 1664 ad
673 1612 1015 1682 peccatum
1061 1601 1284 1685 (Rom.
1326 1608 1383 1679 5,
1426 1605 1548 1681 12).
1617 1601 1906 1668 Proinde
1949 1624 1989 1668 a
2030 1603 2356 1669 moriendi

385 1687 779 1752 necessitate
831 1687 1197 1752 immunem
1249 1687 1479 1765 fuisse,
1534 1698 1813 1754 naturae
1869 1690 2120 1755 sanitas
2181 1698 2352 1754 erat:

387 1794 568 1839 nunc
626 1780 849 1837 autem
904 1774 1136 1838 mortis
1193 1773 1435 1840 iudicio
1489 1773 1855 1853 subiacere,
1912 1775 2182 1841 morbus
2236 1788 2352 1851 est.

388 1859 575 1924 Haec
619 1879 783 1924 sana
837 1869 940 1923 est
991 1879 1068 1923 ac
1112 1858 1396 1942 simplex
1448 1860 1896 1943 philosophia,
1950 1883 2115 1943 quae
2171 1864 2357 1945 vagis

389 1944 522 2009 illis
578 1955 645 2010 et
701 1945 998 2011 volaticis
1057 1944 1280 2028 Pighii
1356 1945 1914 2027 speculationibus
1979 1948 2360 2031 importune

389 2032 727 2096 evertitur.
817 2031 912 2097 Ut
978 2053 1161 2107 caro,
1233 2033 1477 2113 inquit,
1547 2054 1694 2097 cum
1765 2033 2021 2098 ratione
2083 2042 2355 2118 pugnet,

389 2137 665 2200 eamque
708 2119 778 2181 in
840 2118 1129 2183 iustitiae
1184 2117 1562 2183 obedientia
1613 2119 1933 2202 impediat
1985 2140 2061 2186 ac
2120 2119 2356 2198 turbet,

387 2212 669 2268 naturae
712 2212 832 2280 est,
877 2224 1013 2267 non
1049 2205 1212 2269 vitii.
1281 2203 1414 2269 Hic
1458 2226 1614 2269 vero
1647 2225 1734 2269 an
1781 2225 1916 2270 non
1949 2206 2166 2289 plenis
2201 2205 2359 2270 buc-

389 2291 484 2355 cis
528 2290 1000 2356 Manichaeum
1058 2312 1129 2354 se
1186 2310 1331 2355 esse
1382 2290 1774 2373 profitetur?
1866 2292 2040 2358 Nota
2081 2299 2186 2358 est
2219 2313 2359 2357 om-

388 2376 582 2441 nibus
634 2376 819 2441 Eccii
873 2376 1290 2453 temulentia,
1344 2376 1615 2441 Oochlei
1672 2378 1968 2442 fatuitas:
2039 2379 2154 2444 sed
2222 2396 2360 2444 tam

389 2462 751 2546 flagitiosae
790 2459 1238 2544 impudentiae
1253 2513 1268 2539 ,
1314 2461 1489 2545 quod
1533 2463 1756 2543 sciam,
1803 2483 1935 2527 non
1978 2472 2198 2530 exstat
2241 2485 2361 2548 par

386 2548 786 2631 exemplum.
876 2547 1044 2613 Plus
1100 2549 1348 2613 centies
1406 2549 1596 2614 nobis
1641 2551 1774 2614 iam
1817 2549 2196 2617 Manichaei
2243 2573 2360 2616 no-

384 2655 540 2699 men
595 2631 1049 2718 exprobravit,
1107 2634 1279 2716 quod
1318 2644 1630 2701 naturam
1673 2635 2092 2715 damnemus,
2151 2658 2358 2720 quum

383 2730 664 2785 naturae
706 2722 1106 2801 corruptioni
1152 2719 1447 2786 dicamus
1488 2721 1979 2803 imputandum,
2040 2721 2358 2806 quidquid

385 2818 487 2870 est
541 2806 613 2871 in
670 2806 937 2870 homine
979 2806 1144 2871 vitii.
1233 2806 1431 2872 Nunc
1474 2818 1698 2872 autem
1742 2807 1944 2890 quid?
2036 2809 2196 2888 Illa,
2253 2810 2357 2874 in-

383 2892 547 2974 quit,
594 2911 761 2974 quae
803 2892 1048 2956 rationi
1089 2892 1247 2957 facit
1278 2894 1639 2976 negotium,
1686 2896 1904 2959 carnis
1954 2895 2242 2975 rebelli0,
2291 2902 2360 2960 et

384 2998 552 3060 quae
607 2977 901 3042 iustitiae
956 2977 1351 3057 reluctatur,
1407 2998 1542 3043 non
1588 2980 1720 3044 alia
1771 2989 1876 3045 est
1933 3002 2134 3064 quam
2189 3002 2357 3064 quae

381 3064 601 3129 fuerat
642 3069 796 3128 ante
853 3071 1192 3145 peccatum
1250 3066 1320 3129 in
1371 3066 1583 3147 prima
1628 3066 1900 3150 origine.
1992 3064 2200 3133 Vides
2257 3075 2352 3146 ut,

384 3151 460 3215 in
503 3149 816 3216 creatoris
860 3150 1348 3228 contumeliam,
1395 3151 1742 3216 essentiale
1787 3174 1930 3218 esse
1973 3154 2045 3218 in
2090 3154 2357 3218 homine

382 3235 655 3314 malum,
702 3236 1040 3319 impurum
1082 3257 1156 3301 os
1196 3237 1597 3318 pronunciet
1618 3237 1649 3300 ‘2
1720 3237 1867 3302 Nisi
1913 3240 2083 3305 forte
2126 3250 2356 3305 contu-

383 3322 686 3399 maciam,
733 3343 932 3404 quam
963 3321 1256 3387 iustitiae
1287 3322 1595 3404 obsequio
1628 3344 2002 3407 repugnare
2038 3325 2180 3407 ipse
2219 3333 2357 3390 tra-

384 3405 498 3484 dit,
545 3429 586 3472 a
627 3407 787 3473 vitio
828 3407 995 3473 velit
1037 3427 1367 3472 excusare.
1458 3407 1714 3472 Verum
1760 3410 1954 3475 citius
2002 3415 2152 3491 [pag.
2203 3417 2347 3488 179]

393 3514 468 3558 se
503 3516 588 3559 ex
629 3493 1010 3577 labyrintho
1044 3493 1368 3576 expediat,
1414 3513 1611 3575 quam
1645 3503 1721 3557 ut
1761 3502 1901 3558 tam
1930 3497 2358 3562 manifestum

392 3579 811 3663 sacrilegium
865 3579 1000 3643 ullo
1044 3580 1260 3646 colore
1300 3591 1585 3645 excuset.
1677 3578 1904 3660 Quum
1959 3591 2112 3646 ante
2170 3603 2357 3647 men-

393 3666 696 3743 tiebatur,
742 3665 963 3730 Deum
1008 3684 1130 3730 nos
1173 3666 1388 3731 facere
1431 3665 1589 3730 mali
1636 3675 1963 3742 autorem,
2002 3666 2170 3732 illud
2214 3676 2359 3733 erat

392 3759 764 3816 extremum
813 3751 1130 3833 probrum
1147 3802 1163 3830 ,
1219 3771 1349 3834 quo
1405 3770 1527 3817 nos
1584 3753 1848 3835 gravari
1892 3772 2082 3835 posse
2127 3754 2356 3818 existi-

391 3835 631 3902 mabat.
722 3835 904 3916 Quid
946 3859 1125 3903 nunc
1168 3859 1252 3902 ex
1296 3857 1416 3902 suo
1462 3857 1665 3902 sensu
1707 3837 2084 3920 eloquitur?
2157 3837 2356 3920 Quod

391 3922 693 4000 rebellio,
749 3943 917 4006 quae
971 3945 1056 3988 ex
1112 3945 1309 3989 carne
1353 3924 1665 4001 sentitur,
1723 3922 2040 3989 adversus
2084 3926 2358 3992 rationis

393 4022 464 4073 et
507 4008 800 4074 iustitiae
853 4007 1233 4091 obsequium
1252 4061 1268 4089 ,
1316 4029 1401 4074 ex
1453 4018 1694 4074 natura
1751 4019 1819 4073 et
1859 4007 2006 4074 Deo
2049 4012 2165 4089 sit,
2221 4031 2359 4077 non

394 4077 772 4160 deiectionis
838 4094 1017 4159 vitio.
1103 4096 1322 4180 Legat
1384 4114 1597 4174 nunc,
1676 4096 1788 4177 qui
1843 4096 2021 4161 volet
2040 4147 2055 4172 ,
2124 4095 2359 4161 deliria

393 4179 796 4259 Manichaei,
853 4188 930 4245 ut
982 4201 1023 4244 a
1070 4182 1406 4247 veteribus
1450 4180 1855 4246 referuntur:
1915 4192 1982 4246 et
2034 4201 2169 4246 non
2225 4182 2358 4247 alia

392 4268 596 4332 fuisse
640 4267 944 4349 reperiet.

566 4351 923 4418 Concludit
974 4372 1163 4435 ergo,
1230 4354 1301 4417 in
1361 4353 1771 4419 naturalibus
1841 4351 2051 4416 nihilo
2105 4353 2358 4418 homini

395 4438 782 4523 deperiisse:
830 4438 945 4503 sed
981 4447 1242 4503 tantum
1276 4441 1477 4505 fuisse
1522 4438 2134 4521 supernaturalibus
2167 4438 2356 4504 donis

393 4535 720 4601 ornatum,
747 4526 795 4602 ¹)
840 4545 1007 4606 quae
1041 4525 1113 4588 in
1156 4546 1306 4590 eum
1330 4527 1517 4591 Deus
1539 4525 1926 4590 contulerat.
1984 4522 2122 4601 Sed
2165 4525 2233 4590 in
2280 4546 2356 4590 eo

391 4611 861 4689 hallucinatur,
885 4609 1056 4693 quod
1070 4612 1438 4700 sanitatem,
1463 4630 1630 4692 quae
1652 4630 1813 4676 vera
1836 4617 1937 4674 est
1960 4631 2036 4676 ac
2065 4612 2357 4695 genuina

392 4707 669 4762 naturae
725 4696 1130 4773 constitutio,
1202 4719 1337 4762 non
1390 4703 1609 4780 potest
1657 4696 1738 4762 ab
1806 4695 2139 4762 accidente
2193 4699 2354 4761 vitio

393 4783 781 4849 discernere.
869 4782 1015 4848 Hoc
1058 4782 1434 4848 discrimine
1477 4803 1610 4846 non
1655 4780 1973 4860 adhibito,
2020 4783 2186 4847 nihil
2231 4787 2354 4847 mi-

393 4891 561 4948 rum,
606 4870 661 4934 si
706 4869 927 4933 omnia
967 4868 1341 4933 confundat.
1406 4868 1554 4932 Hoc
1595 4868 1789 4950 quale
1822 4869 1925 4944 sit,
1969 4869 2195 4952 paucis
2238 4889 2353 4933 ex-

393 4954 671 5039 pediam.
761 4955 1061 5020 Affectus
1115 4974 1372 5033 omnes,
1430 4955 1543 5037 qui
1587 4955 1658 5017 in
1701 4952 2034 5018 hominem
2079 4963 2354 5020 natura-

393 5041 546 5106 liter
601 5040 877 5118 cadunt,
944 5062 1065 5106 nos
1124 5061 1382 5123 quoque
1435 5061 1519 5105 ex
1575 5039 1788 5122 prima
1842 5051 2116 5128 naturae
2172 5062 2351 5106 crea-

393 5130 572 5192 tione
620 5147 764 5192 esse
824 5126 1258 5209 agnoscimus.
1347 5127 1443 5193 Ut
1510 5133 1699 5204 sunt,
1767 5126 2052 5208 exempli
2118 5128 2350 5211 gratia,

395 5404 456 5469 (d
534 5334 593 5398 1)
637 5331 871 5467 {igfdd
906 5332 1113 5386 latinae
1136 5323 1334 5400 omncs,
1371 5332 1467 5388 sed
1502 5332 1723 5387 omnino
1752 5327 2064 5397 leqmdum:
2104 5333 2352 5388 orbatum

458 5418 650 5472 espom
757 5442 770 5455 .

1868 468 2000 534 DE
2047 466 2406 534 LIBERO
2450 467 2926 534 ARBITRIO.

4306 471 4429 533 362

2471 677 2661 721 amor
2673 656 3060 741 coniugalis,
3092 658 3441 739 'parentum
3485 658 3643 722 item
3679 677 3838 742 erga
3859 657 4102 723 liberos
4128 656 4431 736 amicitia,

2461 741 2779 825 gaudium
2814 764 2898 807 ex
2927 742 3102 808 felici
3136 764 3441 809 successu
3456 767 3473 823 ;
3513 765 3598 808 ex
3633 744 3928 821 orbitate,
3956 743 4296 820 viduitate,
4328 764 4432 807 re-
4462 812 4471 821 ,

2462 827 2717 911 busque
2771 829 3073 894 omnibus
3125 829 3422 894 adversis
3487 830 3789 908 tristitia3
3858 830 4132 908 famem,
4198 829 4405 912 frigus

2437 915 2782 996 ,inopiam,
2842 915 3163 998 pericula,
3222 916 3653 999 ignominiam
3699 925 3765 980 et
3808 913 4091 980 dedecus
4136 880 4433 979 reformi³

2463 999 2647 1066 dare:
2697 1010 3007 1083 appetere
3048 1022 3332 1079 rursum,
3380 1012 3447 1066 et
3487 1022 3802 1085 quaerere
3850 1002 4216 1066 necessaria
4258 1001 4433 1066 vitae

2462 1087 2771 1152 subsidia.
2862 1087 3006 1152 Hos
3061 1088 3335 1153 affectus
3390 1110 3524 1153 non
3590 1086 3897 1153 docemus
3928 1090 3977 1171 ¹)
4032 1107 4151 1169 per
4205 1105 4433 1169 pecca-

2461 1180 2607 1236 tum
2651 1172 3023 1253 inolevisse,
3072 1173 3186 1239 sed
3232 1175 3313 1240 ab
3357 1176 3502 1257 ipsa
3547 1174 3878 1239 creatione
3913 1174 4115 1238 fuisse
4157 1178 4433 1237 naturae

2460 1258 2721 1323 inditos.
2812 1259 3021 1325 Istam
3068 1281 3226 1326 vero
3243 1311 3258 1337 ,
3305 1281 3502 1342 quam
3546 1281 3665 1325 nos
3709 1261 3985 1325 nimium
4031 1259 4431 1342 experimur,

2462 1342 2743 1423 ἀταξίαν,
2788 1345 2913 1411 hoc
2947 1354 3066 1422 est,
3112 1345 3563 1411 inordinatum
3596 1349 3668 1410 in
3704 1345 4045 1411 affectibus
4069 1364 4431 1422 excessum,

2462 1452 2591 1513 quo
2644 1431 2753 1510 fit,
2816 1438 2893 1496 ut
2933 1431 3105 1496 male
3159 1433 3726 1516 concupiscamuS,
3785 1429 4430 1513 concupiscendoque

2462 1516 2739 1582 rebelles
2785 1519 2993 1582 simus
3036 1516 3203 1597 Deo,
3243 1539 3327 1583 ex
3372 1520 3788 1600 corruptione
3834 1516 4153 1581 tradimus
4198 1524 4431 1580 natum

2462 1624 2638 1681 esse,
2697 1624 2829 1667 non
2875 1612 3152 1669 naturae
3196 1605 3277 1669 ab
3323 1604 3509 1669 initio
3553 1604 3754 1669 fuisse
3799 1603 4185 1687 ingenitum.
4277 1599 4430 1681 Qua

2463 1690 2720 1755 ratione
2764 1690 3200 1774 Augustinus,
3247 1690 3420 1754 sicut
3462 1699 3617 1755 ante
3658 1690 4023 1767 citavimus,
4070 1687 4430 1755 voluntatis

2461 1774 2728 1840 nomine
2773 1796 2911 1839 non
2955 1775 3270 1860 dignatur
3313 1776 3662 1860 appetendi
3704 1774 4123 1861 facultatem,r
4145 1773 4428 1857 qualiter

2462 1882 2643 1926 nunc
2674 1870 2985 1944 corrupta
3027 1871 3147 1941 est,
3194 1862 3311 1927 sed
3344 1862 3770 1945 cupiditatem
3813 1862 4032 1945 potius
4065 1857 4431 1927 vocandam

2462 1955 2673 2030 putat,
2720 1946 2893 2030 quod
2950 1947 3224 2012 modum
3269 1950 3336 2012 in
3382 1949 3520 2014 suis
3564 1946 3905 2013 desideriis
3948 1967 4286 2028 nunquam
4333 1957 4429 2009 te-

2463 2039 2635 2098 neat.
2704 2033 2950 2117 Diligit
2993 2041 3183 2116 pater
3224 2035 3454 2110 filium,
3501 2035 3745 2098 coniux
3784 2034 4162 2118 coniugem:
4209 2042 4431 2098 castus

2465 2140 2681 2197 amor,
2752 2130 2819 2183 et
2870 2121 2983 2202 qui
3035 2118 3300 2184 laudem
3356 2120 3550 2185 etiam
3609 2129 3920 2185 meretur.
4013 2116 4299 2197 Verum,
4357 2128 4434 2182 ut

2465 2227 2645 2271 nunc
2691 2206 2927 2270 vitiata
2969 2213 3071 2270 est
3115 2214 3372 2282 natura,
3418 2211 3568 2284 [pag.
3622 2210 3768 2284 180]
3815 2225 3999 2268 amor
4044 2203 4151 2270 hic
4194 2204 4268 2267 in
4315 2203 4432 2267 ho-

2461 2293 2644 2356 mine
2688 2314 2822 2356 non
2867 2293 3252 2375 reperietur,
3297 2293 3457 2375 quin
3503 2289 3753 2373 aliquid
3797 2290 4286 2372 inquinamenti
4329 2310 4431 2353 re-

2463 2378 2678 2462 sipiat.
2764 2378 3000 2461 Itaque
3044 2379 3126 2445 ab
3169 2377 3286 2442 illa
3326 2376 3763 2459 corruptionis
3808 2374 4027 2441 radice
4068 2376 4164 2452 fit,
4211 2388 4286 2438 ut
4328 2375 4431 2438 ni-

2464 2464 2562 2528 hil
2617 2484 2863 2546 purum
2930 2486 3017 2529 au
3112 2465 3441 2529 sincerum
3511 2462 3835 2544 concipiat
3904 2461 4240 2526 voluntas:
4314 2459 4431 2525 sed

2463 2549 3014 2632 quemadmodum
3079 2552 3225 2633 ipsa
3291 2559 3392 2614 est
3461 2549 3934 2625 contaminata,
4018 2547 4113 2611 sic
4176 2545 4430 2610 fructus

2464 2636 2665 2700 etiam
2711 2636 2993 2718 pollutos
3038 2646 3105 2701 et
3146 2634 3524 2700 immundos
3571 2634 3802 2717 pariat.
3891 2634 4114 2715 Atque
4157 2631 4280 2696 hoc
4325 2640 4429 2696 est

2462 2722 2639 2806 quod
2683 2723 2990 2800 dicimus,
3046 2744 3246 2805 quum
3292 2722 3436 2801 iste,
3482 2720 3564 2785 de
3607 2741 3734 2803 quo
3774 2718 4121 2802 loquimur,
4159 2716 4428 2783 morbus

2461 2807 2807 2874 hominum
2865 2808 3188 2874 voluntati
3247 2828 3507 2890 semper
3559 2805 3872 2885 insideat,
3928 2804 4076 2869 ideo
4120 2824 4254 2867 non
4300 2802 4429 2868 nisi

2462 2894 2716 2959 malum
2750 2895 3089 2978 concipere
3131 2896 3339 2977 ipsam
3388 2913 3598 2976 posse.
3668 2892 3839 2956 Nam
3884 2891 3940 2956 si
3973 2891 4071 2954 rei
4114 2890 4432 2954 honestae

2463 2981 2627 3046 alias
2679 2981 2751 3045 in
2822 3001 2941 3046 suo
2997 3002 3238 3065 genere
3297 3001 3373 3044 ac
3427 2977 3803 3055 laudabilis,
3872 2995 4213 3059 nunquam
4267 2974 4429 3040 vitio

2463 3074 2645 3132 caret
2701 3068 3034 3151 appetitus
3052 3120 3068 3147 ,
3135 3073 3402 3151 propter
3459 3062 3778 3130 eiusmodi
3831 3083 4202 3141 excessum,
4273 3060 4429 3144 quid

2463 3174 2667 3236 quum
2720 3153 2898 3217 mala
2954 3150 3551 3237 concupiscuntur?
3638 3149 3867 3215 Talem
3922 3157 4198 3213 naturae
4235 3148 4429 3212 vitio-

2461 3240 2721 3305 sitatem
2739 3290 2755 3317 ,
2801 3249 2870 3303 et
2907 3240 3269 3322 scripturae
3304 3236 3546 3321 ubique
3589 3235 4063 3301 demonstrant.
4151 3234 4263 3299 En
4307 3231 4428 3297 tibi

2460 3326 2675 3391 tribus
2720 3324 2958 3403 verbis,
3005 3322 3166 3408 quid
3209 3326 3385 3389 inter
3433 3343 3668 3407 puram
3712 3329 3779 3387 et
3822 3321 4264 3386 adulteratam
4308 3339 4427 3385 na-

2461 3419 2683 3475 turam
2744 3399 2832 3475 sit
2888 3409 3315 3476 discriminis:
3376 3408 3547 3491 quod
3607 3406 3763 3473 dum
3808 3407 4091 3491 Pighius
4135 3428 4268 3471 non
4312 3404 4426 3471 ob-

2462 3507 2702 3574 servat,
2748 3499 2971 3561 omnia
3014 3499 3351 3578 pervertit.
3415 3493 3551 3560 Sed
3596 3494 3702 3559 his
3744 3494 3889 3559 fieri
3916 3492 4071 3558 Deo
4112 3493 4427 3557 iniuriam

2461 3584 2801 3666 opinatur:
2859 3583 3016 3666 quia
3072 3583 3343 3647 minime
3399 3582 3541 3647 eius
3587 3580 3867 3644 bonitati
3910 3589 4427 3646 consentaneum

2462 3670 2575 3745 sit,
2623 3669 2911 3744 animam
2957 3690 3179 3735 creare
3222 3668 3317 3734 sic
3360 3666 3744 3732 destitutam
3788 3667 3967 3731 omni
4008 3662 4424 3738 rectitudine,

2463 3762 2539 3818 ut
2569 3754 2741 3822 nihil
2784 3774 2980 3837 quam
3008 3776 3278 3838 peccare
3321 3766 3538 3837 queat.
3606 3750 3858 3833 Qualis,
3897 3752 4129 3834 inquit,
4175 3750 4427 3834 gratiae

2462 3842 2603 3904 eius
2636 3841 3134 3921 commendatio,
3179 3862 3384 3924 quum
3421 3840 3659 3905 dicitur
3694 3838 3893 3903 talem
3921 3848 4233 3902 naturam
4267 3856 4422 3900 con·

2463 3923 2750 3991 didisse?
2820 3926 2957 3992 Nos
3002 3949 3157 3992 vero
3202 3948 3336 3991 non
3382 3923 3703 3992 conditori
3748 3931 4086 4005 acceptum
4128 3922 4422 3999 ferimus,

2462 4010 2778 4094 quidquid
2810 4013 2881 4076 in
2914 4013 3105 4078 nobis
3139 4013 3298 4078 mali
3332 4021 3452 4091 est,
3499 4009 3617 4075 sed
3637 4010 3847 4092 primo
3877 4009 4138 4091 parenti
4182 4016 4424 4086 nostr0,

2462 4099 2576 4180 qui
2628 4098 2954 4180 miseramv
2997 4099 3170 4163 hanc
3226 4097 3698 4163 haereditatem
3745 4094 3825 4160 ad
3874 4114 3997 4158 nos
4036 4094 4427 4160 transmisit.

2463 4181 2660 4264 Quod
2704 4184 2760 4248 si
2807 4185 2998 4248 timet
3041 4183 3352 4267 Pighius,
3400 4204 3485 4247 ne
3528 4182 3762 4246 merito
3808 4179 4122 4245 saevitiae
4166 4198 4428 4245 accuse-

2463 4278 2576 4333 tur
2610 4270 2813 4346 Deus,
2861 4270 2914 4334 si
2959 4269 3043 4334 ob
3076 4270 3273 4334 unius
3302 4269 3588 4333 hominis
3625 4267 3888 4349 culpam
3930 4267 3999 4330 in
4036 4266 4425 4332 universum

2461 4375 2671 4438 genus
2716 4365 2853 4420 tam
2902 4375 3133 4421 severo
3172 4375 3423 4436 poenae
3458 4373 3700 4438 genere
3733 4351 4295 4429 animadverterit,
4342 4373 4427 4416 ne

2459 4440 2679 4524 litiget
2716 4441 3085 4507 nobiscum:
3134 4440 3249 4506 sed
3296 4452 3496 4505 totam
3543 4441 3937 4522 scripturam
3982 4437 4265 4514 aboleat,
4312 4437 4425 4502 ubi

2460 4525 2585 4591 hoc
2628 4526 2943 4591 iudicium
2986 4528 3236 4610 passim
3279 4526 3666 4610 publicatur.

2637 4611 2954 4694 Sequitur
2987 4613 3163 4696 apud
3197 4634 3347 4678 eum
3384 4613 3553 4679 alter
3586 4611 3666 4675 de
3700 4622 3978 4676 naturae
4012 4608 4424 4691 reparatione

2459 4697 2672 4762 locus:
2720 4698 2790 4761 in
2820 4718 2949 4780 quo
2976 4699 3136 4765 satis
3170 4699 3596 4776 demonstrat,
3641 4718 3776 4761 non
3809 4698 3936 4761 nisi
3969 4693 4423 4760 maledicendo

2457 4783 2857 4849 incalescere
2932 4807 3003 4849 se
3075 4806 3285 4868 posse.
3376 4786 3551 4851 Nam
3627 4785 3779 4866 quia
3854 4781 3962 4847 hic
4040 4779 4424 4846 benedicere

2460 4869 2781 4952 oportuit,
2840 4881 2956 4935 aut
3007 4871 3233 4950 silere,
3303 4870 3598 4954 qualibet
3661 4868 3870 4952 glacie
3934 4877 4036 4931 est·
4102 4866 4419 4950 frigidior.

2459 4956 2607 5022 Hoc
2664 4963 2889 5020 tamen
2934 4967 3063 5036 est,
3120 4957 3294 5040 quod
3349 4955 3620 5022 tandem
3672 4956 3743 5018 in
3798 4952 4029 5037 primis
4087 4954 4424 5038 significat

2460 5063 2531 5107 se
2586 5041 2830 5107 habere
2889 5063 2927 5106 a
2980 5043 3168 5109 nobis
3225 5043 3589 5108 diversum:
3646 5038 3818 5122 quod
3874 5040 4094 5104 Deum
4146 5059 4421 5103 manum

2458 5129 2797 5212 porrigere
2874 5128 3254 5196 hominibus
3329 5127 3674 5212 prostratis
3742 5126 4080 5209 opinatur,
4159 5124 4241 5190 ad
4308 5144 4420 5189 eos

2600 5334 2657 5398 1)
2706 5333 2967 5388 Baanae
3014 5335 3280 5388 editiones
3322 5339 3374 5388 et
3425 5332 3944 5387 Ammlodamenm
4004 5332 4144 5386 male
4195 5330 4420 5385 habent:

2456 5419 2562 5458 nos
2596 5402 2869 5457 docemus.
