4999 6179
338 475 457 537 261

335 663 557 731 Habet
610 662 789 729 enim
847 684 930 728 ex
985 662 1347 729 Clementis
1400 664 2003 750 Recognitionibus.
2092 668 2298 733 Prae-

335 750 586 818 clarum
631 769 788 815 vero
832 756 1159 829 autorem,
1216 771 1299 815 ex
1342 772 1472 833 quo
1517 751 1600 817 de
1643 755 1847 818 tantis
1890 752 2085 820 rebus
2127 751 2299 819 iudi-

336 836 507 902 cium
563 837 696 901 fiat.
789 834 1068 901 Constat
1122 837 1302 900 enim
1358 836 1589 903 deliria
1633 859 1776 905 esse
1829 839 2035 922 inepti
2078 840 2296 905 cuius-

332 924 510 1006 piam
563 921 898 1003 monachi,
957 943 1125 1005 quae
1179 922 1300 987 sub
1367 921 1732 991 Clementis
1787 927 2050 990 nemine
2105 925 2297 991 malis

332 1008 638 1092 auspiciis
694 1006 871 1072 edita
923 1014 1095 1073 sunt.
1183 1008 1416 1092 Neque
1462 1031 1618 1076 vero
1670 1012 1930 1094 magnis
1974 1018 2042 1075 et
2082 1009 2296 1094 longis

330 1094 691 1160 rationibus
735 1114 899 1178 opus
942 1101 1061 1159 661.
1151 1091 1495 1178 Siquidem
1547 1102 1651 1162 est
1699 1097 1769 1161 in
1822 1096 2132 1162 manibus
2175 1097 2297 1162 he-

331 1182 589 1246 minum
632 1179 816 1259 liber,
908 1178 978 1243 ui
1019 1180 1160 1245 sine
1202 1180 1419 1248 indice
1457 1201 1640 1247 suam
1675 1181 2112 1248 insulsitatem
2145 1182 2296 1265 plus

333 1268 491 1333 satis
533 1264 771 1349 prodit.
1094 1265 1217 1331 sub
1260 1266 1447 1332 Petri
1503 1287 1783 1350 persona
1822 1267 1958 1333 illic
1999 1269 2293 1333 referun-

331 1359 468 1431 tur,
535 1351 841 1435 spiritum
923 1350 1357 1434 apostolicum
1431 1353 1638 1419 nihilo
1701 1353 1915 1439 magis
1974 1352 2291 1427 redolent,

329 1435 1581 1590 1161166111
1661 1437 1845 1591 :2:¹3
1882 1440 2086 1591 :21:5³

1594 1575 1610 1605 5

329 1609 675 1710 sophastre
716 1610 936 1710 ipsum
977 1630 1299 1711 comparo.
1367 1610 1600 1710 Itaque
1633 1611 1806 1676 nihil
1841 1610 2022 1712 aliud
2104 1611 2288 1690 ‘cam,

326 1694 1146 1865 :ssshaesst’dqffifflz
1179 1696 1417 1848 1111.
1443 1697 2290 1849 :astuanti-2¹3:

326 1869 432 1933 rit.
522 1866 690 1931 Inde
723 1873 945 1933 autem
980 1867 1263 1952 sumpsit
1292 1867 1620 1948 fiduciam,
1659 1875 1737 1933 111
1776 1868 2136 1935 Clementis
2170 1889 2289 1934 no-

326 1955 505 2019 mine
557 1953 967 2032 abuteretur,
1033 1956 1192 2036 quia
1243 1954 1412 2020 illud
1469 1954 1674 2039 vulgo
1729 1963 2067 2038 receptum
2125 1964 2287 2034 erat,

325 2039 741 2107 Clementem
783 2037 1242 2124 disputationis
1295 2040 1470 2106 inter
1505 2040 1784 2105 Petrum
1837 2047 1906 2105 et
1948 2038 2290 2106 Simonem

323 2124 591 2191 habitae
640 2126 1143 2191 commentarios
1194 2126 1531 2209 scripsisse
1546 2177 1562 2205 ‚
1616 2147 1775 2208 (11166
1829 2126 2031 2192 6116111
2072 2126 2288 2192 Ruffi-

325 2233 454 2277 nus
498 2211 682 2278 citat:
723 2212 771 2294 ¹)
819 2210 1016 2294 idque
1060 2232 1193 2275 nen
1237 2210 1483 2294 absque
1527 2212 1793 2277 sinistre
1837 2212 2066 2297 elogio,
2114 2211 2287 2296 quod

323 2297 573 2363 multas
628 2296 828 2363 falsas
889 2304 958 2362 et
1005 2297 1240 2380 impias
1295 2298 1654 2363 sententias
1697 2298 2109 2377 contineant3
2172 2297 2288 2363 ad-

323 2383 465 2449 dita
521 2389 743 2448 tamen
800 2381 1162 2449 Clementis
1227 2383 1678 2462 excusatione,
1786 2383 1916 2448 uod
1972 2383 2289 2449 adulteri-

321 2491 453 2534 nae
487 2489 631 2535 esse
663 2470 934 2553 possint,
979 2477 1044 2534 et
1077 2469 1159 2534 ab
1189 2468 1541 2535 haereticis
1586 2491 1704 2552 per
1739 2405 1961 2534 dolum
2006 2473 2153 2548 [pag.
2178 2475 2286 2548 40]

319 2556 717 2639 suppositae.
806 2552 1206 2639 Quanquam
1254 2560 1331 2619 ut
1384 2561 1599 2620 totum
1650 2554 1894 2621 librum
1938 2556 2288 2638 suppositi-

318 2641 492 2706 tium
533 2641 736 2707 fuisse
769 2639 1054 2719 credam,
1091 2646 1157 2706 et
1200 2639 1560 2706 Clementis
1592 2641 1863 2705 titulum
1895 2640 2059 2705 false
2096 2660 2287 2723 prae-

317 2727 569 2806 tulisse,
617 2733 916 2793 veterum
958 2727 1095 2791 fere
1129 2727 1424 2792 omnium
1458 2728 1811 2792 autoritate
1845 2727 2056 2811 magis
2089 2748 2289 2810 quam

316 2814 521 2878 unius
567 2812 827 2878 Ruffini
864 2812 1170 2895 opinione
1213 2832 1502 2878 moveor.
1591 2813 1767 2878 Nam
1817 2813 1870 2877 si
1916 2812 2068 2878 talis
2111 2814 2287 2895 quis·

315 2900 501 2981 piam
555 2898 722 2964 liber
772 2897 1034 2963 Itenaei
1088 2905 1156 2963 et
1200 2897 1593 2964 Tertulliani
1649 2905 1863 2964 aetate
1906 2898 2286 2978 exstitisset,

315 2984 429 3068 qui
478 2984 741 3051 habitus
782 2984 1011 3050 fuisset
1053 2982 1435 3061 Clementis,
1481 3004 1615 3049 non
1652 2984 2105 3069 neglexissent
2135 3006 2286 3068 pro·

314 3071 493 3137 fecte
559 3070 689 3137 tale
755 3092 831 3136 ae
896 3076 1034 3135 tam
1096 3068 1512 3135 commodum
1568 3069 1951 3137 subsidium.
2055 3071 2162 3135 De
2208 3092 2288 3137 ea

314 3157 468 3240 ipsa
509 3156 907 3239 quaestione,
952 3176 1122 3239 quae
1164 3156 1300 3220 illic
1344 3156 1660 3239 agitatur,
1706 3163 2042 3221 certamen
2085 3156 2286 3222 habe-

311 3242 499 3321 bant,
547 3242 658 3308 ille
701 3264 849 3309 cum
895 3242 1274 3319 ValentinO,
1321 3241 1429 3307 1116
1474 3260 1624 3305 611111
1666 3241 2022 3307 Marcione.
2101 3241 2287 3307 Nihil

314 3330 539 3414 magis
580 3327 980 3407 laborabant,
1025 3347 1223 3410 quam
1265 3332 1341 3390 ut
1384 3326 1768 3410 probarent,
1815 3348 1949 3392 non
1991 3325 2173 3392 aliud
2215 3348 2287 3393 se

316 3412 559 3480 decere
573 3465 590 3493 ,
650 3415 778 3479 uisi
823 3413 994 3497 quod
1037 3411 1318 3496 apostoli
1357 3410 1858 3495 praedicassent.
1950 3409 2129 3493 Quid
2172 3433 2284 3479 va-

314 3498 524 3565 lidius
568 3507 682 3565 aut
722 3501 980 3565 firmius
1014 3505 1177 3577 erat,
1221 3517 1420 3581 quam
1453 3496 1838 3580 simpliciter
1873 3497 2053 3561 hunc
2087 3499 2288 3564 citare

312 3593 566 3652 testem
583 3637 599 3665 ,
667 3589 780 3668 qui
843 3606 1017 3650 unus
1083 3589 1341 3669 peterat
1401 3590 1607 3648 totam
1679 3583 1865 3648 litem
1931 3583 2236 3650 dirimere
2251 3582 2284 3648 ¹?

309 3671 527 3737 Nullo
580 3679 783 3751 certe,
841 3690 962 3736 nec
1013 3669 1301 3737 faciliore
1315 3721 1333 3749 ,
1398 3690 1522 3734 nec
1575 3669 1843 3734 meliore
1897 3677 2287 3754 argumento

311 3758 628 3824 convinci
683 3758 947 3841 utrique
999 3761 1332 3839 poterant,
1401 3762 1538 3820 tam
1577 3755 2035 3822 ‘Marcionitae
2088 3778 2285 3839 quam

309 3843 797 3909 Valentiniani.
864 3843 1133 3908 Fuisset
1177 3841 1354 3907 enim
1399 3862 1532 3906 nen
1576 3839 1812 3906 dubiae
1852 3840 2009 3907 fidei
2051 3863 2285 3906 menu-

308 3939 643 4009 mentum,
690 3928 867 4013 qued
911 3948 951 3993 a
996 3927 1181 3994 Petri
1225 3925 1541 4010 discipule
1586 3924 1953 4009 prodiisset.
2041 3928 2284 3993 Protu-

305 4015 560 4082 lissent
621 4016 827 4099 igitur
890 4015 1344 4098 consignatam
1405 4019 1585 4078 certo
1660 4012 2037 4078 testimonio
2100 4013 2288 4079 Petri

307 4101 541 4167 fidem.
629 4101 868 4167 Nonne
921 4101 1044 4166 hec
1097 4105 1241 4166 erat
1290 4119 1483 4164 omne
1537 4097 2018 4183 subterfugium
2073 4099 2285 4164 occlu-

308 4186 478 4252 dere
544 4186 889 4252 hostibus?
999 4184 1209 4269 Atqui
1281 4184 1573 4269 longiore
1642 4184 1920 4251 circuitu
1985 4191 2282 4252 utuntur.

304 4272 653 4339 Referunt
715 4292 946 4338 omnes
1007 4291 1308 4337 romanos
1383 4271 1720 4354 episcopos
1798 4271 1910 4353 qui
1973 4270 2285 4353 apostolis

305 4366 808 4439 successerant,
875 4358 961 4424 ad
1014 4378 1208 4423 suum
1273 4378 1478 4440 usque
1537 4362 1827 4438 tempus,
1876 4356 2039 4439 quin
2083 4356 2285 4422 etiam

303 4444 503 4511 inter
556 4444 721 4510 alios
773 4444 1118 4511 nominant
1160 4442 1595 4509 Clementem:
1654 4447 1988 4507 testantur
2042 4463 2113 4508 se
2171 4441 2286 4508 do-

302 4551 488 4611 cere,
547 4530 723 4614 quod
775 4530 858 4596 ab
911 4530 1041 4595 illis
1094 4549 1215 4613 per
1264 4550 1503 4595 manus
1547 4527 1670 4593 sibi
1710 4526 2027 4592 traditum
2067 4528 2281 4593 fuerit.

304 4615 506 4698 Quid
570 4616 962 4684 coniecturis
1027 4636 1192 4699 opus
1246 4621 1391 4681 erat
1439 4614 1512 4678 in
1566 4634 1640 4678 re
1693 4619 1830 4678 tam
1893 4612 2284 4697 perspicua?

303 4701 459 4769 Cur
505 4703 751 4769 librum
805 4708 1054 4780 tacent,
1108 4702 1183 4765 in
1239 4721 1367 4782 que
1421 4706 1602 4764 totus
1645 4700 2044 4783 quaestionis
2085 4699 2283 4766 cardo

299 4788 751 4856 vertebatur?
849 4789 1208 4854 Praeterea
1260 4807 1379 4852 eur
1431 4786 1568 4851 suis
1623 4785 1919 4851 hostibus
1960 4783 2283 4852 invidiam

302 4896 394 4941 ex
443 4875 723 4940 nomine
776 4895 908 4940 nen
966 4870 1259 4939 faciunt?
1361 4871 1550 4936 Tunc
1605 4869 1782 4936 enim
1827 4868 2119 4937 Simonis
2160 4891 2282 4935 ne-

297 4982 474 5027 men
522 4981 752 5026 omnes
792 4958 1355 5026 abominabantur.
1444 4954 1670 5038 Quare
1723 4957 1847 5022 hoe
1887 4977 2023 5022 uno
2061 4958 2281 5037 verbe,

300 5048 488 5113 citra
528 5045 896 5132 longiorem
938 5045 1445 5123 contentionem,
1492 5040 1802 5127 expedire
1843 5064 1914 5109 se
1946 5049 2280 5126 poterant:

300 5132 503 5215 Quid
548 5131 760 5212 nobis,
785 5131 1145 5198 Valentino
1188 5136 1257 5196 et
1296 5129 1618 5207 Marcion,
1664 5150 1748 5194 ex
1790 5128 2018 5196 inferis
2063 5128 2282 5196 Simo-

452 5408 524 5477 1)
559 5408 624 5463 In
657 5405 932 5476 Apologia
965 5421 1067 5476 pro
1100 5403 1348 5476 Origene.

1819 479 1946 544 DE
1993 475 2347 544 LIBERO
2393 476 2871 545 ARBITRIO.

4238 489 4364 552 262

2403 687 2559 731 nem
2621 665 2966 733 excitatis?
3074 668 3231 733 Non
3305 668 3748 753 disputatione
3814 672 4201 739 certandum
4265 682 4369 742 est

2404 752 2770 832 vobiscum,
2827 753 2943 819 sed
2998 754 3422 821 anathemate
3475 757 3822 840 agendum.
3911 759 4139 843 Neque
4183 761 4365 826 enim

2401 858 2714 904 revocare
2766 840 2837 905 in
2883 839 3153 906 dubium
3194 841 3293 907 fas
3338 852 3465 921 est,
3524 841 3604 907 de
3649 864 3778 927 que
3822 845 4026 909 semel
4066 866 4363 928 pronun-

2402 925 2606 990 ciavit
2671 925 3021 1009 apostolus.
3133 925 3287 994 Huc
3342 925 3619 1007 accedit,
3700 929 3873 1012 quod
3938 931 4282 1011 Eusebius,
4310 932 4361 1016 ¹)

2402 1031 2607 1093 quum
2658 1010 2740 1077 de
2793 1010 3136 1077 Clemente
3185 1012 3505 1096 loquitur,
3562 1037 3763 1080 unam
3818 1017 4159 1098 epistolam
4206 1018 4361 1082 reli-

2400 1096 2619 1179 quisse
2674 1118 2824 1163 eum
2878 1105 3134 1164 narrat:
3191 1096 3271 1163 de
3325 1099 3534 1164 altera
3590 1099 3757 1165 nihil
3811 1101 4008 1167 audet
4050 1123 4359 1182 asserere,

2399 1183 2556 1264 quia
2612 1203 2744 1248 nen
2800 1182 3067 1264 viderit3
3140 1183 3377 1250 deinde
3433 1187 3745 1251 continuo
3801 1187 4163 1272 subiungit:
4224 1187 4362 1255 Sed

2400 1273 2469 1330 et
2525 1267 2654 1333 alia
2710 1269 2850 1334 eius
2903 1270 3217 1352 opuscula
3277 1276 3421 1349 [pag.
3463 1276 3572 1351 41]
3634 1293 3674 1336 a
3729 1274 4065 1338 nonnullis
4130 1275 4361 1340 haberi

2396 1352 2859 1436 perhibentur,
2925 1355 3108 1421 velut
3165 1355 3352 1421 Petri
3430 1364 3499 1422 et
3571 1358 3895 1439 Appionis
3972 1359 4359 1442 disputatio:

2396 1459 2564 1522 quae
2605 1440 2680 1504 in
2721 1461 2850 1505 usu
2895 1461 2936 1504 a
2989 1440 3318 1508 veteribus
3372 1441 3599 1507 habita
3648 1443 3922 1508 minime
3974 1447 4359 1528 reperimus,

2395 1527 2550 1607 quia
2604 1547 2728 1592 nec
2782 1547 2951 1609 pura
3002 1528 3074 1592 in
3129 1527 3254 1606 eis,
3308 1549 3431 1595 1166
3474 1528 3855 1612 incorrupta
3898 1530 4056 1596 fidei
4099 1538 4359 1615 apesto-

2394 1610 2561 1677 licae
2624 1611 2920 1678 doctrina
2971 1615 3293 1679 mansisse
3361 1614 3892 1697 deprehenditur.
4004 1617 4226 1700 Atque
4283 1625 4360 1681 ut

2394 1697 2560 1761 citra
2618 1696 2927 1781 ambages
2984 1698 3197 1765 dicam
3250 1698 3423 1783 qued
3478 1721 3587 1766 res
3642 1701 3871 1781 habet,
3938 1703 4229 1785 quisquis
4284 1703 4356 1767 in

2392 1782 2660 1847 illerum
2726 1792 3095 1867 temporum
3169 1785 3462 1851 historiis
3528 1786 3693 1852 bene
3761 1789 4155 1852 exercitatus
4214 1807 4357 1853 rem

2392 1870 2661 1952 propius
2707 1868 3053 1954 expendet,
3100 1877 3216 1936 aut
3247 1871 3433 1936 Petri
3475 1892 3626 1937 cum
3662 1870 3931 1938 Simone
3965 1874 4166 1956 Mago
4201 1894 4356 1940 con-

2394 1955 2820 2020 certationem
2875 1956 3218 2021 confictam
3273 1957 3476 2022 fuisse
3531 1966 3599 2023 et
3652 1955 4017 2023 fabulosam
4060 1957 4358 2025 animad-

2394 2046 2640 2106 vertet:
2701 2046 2815 2105 aut
2866 2040 3051 2107 velut
3116 2039 3380 2107 dubiam
3440 2050 3507 2108 61
3565 2043 3967 2127 incognitam
4031 2043 4361 2127 relinquet

2389 2125 2465 2189 in
2506 2126 2736 2191 medie.
2824 2126 2999 2191 Nam
3052 2134 3121 2192 et
3160 2127 3582 2211 Augustinus
3633 2127 3889 2193 Romae
3938 2149 4194 2213 quoque
4239 2151 4361 2195 sua

2394 2218 2610 2276 aetate
2665 2211 2867 2296 vulgo
2917 2212 3121 2278 fuisse
3180 2212 3262 2277 de
3315 2233 3395 2277 ea
3444 2233 3745 2278 rumores
3817 2214 4062 2294 scribit,
4081 2214 4140 2297 2)
4205 2215 4359 2299 (11116

2391 2297 2715 2363 Romanis
2754 2298 2918 2381 ipsis
2958 2317 3080 2380 pro
3121 2297 3305 2365 falsis
3345 2297 3776 2364 habebantur.
3861 2298 4049 2365 Haec
4092 2299 4358 2384 longius

2391 2390 2717 2465 repetere,
2795 2390 2863 2448 et
2924 2383 3135 2449 fusius
3201 2384 3504 2466 persequi
3568 2383 3792 2463 libuit,
3856 2392 3934 2448 ut
3988 2391 4358 2451 statuerent

2392 2467 2697 2547 lectores,
2753 2476 3073 2552 quantum
3114 2469 3203 2532 sit
3247 2467 3674 2534 deferendum
3720 2470 4141 2548 testimoniis,
4188 2492 4355 2554 quae

2390 2553 2586 2636 paule
2627 2562 2776 2639 post
2818 2574 2902 2618 ex
2945 2553 3393 2619 commentitio
3436 2553 3551 2619 ille
3596 2552 3959 2620 Clementis
4003 2555 4192 2636 libre,
4237 2578 4355 2623 ve-

2391 2638 2495 2704 lut
2547 2640 2743 2725 ignea
2787 2639 2946 2716 tela,
3003 2640 3075 2704 in
3131 2660 3251 2705 1166
3293 2639 3574 2724 Pighius
3618 2639 3851 2706 vibrat.
3942 2639 4199 2707 Verum
4241 2641 4353 2707 de-

2388 2746 2543 2791 mus
2586 2725 2830 2791 librum
2872 2725 3159 2808 aliquem
3194 2725 3395 2791 fuisse
3439 2747 3479 2790 a
3513 2724 3856 2792 Clemente
3894 2727 4354 2811 conscriptum,

2435 2813 2505 2877 ui
2547 2811 3041 2895 inscriptionem
3083 2811 3257 2878 hanc
3300 2810 3631 2891 habuerit,
3677 2811 3834 2895 quid
3877 2811 4002 2877 hoc
4045 2812 4129 2877 ad
4170 2814 4254 2878 fri
4306 2814 4356 2862 ’-

2391 2833 2529 2977 das,
2571 2897 2679 2965 vel
2722 2898 2937 2981 potius
2988 2898 3204 2963 fatuas
3254 2898 3417 2963 istas
3474 2896 3904 2982 rhapsodias?
3965 2919 4129 2981 quae
4171 2922 4219 2965 n
4318 2920 4356 2964 6

2390 2982 2689 3067 ingenio,
2748 2982 2927 3049 1111116
2979 2981 3221 3048 111(11616
3274 2984 3544 3048 fuerunt
3601 2981 3683 3048 ab
3726 2981 3984 3048 indocto
4029 2984 4357 3050 monacho

2390 3069 2901 3136 consarcinatae.
2988 3068 3098 3134 En
3132 3069 3461 3152 specimen
3498 3069 3931 3154 ingenuitatis
3964 3068 4353 3154 Pighianae.

2563 3156 2782 3219 Venio
2835 3154 2921 3220 ad
2975 3154 3137 3219 alios
3203 3155 3596 3219 haereticos:
3663 3175 3943 3237 quorum
4008 3176 4128 3221 nos
4193 3156 4355 3223 facit

2392 3238 2759 3323 discipulos.
2851 3240 3141 3304 Tametsi
3192 3246 3412 3305 autem
3469 3239 3775 3305 nonnihil
3829 3241 4007 3307 111161·
4048 3263 4117 3306 66
4162 3240 4350 3307 diffe-

2390 3334 2580 3391 runt:
2618 3326 2924 3409 queniam
2960 3331 3181 3390 tamen
3216 3348 3389 3391 unus
3424 3334 3524 3390 est
3560 3325 3828 3391 demum
3856 3327 4151 3392 omnium
4174 3348 4351 3393 com-

2391 3412 2612 3478 munis
2656 3432 2856 3492 error,
2900 3431 3010 3476 eos
3046 3410 3247 3477 simul
3284 3432 3432 3491 une,
3480 3419 3553 3476 111
3587 3412 3793 3492 6111111,
3835 3412 4140 3479 fasciculo
4175 3433 4349 3479 com-

2391 3498 2656 3581 plectar,
2693 3517 2768 3562 ac
2800 3498 3094 3564 breviter
3127 3496 3425 3576 referam,
3468 3497 3628 3582 quid
3661 3498 3762 3563 illi
3798 3497 4154 3579 decuerint,
4194 3497 4353 3582 quid

2390 3605 2512 3650 nos
2557 3582 2931 3650 doceamus:
2980 3590 3054 3647 ut
3096 3602 3181 3647 ex
3216 3584 3698 3666 comparatione
3731 3582 4023 3651 iudicent
4053 3584 4350 3664 lectores,

2390 3668 2548 3753 quid
2590 3669 2925 3736 nobiscum
2970 3667 3102 3734 illis
3145 3669 3233 3734 sit
3275 3690 3640 3736 commune.
3730 3670 3832 3735 Ac
3875 3668 4041 3734 illud
4085 3669 4350 3754 quidem

2389 3755 2734 3822 Valentini
2786 3753 3242 3821 inextricabile
3299 3755 3494 3822 chaos
3549 3754 3629 3821 de
3684 3754 3921 3818 αἰώνων
3964 3755 4351 3839 genealogia

2388 3842 2713 3920 omittam,
2757 3841 2914 3925 quia
2945 3862 3182 3925 parum
3217 3840 3304 3907 ad
3335 3841 3717 3906 institutum
3751 3841 3967 3919 faciat,
4010 3840 4141 3908 nisi
4174 3839 4350 3924 quod

2389 3949 2474 3993 ex
2532 3927 2862 3994 tricesimo
2916 3947 3121 3993 aeone
3186 3925 3518 3992 diabolum
3583 3926 3884 4010 genitum
3945 3926 4168 4025 fingit,
4235 3926 4349 4008 qui

2390 4013 2551 4079 alios
2593 4019 2821 4097 postea
2862 4012 3194 4097 genuerit,
3252 4033 3293 4077 a
3332 4012 3568 4094 quibus
3611 4019 3867 4077 creatus
3908 4011 4109 4077 fuerit
4150 4032 4349 4076 mun-

2391 4099 2534 4165 dus,
2623 4100 2844 4181 Atque
2887 4098 3039 4163 inde
3083 4104 3213 4176 est,
3270 4097 3445 4181 qued
3499 4096 3822 4163 malitiam
3875 4117 4011 4161 non
4055 4097 4344 4176 arbitrie,

2388 4183 2505 4250 sed
2551 4192 2826 4250 naturae
2865 4182 3116 4262 mundi,
3159 4182 3284 4249 hec
3317 4189 3436 4260 est,
3528 4183 3711 4248 eneri
3747 4182 4061 4249 diabolice
4096 4182 4345 4248 tribuit.

2389 4268 2807 4350 Cerdoniani,
2852 4269 3288 4336 Marcionitae
3331 4275 3398 4334 et
3510 4268 3809 4335 anichaei
3852 4268 4212 4352 simplicius
4244 4268 4347 4333 in-

2388 4356 2693 4421 saniunt:
2762 4356 3174 4422 constituunt
3231 4355 3408 4420 enim
3462 4354 3590 4420 due
3654 4355 3981 4438 principia
4042 4355 4220 4419 inter
4275 4373 4347 4419 se

2390 4440 2682 4523 diversa,
2748 4443 2937 4526 quasi
2991 4439 3153 4506 duos
3216 4438 3395 4506 dees:
3463 4461 3672 4505 unum
3725 4442 3999 4519 benum,
4064 4440 4347 4504 alterum

2389 4527 2670 4607 malum,
2731 4532 2880 4606 [pag.
2920 4531 3028 4606 42]
3083 4526 3238 4591 hine
3291 4525 3492 4604 mala,
3548 4525 3706 4591 inde
3747 4527 3919 4591 bona
3961 4533 4182 4589 ertum
4225 4521 4345 4588 ha-

2386 4614 2545 4679 bere
2589 4620 2656 4678 et
2694 4612 3032 4696 originem.
3105 4611 3315 4677 Plura
3358 4609 3595 4677 deinde
3637 4618 3703 4675 et
3744 4611 3956 4695 magis
3999 4609 4214 4675 adhuc
4256 4610 4346 4673 ri-

2389 4699 2606 4766 dicula
2668 4699 3256 4765 comminiscuntur
3308 4695 3707 4776 Manichaei,
3771 4696 3852 4762 de
3905 4695 4223 4760 bonorum
4280 4702 4349 4759 et

2387 4785 2715 4851 malorum
2757 4785 3249 4862 commixtione,
3294 4783 3530 4866 quibus
3574 4779 3984 4866 supersedeo.
4072 4779 4346 4848 Priscil-

2384 4870 2690 4937 lianistae
2728 4871 2925 4955 paulo
2969 4869 3159 4936 aliter
3200 4868 3283 4934 de
3325 4869 3660 4934 humanae
3700 4866 4049 4951 pravitatis
4093 4867 4347 4951 origine

2385 4956 2956 5042 philosophantur.
3044 4954 3111 5021 N
3111 4976 3197 5021 on
3255 4955 3431 5019 enim
3481 4975 3565 5019 ex
3615 4954 3792 5019 mala
3842 4952 4114 5019 traduce
4158 4954 4347 5038 gigni

2386 5044 2640 5109 animas
2683 5047 2953 5128 putant,
3011 5040 3128 5107 sed
3184 5038 3578 5108 descendere
3634 5038 3714 5104 de
3770 5039 3949 5106 coele
3994 5059 4080 5106 ex
4123 5037 4348 5107 divina

2527 5331 2586 5399 1)
2623 5333 2770 5388 Libr.
2804 5331 2855 5387 3.
2890 5332 3291 5389 ecclesiasticae
3326 5330 3600 5387 Historiae
3637 5347 3755 5400 cap.
3793 5328 3876 5384 16.

2524 5400 2587 5471 2)
2623 5401 2797 5472 Epist.
2830 5401 2916 5456 86.
3831 5483 3932 5537 17*
