4999 6179
441 418 570 478 477
1794 412 2518 482 REFORMANDAE
2562 411 3110 482 ECCLESIAE.
4343 420 4471 484 4⁷8
4602 491 4606 496 .

439 601 773 669 infelicem
807 605 1119 685 animam,
1163 602 1337 687 quod
1372 623 1464 681 os,
1508 602 1747 681 oculos,
1793 624 2004 684 aures,
2049 603 2248 687 pedes
2285 603 2403 669 ha-

441 686 630 767 bent,
677 709 875 773 quam
929 690 1014 756 ad
1068 688 1526 774 corrigendam
1542 741 1557 768 ,
1615 689 1789 772 quod
1840 711 1976 756 non
2017 690 2404 773 loquuntur,

440 795 658 858 neque
734 776 994 858 vident,
1076 797 1290 860 neque
1372 774 1685 855 audiunt,
1763 796 1977 859 neque
2044 774 2402 855 ambulant.

439 861 617 947 Item
631 914 649 942 ‚
706 861 831 929 hoc
869 864 1018 929 fieri
1033 915 1049 942 ,
1114 869 1183 928 et
1226 860 1703 946 quodammodo
1759 863 2133 945 extorqueri
2189 863 2405 946 figura

437 946 556 1012 illa
594 947 1060 1028 membrorum,
1107 954 1183 1014 ut
1225 950 1487 1014 animus
1522 949 1594 1013 in
1637 968 1906 1031 corpore
1951 948 2185 1016 vivens
2228 948 2404 1013 arbi-

436 1040 658 1099 tretur
712 1036 960 1101 sentire
1004 1048 1242 1118 corpus
1255 1086 1272 1115 ‚
1340 1034 1514 1119 quod
1558 1054 1680 1099 suo
1735 1033 2142 1100 simillimum
2205 1031 2402 1099 videt.

435 1119 524 1186 In
566 1119 861 1203 reliquiis
888 1120 939 1207 ¹)
996 1141 1155 1189 vero
1202 1120 1586 1188 incredibile
1629 1120 1811 1187 dictu
1853 1127 1984 1209 est,
2038 1139 2238 1204 quam
2280 1122 2405 1184 im-

431 1205 759 1291 pudenter
796 1207 1069 1274 illusum
1088 1206 1334 1273 mundo
1375 1208 1592 1273 fuerit.
1662 1207 1949 1273 Possum
1990 1206 2122 1271 tria
2156 1205 2408 1272 Christi

434 1293 789 1377 praeputia
830 1295 1171 1360 nominare
1186 1345 1204 1375 ,
1261 1293 1566 1359 similiter
1607 1293 1827 1361 clavos
1886 1291 2402 1375 quatuordecim,

436 1379 552 1463 qui
589 1400 711 1463 pro
755 1378 888 1447 illis
929 1380 1146 1447 tribus
1189 1386 1624 1459 ostentantur,
1669 1379 1907 1462 quibus
1943 1379 2184 1444 affixus
2227 1380 2403 1444 cruci

434 1465 566 1530 fuit
573 1489 592 1546 3
651 1472 788 1531 tres
831 1465 1121 1546 tunicas,
1174 1486 1297 1549 pro
1340 1465 1459 1530 illa
1500 1464 1890 1551 inconsutili
1949 1485 2147 1547 super
2204 1484 2404 1549 quam

433 1550 682 1618 milites
723 1552 1021 1618 iecerunt
1076 1559 1349 1632 sortem3
1407 1551 1571 1617 duos
1623 1550 1851 1617 titulos
1905 1551 2083 1618 cruci
2135 1550 2402 1633 imposi-

438 1644 578 1717 tos:
620 1644 757 1703 tres
800 1658 1150 1705 mucrones
1191 1639 1478 1717 lanceae,
1522 1659 1656 1721 qua
1687 1644 1920 1720 pectus
1955 1634 2211 1703 Christi
2253 1657 2402 1702 sau-

437 1723 683 1789 ciatum
741 1725 899 1805 fuit;
957 1724 1164 1790 lintea
1206 1724 1467 1791 circiter
1509 1725 1666 1808 quin
1674 1744 1799 1806 que
1813 1774 1829 1802 ‚
1887 1722 2125 1807 quibus
2167 1742 2404 1806 corpus

436 1809 579 1875 eius
620 1810 695 1874 in
740 1810 1038 1895 sepulcro
1081 1811 1207 1876 fuit
1261 1809 1664 1876 obvolutum.
1754 1811 2168 1876 Monstratur
2210 1829 2403 1893 prae-

438 1901 623 1961 terea
677 1902 830 1977 [pag.
868 1902 977 1977 38]
1030 1896 1171 1963 tota
1232 1916 1456 1962 sacrae
1501 1916 1745 1963 coenae
1788 1894 2127 1979 supellex?
2186 1902 2254 1961 et
2297 1896 2399 1960 in-

437 1982 668 2048 finitae
737 1984 878 2048 eius
940 1984 1205 2067 generis
1270 1982 1578 2065 ineptiae.
1666 1981 1909 2047 Nullus
1974 1988 2077 2047 est
2137 1988 2404 2047 sanctus

437 2067 854 2151 aliquantum
909 2068 1211 2148 celebris,
1286 2068 1393 2134 cui
1450 2088 1589 2133 non
1654 2066 2039 2133 affinxerint
2104 2066 2235 2132 duo
2289 2074 2406 2132 aut

438 2155 570 2221 tria
612 2153 902 2239 corpora.
991 2156 1276 2221 Possum
1320 2154 1539 2221 locum
1581 2154 1954 2233 nominare,
2000 2154 2113 2218 ubi
2155 2173 2405 2236 pumex

436 2262 559 2326 pro
610 2241 880 2307 cerebro
935 2241 1123 2306 Petri
1176 2261 1422 2325 magno
1487 2242 1559 2305 in
1618 2240 1868 2306 honore
1931 2240 2057 2305 fuit
2123 2237 2402 2305 habitus.

435 2328 532 2393 Et
563 2326 818 2413 pudore
852 2327 1189 2411 impedior,
1227 2328 1582 2409 quominus
1617 2325 1746 2391 alia
1778 2323 2070 2391 foediora
2102 2326 2400 2392 referam.

438 2411 889 2495 Quamobrem
942 2413 1273 2481 immerito
1328 2433 1739 2491 accusamur,
1799 2411 1973 2495 quod
2016 2411 2257 2477 talibus
2301 2412 2403 2476 in-

435 2500 885 2585 quinamentis
918 2520 1202 2584 purgare
1247 2498 1699 2565 studuerimus
1742 2498 1875 2564 Dei
1917 2497 2276 2564 ecclesiam.

609 2586 761 2651 Hoc
802 2585 1039 2653 deinde
1072 2585 1342 2651 nomine
1377 2586 1550 2652 circa
1582 2582 1713 2650 Dei
1749 2584 2002 2649 cultum
2038 2582 2403 2650 adversarii

433 2693 561 2743 nos
626 2679 965 2752 accusant,
1030 2670 1223 2755 quod'
1271 2672 1530 2738 omissis
1594 2669 1933 2750 inanibus,
2000 2691 2123 2736 nec
2178 2670 2402 2737 minus

435 2759 713 2842 ineptis,
773 2768 843 2824 et
884 2764 1147 2824 tantum
1198 2757 1282 2823 ad
1339 2758 1722 2842 hypocrisin
1776 2756 2184 2839 compositis,
2243 2756 2401 2822 sim-

430 2846 671 2929 plicius
708 2844 931 2911 Deum
974 2844 1266 2909 colimus.
1338 2843 1514 2909 Nam
1555 2842 1627 2907 in
1671 2841 2004 2926 spirituali
2041 2840 2173 2907 Dei
2218 2840 2404 2908 cultu

431 2931 604 2998 nihil
646 2932 849 2998 fuisse
904 2952 942 2997 a
988 2930 1176 2995 nobis
1220 2929 1650 3009 diminutum,
1708 2950 1815 2995 res
1859 2929 2004 3013 ipsa
2047 2928 2234 2994 testis
2280 2935 2399 2994 est.

434 3016 620 3101 Quin
677 3019 924 3102 potius,
994 3037 1200 3100 quum
1267 3036 1512 3102 magna
1573 3037 1657 3080 ex
1714 3022 1900 3099 parte
1955 3013 2399 3096 obsolevisset,

432 3105 622 3189 quasi
664 3104 1067 3189 postliminio
1109 3125 1262 3169 eum
1303 3103 1730 3169 restituimus.
1800 3102 1866 3167 N
1868 3123 1998 3167 unc
2039 3100 2400 3182 videamus,

435 3213 523 3258 an
602 3192 747 3257 iure
823 3189 1011 3257 nobis
1079 3195 1525 3257 succenseant.
1618 3186 1814 3269 Quod
1878 3187 1961 3253 ad
2030 3186 2401 3253 doctrinam

434 3283 719 3362 spectat,
790 3276 936 3344 dico
991 3276 1100 3342 1110
1154 3296 1275 3341 1108
1341 3294 1761 3340 communem
1823 3272 2068 3338 habere
2134 3293 2400 3338 causam

433 3386 589 3432 cum
631 3363 990 3448 prophetis.
1080 3361 1258 3427 Nam
1301 3359 1661 3428 secundum
1703 3358 2174 3440 idololatriam,
2230 3359 2401 3425 nihil

434 3457 539 3519 est
592 3449 767 3534 quod
826 3447 1124 3516 acerbius
1178 3449 1251 3512 in
1303 3447 1543 3532 populo
1596 3468 1715 3513 suo
1773 3447 2142 3530 exagitent,
2200 3467 2399 3529 quam

433 3537 609 3624 quod
661 3534 795 3602 Dei
848 3534 1101 3601 cultum
1158 3535 1230 3600 in
1282 3542 1557 3600 externo
1613 3539 1932 3617 apparatu
1949 3585 1965 3612 ,
2034 3531 2201 3600 falsa
2257 3532 2398 3616 opi-

433 3627 662 3700 nione,
720 3621 1096 3689 collocabat.
1186 3618 1368 3703 Quid
1421 3627 1642 3686 autem
1686 3620 1759 3684 in
1801 3638 2061 3685 summa
2104 3639 2400 3701 pronun-

432 3709 658 3779 ciant?
747 3707 972 3775 Deum
1015 3728 1151 3772 non
1191 3707 1457 3785 morari,
1504 3725 1627 3771 nec
1669 3707 1858 3788 pensi
1893 3706 2138 3773 habere
2182 3725 2399 3771 caere-

432 3797 689 3863 monias
706 3844 725 3875 ,
783 3795 840 3859 si
883 3795 954 3859 in
1016 3817 1086 3860 se
1123 3800 1385 3859 tantum
1428 3794 1886 3858 aestimentur:
1929 3791 2132 3858 fidem
2175 3798 2244 3858 et
2284 3812 2397 3858 ve-

433 3885 705 3950 ritatem
757 3879 974 3948 cordis
1028 3880 1385 3962 respicere:
1443 3879 1888 3944 caeremonias
1942 3899 2157 3962 neque
2211 3899 2399 3943 man-

436 3971 629 4037 dasse
673 3967 802 4032 alio
839 3968 1003 4045 fine,
1056 3986 1269 4051 neque
1314 3963 1705 4048 approbare,
1753 3965 1882 4030 nisi
1926 3971 2004 4030 ut
2045 3964 2201 4031 fidei
2246 3964 2397 4044 sint,

433 4077 514 4124 ac
555 4053 991 4122 invocationis
1006 4057 1012 4062 ’
1030 4073 1266 4136 purae,
1320 4050 1722 4135 laudumque
1765 4052 2097 4116 exercitia.
2187 4050 2401 4116 Plena

434 4151 595 4211 sunt
684 4140 789 4205 his
885 4139 1464 4204 contestationibus
1552 4137 2026 4221 prophetarum
2102 4136 2397 4203 omnium

433 4229 699 4312 scripta.
787 4225 928 4292 Nec
972 4223 1111 4289 ulla
1151 4245 1259 4290 res
1305 4223 1437 4289 alia
1479 4224 1634 4301 fuit,
1691 4223 1882 4289 sicuti
1930 4221 2098 4303 dixi,
2153 4225 2399 4306 in'qua

433 4316 650 4400 magis
721 4310 1183 4378 laboraverint.
1293 4310 1442 4376 Hac
1518 4330 1715 4393 porro
1789 4310 2104 4378 caecitate
2182 4311 2399 4393 magis

434 4422 636 4488 quam
700 4418 993 4481 unquam
1056 4404 1323 4481 captum
1378 4397 1580 4462 fuisse
1659 4402 1810 4478 [pag.
1871 4402 1980 4477 39]
2054 4395 2396 4476 mundum,

431 4509 642 4574 quum
682 4485 897 4551 nostri
937 4483 1239 4550 homines
1271 4482 1678 4566 prodierunt,
1723 4483 1972 4567 negari,
2018 4484 2149 4550 nisi
2181 4484 2397 4565 impu-

435 4575 673 4642 denter
687 4624 702 4654 ,
773 4591 909 4635 non
966 4576 1199 4653 potest.
1288 4570 1507 4634 Erant
1563 4569 1767 4654 igitur
1823 4570 2192 4636 necessario
2241 4588 2395 4653 pro-

432 4660 715 4747 pheticis
767 4656 901 4721 illis
954 4654 1519 4740 obiurgationibus
1585 4655 1867 4739 urgendi
1931 4654 2231 4721 homines
2244 4706 2262 4735 ,
2331 4661 2398 4719 et

338 4802 346 4808 .
436 4748 519 4815 ab
557 4746 676 4812 illa
717 4743 978 4809 insania
1019 4741 1209 4825 quasi
1249 4741 1573 4806 violenter
1614 4740 2071 4820 abstrahendi,
2127 4762 2211 4807 ne
2255 4761 2398 4805 am-

430 4833 614 4919 plius
647 4829 847 4898 nudis
890 4826 1334 4908 caeremoniis,
1377 4833 1696 4907 tanquam
1731 4826 2000 4894 ludicris
2034 4825 2396 4912 puerilibus

431 4920 582 4986 Deo
659 4913 969 4986 satisfieri
1050 4910 1412 4978 crederent.
1500 4911 1820 4997 Urgenda
1884 4913 2190 4980 similiter
2254 4920 2400 4977 erat

431 5005 556 5072 illa
601 5002 681 5070 de
722 4998 1050 5087 spirituali
1093 5000 1224 5065 Dei
1270 4998 1455 5065 cultu
1500 4998 1802 5064 doctrina
1844 5020 2010 5081 quae
2053 5021 2137 5066 ex
2182 4999 2396 5064 homi-

429 5112 599 5158 num
648 5086 966 5155 memoria
1018 5093 1397 5152 evanuerat.
1489 5081 1795 5166 Quorum
1836 5091 2192 5168 utrumque
2236 5084 2397 5152 fide-

576 5290 637 5359 1)
673 5289 735 5345 In
770 5290 1038 5361 reliquiis:
1075 5291 1158 5348 sie
1189 5306 1223 5345 r
1362 5292 1507 5346 imus
1540 5307 1661 5347 cum
1685 5289 1863 5361 Gallo,
1895 5292 2186 5361 flagitante
2219 5306 2398 5347 wasa.

429 5359 636 5417 Latim
667 5360 802 5416 lan-i
833 5374 1046 5416 omnes.-
1079 5360 1143 5415 In
1175 5376 1235 5416 re
1263 5362 1411 5431 'quia

2509 605 2663 670 liter
2706 603 2976 670 anobis
3029 604 3277 669 factum
3332 626 3475 671 esse
3530 605 3880 685 hactenus,
3934 612 4006 670 et
4057 604 4274 672 adhuc
4325 606 4473 673 fieri

2510 697 2654 756 tum
2705 689 2861 755 libri
2916 692 3126 756 nostri
3139 740 3154 768 ,
3222 699 3365 756 tum
3421 692 3765 758 conciones
3816 691 4228 758 luculentum
4283 694 4468 762 testi-

2509 776 2811 842 monium
2853 774 3158 843 reddunt.

2682 861 2878 943 Quod
2936 870 3160 928 autem
3212 862 3460 930 invecti
3516 884 3748 930 sumus
3800 865 3874 928 in
3917 863 4095 948 ipsas
4138 887 4471 935 caeremo-

2508 948 2673 1027 nias,
2720 955 2788 1012 et
2822 947 3061 1014 alicubi
3094 969 3349 1032 quoque
3381 970 3695 1033 magnam
3729 970 3956 1017 earum
3988 958 4251 1032 partem
4281 953 4470 1021 abro-

2510 1035 2848 1118 gavimus‚
2909 1034 2981 1099 in
3034 1033 3161 1101 hac
3213 1056 3288 1102 re
3329 1036 3616 1101 fatemur
3664 1037 3958 1120 quidem,
4015 1035 4192 1103 inter
4235 1060 4359 1106 nos
4402 1048 4473 1107 et

2507 1119 2864 1204 prophetas
2920 1120 3227 1187 nonnihil
3280 1122 3617 1188 interesse.
3705 1123 3884 1189 Nam
3937 1122 4038 1188 illi
4090 1123 4356 1207 quidem
4399 1127 4472 1193 in

2510 1226 2711 1271 suum
2762 1205 3081 1291 populum
3134 1208 3646 1288 invehebantur,
3703 1207 3878 1294 quod
3918 1209 4049 1274 Dei
4102 1210 4358 1281 cultum
4398 1212 4472 1281 in

2510 1292 2804 1357 externis
2857 1294 3286 1359 caeremoniis
3339 1294 3708 1361 includeret
3722 1346 3739 1374 ‚
3810 1294 3928 1360 sed
3981 1295 4063 1360 ab
4124 1298 4266 1381 ipso
4320 1298 4470 1365 Deo

2507 1378 2861 1443 institutis:
2921 1398 3043 1443 nos
3096 1377 3481 1446 humanitus
3537 1381 3832 1447 confictis
3875 1380 4145 1463 ineptiis
4188 1380 4473 1451 eundem

2508 1462 2741 1529 haberi
2793 1463 3111 1530 honorem
3127 1515 3141 1544 ‚
3205 1467 3685 1550 conquerimur.
3774 1466 3886 1532 Illi
3948 1465 4283 1535 damnatis
4354 1491 4470 1537 su-

2505 1551 3007 1633 perstitionibus
3050 1553 3615 1618 caeremoniarum
3672 1552 4171 1619 multitudinem
4184 1605 4202 1633 ,
4265 1575 4469 1639 quam

2507 1636 2692 1701 Deus
2750 1637 3159 1717 iniunxerat,
3231 1644 3301 1702 et
3351 1660 3518 1721 quae
3575 1639 3754 1705 utilis
3811 1648 4094 1725 aptaque
4148 1647 4293 1706 erat
4346 1662 4471 1726 pro

2508 1730 2724 1787 aetate
2767 1721 3201 1809 paedagogia,
3257 1723 3571 1790 intactam
3611 1724 4097 1809 relinquebant:
4139 1748 4260 1792 nos
4297 1727 4470 1793 mul·-

2507 1817 2609 1873 tos
2664 1809 2833 1875 ritus
2888 1808 3309 1894 corrigendos
3360 1811 3765 1890 curavimus,
3822 1810 3997 1896 quod
4056 1811 4167 1879 vel
4220 1819 4471 1880 temere

2508 1893 2971 1977 obrepsissent,
3010 1895 3120 1963 vel
3141 1897 3213 1960 in
3245 1895 3525 1962 abusum
3547 1897 3855 1964 conversi
3885 1897 4195 1964 fuissent:
4231 1896 4471 1966 deinde

2509 1979 2683 2064 quod
2737 1982 3019 2063 tempori
3061 1980 3337 2047 minime
3377 1984 3831 2050 convenirent.
3923 1984 4070 2050 Nisi
4113 1984 4293 2051 enim
4328 2007 4470 2052 om-

2508 2066 2619 2130 nia
2662 2066 2943 2133 velimus
3003 2065 3428 2148 confundere,
3483 2070 3841 2136 tenendum
3888 2077 3991 2136 est
4034 2092 4295 2156 semper
4338 2071 4473 2139 dis-

2508 2152 2764 2219 crimen
2804 2152 2972 2217 illud
3015 2152 3264 2219 veteris
3316 2160 3386 2218 et
3426 2157 3583 2221 novi
3638 2157 4048 2222 testamenti:
4108 2157 4282 2240 quod
4325 2177 4473 2225 cae-

2509 2238 2873 2318 remoniae,
2931 2259 3210 2321 quarum
3269 2239 3449 2306 utilis
3501 2240 3626 2306 sub
3683 2242 3832 2326 lege
3888 2249 4035 2307 erat
4078 2243 4471 2323 observatio,

2507 2344 2644 2390 non
2685 2326 3056 2407 superfluae
3098 2324 3291 2391 modo
3335 2347 3515 2392 nunc
3558 2327 3721 2408 sint,
3782 2328 3902 2394 sed
3943 2327 4270 2395 absurdae
4311 2351 4472 2414 quo-

2510 2430 2639 2494 que
2679 2417 2748 2475 et
2767 2411 3064 2477 vitiosae.
3136 2416 3285 2491 [pag.
3324 2416 3435 2490 40]
3474 2412 3650 2477 Nam
3691 2434 3899 2497 quum
3923 2414 4268 2481 absentem
4310 2422 4470 2483 tunc

2509 2496 2854 2563 Christum
2897 2504 2965 2563 et
3017 2495 3317 2562 nondum
3357 2498 3728 2565 exhibitum
3782 2499 4239 2567 adumbrando
4282 2521 4471 2586 spem

2508 2582 2834 2650 adventus
2879 2584 3020 2650 eius
3071 2583 3143 2647 in
3190 2583 3429 2649 animis
3470 2584 3769 2651 fidelium
3804 2586 4087 2666 alerent,
4145 2588 4324 2652 nunc
4363 2589 4470 2655 ni-

2507 2668 2605 2733 hil
2658 2689 2856 2753 quam
2912 2676 3333 2752 praesentem
3390 2676 3458 2734 et
3513 2673 3935 2757 conspicuam
3990 2674 4134 2739 eius
4188 2673 4472 2758 gloriam

2507 2754 2876 2821 obscurant.
2963 2754 3287 2821 Videmus
3329 2756 3486 2839 quid
3526 2757 3713 2824 Deus
3754 2758 3998 2824 fecerit.
4088 2759 4265 2825 Nam
4302 2780 4469 2844 quas

2506 2842 2648 2924 ipse
2684 2842 3126 2907 caeremonias
3161 2852 3588 2925 praeceperat
3621 2844 3705 2909 ad
3741 2852 4021 2928 tempus,
4065 2866 4177 2911 eas
4210 2846 4286 2910 in
4318 2866 4469 2930 per-

2506 2935 2788 3010 petuum
2824 2928 3182 3013 abrogavit.
3243 2927 3598 2995 Rationem
3633 2929 3941 2997 audimus
3979 2932 4065 2997 ex‘
4099 2952 4212 2998 ore
4241 2931 4466 2998 Pauli:

2505 3013 2800 3096 primum
2850 3017 3021 3098 quod
3077 3021 3425 3098 postquam
3482 3016 3859 3082 exhibitum
3899 3018 3973 3082 in
4010 3015 4281 3083 Christo
4327 3037 4469 3100 opr-

2508 3120 2634 3183 pus
2678 3107 2807 3180 est,
2866 3102 3189 3168 facessere
3232 3102 3508 3168 umbrae
3546 3100 3916 3184 debuerint;
3972 3103 4239 3185 deinde,
4294 3104 4468 3188 quod

2508 3186 2636 3251 alio
2692 3185 2887 3252 modo
2943 3210 3122 3254 nunc
3169 3187 3516 3254 ecclesiam
3570 3187 3803 3255 docere
3844 3189 4012 3255 velit
4050 3190 4239 3256 Deus
4282 3190 4465 3276 (Gal.

2506 3278 2567 3351 4,
2609 3277 2645 3336 3
2684 3295 2800 3353 ss.;
2847 3271 2986 3338 Col.
3027 3277 3084 3353 2,
3124 3277 3180 3338 4.
3230 3277 3327 3337 14.
3372 3272 3501 3357 17).
3590 3273 3812 3356 Quum
3876 3276 4220 3342 ecclesiam
4275 3296 4465 3342 suam

2505 3358 2693 3425 Deus
2736 3379 2816 3424 ea
2855 3379 3053 3442 quam
3094 3360 3235 3443 ipse
3270 3359 3676 3443 imposuerat
3717 3363 4034 3428 servitute
4068 3362 4467 3442 liberaverit,

2506 3466 2701 3528 quae,
2748 3445 3046 3526 obsecro,
3103 3446 3357 3512 isthaec
3414 3454 3517 3512 est
3555 3449 3880 3530 pravitas,
3936 3469 4180 3515 novam
4224 3448 4307 3514 ab
4349 3448 4468 3514 ho—

2505 3530 2798 3597 minibus
2841 3532 3136 3612 excitari,
3181 3532 3427 3598 veteris
3468 3532 3648 3600 illius
3693 3533 3877 3600 loco?
3953 3533 4179 3615 Quum
4217 3541 4469 3601 certam

2508 3617 2957 3683 oeconomiam
2987 3617 3178 3684 Deus
3218 3619 3742 3705 praescripserit:
3790 3642 3956 3704 quae
4000 3621 4308 3705 superbia
4347 3628 4467 3700 est,

2507 3702 2907 3770 contrariam
2924 3756 2939 3784 ,
3001 3711 3069 3768 et
3110 3704 3332 3788 palam
3386 3706 3468 3771 ab
3520 3707 3664 3790 ipso
3717 3707 4127 3791 repudiatam
4169 3704 4464 3792 erigere?

2508 3788 2644 3856 Sed
2686 3789 2855 3856 illud
2896 3791 3279 3875 pessimum,
3322 3790 3497 3874 quod
3539 3814 3745 3877 quum
3787 3800 3928 3858 tam
3971 3795 4217 3862 severis
4259 3795 4467 3859 inter-

2505 3875 2696 3943 dictis
2758 3897 2988 3942 omnes
3059 3878 3542 3944 commentitios
3607 3878 3951 3944 hominum
4012 3880 4227 3945 cultus
4280 3877 4467 3944 Deus

2505 3964 2696 4028 toties
2739 3962 3153 4045 prohibuerit
3169 4015 3184 4042 ,
3232 3985 3362 4029 non
3406 3964 3534 4028 nisi
3569 3963 3881 4030 humanis
3915 3964 4250 4049 figmentis
4296 3965 4465 4031 cole-

2503 4049 2713 4114 batur.
2806 4047 2986 4129 Quid
3022 4055 3123 4115 est
3163 4050 3387 4134 igitur,
3433 4049 3606 4133 quod
3647 4050 4038 4134 religionem
4080 4073 4119 4116 a
4162 4050 4351 4117 nobis
4393 4051 4468 4117 in

2504 4133 2629 4201 hac
2693 4143 2882 4217 parte
2957 4133 3341 4220 dissipatam
3407 4136 3850 4202 vociferantur
3913 4136 4140 4202 hostes
4205 4135 4460 4203 nostri?

2503 4220 2828 4300 Primum,
2864 4220 3052 4300 nihil,
3096 4221 3375 4286 minimo
3411 4220 3620 4306 digito
3636 4273 3653 4301 ‚
3691 4222 4069 4306 attigimus,
4115 4224 4245 4288 nisi
4292 4223 4464 4307 quod

2503 4324 2622 4391 pro
2662 4306 2871 4372 nihilo
2915 4306 3222 4373 Christus
3267 4306 3481 4388 ducit,
3534 4321 3744 4391 'quum
3786 4309 4036 4375 frustra
4077 4311 4203 4376 coli
4243 4310 4467 4376 Deum

2502 4393 2816 4459 humanis
2902 4392 3367 4459 traditionibus
3453 4395 3865 4478 pronunciat.
3953 4396 4213 4462 Verum
4296 4394 4467 4462 illud

2503 4481 2727 4546 forsan
2779 4487 3113 4564 utcunque
3170 4480 3403 4545 fuisset
3457 4480 3821 4546 tolerabile:
3879 4481 4179 4549 homines
4194 4534 4208 4560 ,
4261 4483 4465 4548 inuti-

2503 4567 2656 4632 liter
2711 4565 2934 4633 Deum
3000 4565 3302 4647 colendo,
3374 4565 3647 4650 perdere
3718 4588 4014 4652 operam:
4080 4569 4197 4634 sed
4263 4590 4464 4652 quum

2504 4652 2660 4718 alibi
2694 4653 2922 4719 multis
2963 4652 3143 4733 locis,
3189 4653 3386 4719 sicuti
3422 4652 3578 4733 dixi,
3623 4674 3831 4720 novos
3865 4654 3988 4721 sibi
4022 4654 4239 4720 cultus
4273 4675 4466 4739 prae-

2504 4745 2609 4804 ter
2651 4739 2930 4804 verbum
2986 4761 3183 4806 suum
3237 4740 3499 4806 institui
3553 4747 3761 4820 vetet,
3818 4760 4020 4824 seque
4072 4741 4199 4807 hac
4258 4741 4464 4807 auda-

2504 4826 2605 4891 cia
2646 4825 2944 4909 graviter
2985 4824 3233 4891 offendi
3274 4826 3561 4891 affirmet
3576 4877 3592 4906 ,
3639 4834 3707 4891 et
3744 4847 4025 4910 poenam
4070 4847 4206 4894 non
4247 4827 4464 4894 levem

2503 4913 2826 4992 minetur,
2884 4913 3352 4978 correctionem
3369 4963 3388 4993 ,
3453 4930 3659 4995 quam
3714 4910 4161 4995 adhibuimus,
4221 4933 4464 4998 magna

2503 4998 2895 5065 necessitate
2936 4998 3138 5064 fuisse
3182 5019 3563 5081 expressam
3607 5004 3877 5064 constat.

2678 5088 2826 5163 [pag.
2866 5091 2977 5166 41]
3020 5085 3252 5168 Neque
3292 5105 3452 5150 vero
3490 5104 3600 5149 me
3641 5084 3831 5167 fugit,
3876 5105 4075 5168 quam
4109 5085 4463 5152 difficulter

2499 5168 2627 5235 hoc
2650 5170 2899 5236 mundo
2925 5168 3428 5254 persuadeatur:
3477 5169 3748 5236 reiicere
3769 5169 3990 5236 Deum
4023 5178 4226 5256 atque
4260 5171 4460 5240 etiam

2503 5254 2885 5335 abominari,
2931 5256 3250 5342 quidquid
3292 5255 3377 5321 ad
3412 5255 3554 5322 eius
3597 5255 3846 5323 cultum
3881 5256 4174 5323 humana
4205 5259 4460 5322 ratione

2506 5343 2939 5427 excogitatur.
3029 5343 3236 5410 Cuius
3292 5344 3534 5408 erroris
3590 5343 3959 5427 complures
4001 5350 4160 5409 sunt
4204 5364 4458 5411 causae.
