4999 6179
0 15 484 145 *f

451 441 576 505 269

451 628 722 694 honoris
765 649 899 697 non
941 626 1213 705 habeat,
1268 634 1345 692 ut
1400 626 1483 692 ad
1537 648 1726 695 sacra
1767 629 1910 695 eius
1953 628 2216 696 oracula
2254 649 2410 695 cen-

451 713 836 780 tieescant?.
873 714 971 781 Ut
1002 714 1273 796 Epicuri
1308 713 1561 792 breves,
1599 714 1886 792 mutilae,
1924 717 2224 798 spinosae
2259 735 2406 781 sen-

445 801 764 866 tentiolae
807 800 889 864 ab
933 801 1074 867 eius
1117 805 1294 865 secta
1333 799 1814 884 intelligantur:
1864 808 1960 866 tot
2002 822 2078 868 ac
2120 809 2259 865 tam
2303 822 2407 866 ce-

450 887 670 970 piesis,
716 887 931 965 certis,
976 884 1329 951 luculentis
1373 885 1653 970 scriptis,
1699 907 1832 952 non
1877 886 2001 954 hec
2045 906 2409 970 consequu-

451 980 560 1038 tus
603 973 806 1037 fuerit
846 972 1064 1049 Deus,
1120 979 1197 1035 ut
1255 971 1539 1037 sciamus
1583 971 1740 1055 quid
1784 972 2108 1039 veluerit?
2197 973 2410 1037 Deni-

451 1079 576 1141 que
611 1077 925 1141 quorsum
959 1064 1185 1122 tantus
1220 1058 1582 1140 scripturae
1616 1078 1910 1136 acervus,
1956 1058 2015 1123 si
2054 1057 2224 1122 nihil
2255 1056 2410 1123 inde

453 1144 612 1211 certi
664 1143 1000 1227 percipere
1042 1142 1238 1208 licet?
1327 1145 1422 1208 At
1473 1143 1670 1228 lenge
1724 1143 1902 1209 aliud
1958 1144 2408 1210 testimenium

452 1230 651 1297 verbe
705 1250 822 1295 sue
878 1228 1099 1295 reddit
1140 1229 1325 1295 Deus
1380 1230 1538 1311 ipse.
1627 1229 1729 1294 Ne
1775 1226 1980 1310 dieas,
2038 1231 2279 1314 inquit,
2337 1231 2408 1295 in

451 1316 643 1382 eorde
686 1323 822 1393 tue,
867 1315 1017 1397 quis
1063 1314 1375 1381 ascendet
1416 1314 1489 1379 in
1527 1314 1829 1380 coelum?
1898 1322 2043 1396 aut,
2104 1318 2252 1401 quis
2296 1315 2409 1382 de-

450 1401 717 1469 scendet
739 1403 808 1466 in
836 1400 1192 1500 abyssum?
1236 1409 1371 1478 aut,
1417 1401 1564 1483 quis
1607 1401 1892 1468 traiiciet
1931 1402 2160 1469 mare?
2206 1423 2409 1488 prope

450 1494 550 1554 est
592 1489 869 1555 verbum
914 1509 988 1552 in
1031 1508 1144 1552 ore
1188 1494 1299 1551 tue
1343 1487 1571 1570 (Deut.
1612 1492 1712 1564 30,
1761 1488 1885 1572 12).
1978 1489 2117 1554 Gur
2162 1511 2281 1556 nes
2324 1489 2409 1555 ad

449 1574 728 1640 verbum
771 1582 1051 1652 revecat,
1098 1573 1170 1637 in
1213 1592 1339 1655 que
1374 1572 1542 1637 nihil
1632 1594 1787 1638 uam
1831 1575 2155 1640 fluctuare
2190 1583 2258 1640 et
2291 1596 2408 1643 va-

451 1659 672 1725 cillare
716 1680 1061 1743 pessumus
1074 1656 1120 1721 ⁴2·
1196 1660 1289 1723 At
1330 1659 1525 1723 istam
1567 1679 1606 1722 o
1651 1658 2008 1726 iectienem
2048 1663 2406 1744 praevenit,

451 1767 652 1831 quum
698 1752 998 1823 testatur,
1042 1763 1114 1810 se
1148 1744 1217 1809 in
1253 1765 1325 1809 es
1361 1751 1428 1809 et
1461 1764 1574 1809 cor
1598 1745 1647 1828 ¹)
1683 1744 1969 1812 dedisse:
2015 1757 2094 1811 ut
2128 1754 2196 1812 et
2229 1756 2410 1814 certa

452 1831 581 1897 fide
637 1833 859 1916 ipsum
904 1830 1507 1916 apprehendamus,
1578 1840 1645 1896 et
1697 1852 1850 1897 cum
1905 1830 2148 1899 fiducia
2202 1835 2406 1899 confi·

450 1924 726 1983 teamur.
815 1918 909 1983 Et
961 1937 1089 2001 que
1142 1924 1438 1999 tempere
1480 1914 1605 1983 hec
1658 1915 1905 1983 dietum
1949 1918 2090 1983 est?
2180 1917 2408 2000 Quum

452 2003 585 2069 sele
625 2003 918 2085 iustitiae
959 1998 1257 2069 nendum
1300 2022 1452 2067 cum
1494 2000 1690 2086 plene
1732 2024 1849 2069 suo
1888 2003 2143 2088 fulgore
2177 2014 2407 2070 exerte

449 2089 557 2155 lex
614 2097 876 2156 tantum
936 2090 1116 2157 velut
1168 2086 1490 2171 quaedam
1545 2088 1694 2154 fidei
1748 2108 1985 2155 aurora
2037 2090 2404 2173 prodiisset.

451 2175 718 2261 Moyses
762 2196 1016 2259 queque
1060 2174 1130 2240 in
1174 2174 1293 2239 illa
1347 2173 1604 2239 solenni
1660 2175 2165 2241 contestatione:
2220 2176 2409 2243 Haec

373 2276 382 2285 '
452 2270 551 2327 est
595 2263 720 2339 via,
766 2261 998 2344 inquit,
1045 2259 1374 2327 ambulate
1431 2264 1579 2340 [pag.
1621 2267 1725 2337 51]
1782 2261 1853 2325 in
1906 2282 1985 2326 ea
2028 2259 2260 2345 (Deut.
2305 2267 2405 2342 30,

459 2350 591 2432 19);
653 2349 708 2413 si
763 2348 831 2412 in
876 2358 1014 2412 tam
1055 2346 1297 2430 exigua
1347 2346 1647 2428 portione
1700 2345 1893 2426 lucis,
1952 2354 2019 2411 et
2057 2348 2408 2414 verborum

450 2434 844 2500 obscuritate
857 2484 874 2515 ,
930 2439 998 2499 et
1306 2451 1417 2497 um
1473 2430 1725 2498 umbris
1778 2432 2079 2499 involuta
2094 2485 2109 2512 ,
2166 2433 2409 2499 clamat

448 2525 674 2585 tamen
708 2519 1053 2597 Dominus,
1100 2517 1358 2583 nullum
1392 2517 1821 2600 ignorantiae,
1867 2526 1984 2583 aut
2017 2518 2407 2585 dubitationi

446 2611 870 2691 praetextum
925 2604 1209 2689 amplius
1274 2624 1445 2681 esse,
1513 2604 1666 2686 quia
1729 2613 1975 2669 certam
2039 2604 2407 2671 doctrinam

445 2691 824 2770 tradiderit,
876 2712 1043 2774 quae
1096 2698 1165 2755 et
1206 2698 1386 2757 certa
1428 2688 1642 2755 cordis
1685 2689 1925 2757 fiducia
1978 2691 2403 2774 apprehendi,

447 2787 519 2842 et
573 2778 783 2844 libera
840 2775 1199 2859 audacique
1253 2776 1656 2842 confessione
1706 2776 2074 2858 praedicari
2140 2776 2403 2843 debeat:

446 2864 506 2929 si
547 2884 667 2947 per
711 2863 986 2947 Moysen
1033 2868 1455 2937 contestatur,
1546 2860 1768 2926 lanam
1812 2871 1879 2927 et
1921 2872 2216 2945 apertam
2261 2884 2406 2929 esse

444 2950 656 3016 viam:
723 2969 889 3031 quae
944 2950 1075 3014 ista
1129 2959 1232 3013 est
1290 2947 1503 3030 impre
1548 2947 1706 3025 itas,
1770 2948 1840 3012 in
1905 2949 2048 3029 ipsa
2110 2948 2403 3028 meridie,

443 3035 581 3103 sole
633 3034 929 3101 iustitiae
986 3040 1141 3100 ante
1194 3033 1415 3101 ocules
1467 3034 1849 3117 conspicue,
1918 3033 2040 3100 hec
2090 3035 2405 3118 probrum

441 3123 714 3190 inurere
754 3122 958 3187 verbo
1000 3119 1305 3197 Domini,
1352 3129 1430 3184 ut
1471 3118 1638 3183 nihil
1682 3118 1864 3185 aliud
1906 3141 2104 3204 quam
2145 3122 2406 3204 piorum

441 3215 704 3276 mentes
747 3227 1116 3290 suspensas,
1157 3206 1508 3289 perplexas
1551 3213 1619 3269 et
1658 3206 1983 3288 inquietas
2027 3206 2402 3291 relinquat?

444 3294 814 3364 Audiamus
858 3293 1134 3358 alteram
1175 3312 1431 3375 queque
1475 3290 1604 3355 Dei
1643 3291 2186 3360 contestationem
2246 3292 2401 3378 (les.

445 3385 551 3459 45,
598 3381 733 3464 19):
791 3379 942 3444 Non
983 3379 1055 3444 in
1098 3375 1507 3456 abscondite,
1563 3378 1806 3459 inquit,
1861 3377 2169 3461 loquutus
2225 3399 2403 3458 sum3

443 3486 582 3533 11611
626 3467 698 3531 in
742 3465 989 3549 angulo
1033 3471 1251 3529 terrae
1295 3462 1747 3542 tenebrarum;
1806 3484 1939 3527 non
1985 3462 2124 3528 dixi
2168 3464 2406 3529 semini

441 3552 668 3619 Iaeebi
721 3554 1001 3630 frustra,
1069 3551 1398 3635 quaeretis
1459 3570 1583 3615 me.
1601 3549 1661 3631 2)
1748 3550 1859 3615 An
1924 3571 2057 3615 non
2115 3549 2407 3633 loquitur

441 3638 642 3706 hodie
687 3638 1024 3705 nobiseum
1069 3636 1394 3702 Dominus
1450 3656 1570 3718 per
1614 3634 2021 3718 scripturas?
2112 3635 2222 3701 An
2268 3656 2406 3700 non

444 3724 708 3805 clarius,
745 3745 942 3809 quam
987 3722 1243 3807 pridem
1289 3742 1440 3788 611111
1484 3721 1780 3786 Israele‘l
1854 3721 2074 3805 Negat
2117 3741 2189 3788 se
2234 3724 2405 3786 frus-

443 3817 555 3876 tra
597 3811 844 3878 decere.
933 3810 1116 3894 Ergo
1159 3809 1234 3874 in
1285 3807 1487 3874 verbo
1532 3808 1673 3873 eius
1726 3807 2135 3890 reperiemus
2178 3806 2407 3891 procul

444 3895 643 3963 dubie
685 3895 858 3980 quod
903 3916 1215 3980 quaerere
1260 3914 1380 3960 nes
1434 3893 1630 3959 iubet.
1722 3890 1918 3974 Quod
1975 3894 2103 3958 nisi
2157 3893 2253 3958 ita
2305 3914 2406 3958 66-

443 3991 565 4064 set,
600 3983 757 4067 quid
791 3981 917 4049 sibi
953 3982 1152 4048 vellet
1183 3977 1374 4047 illud:
1413 3979 1659 4045 Audite
1698 4000 1824 4058 me,
1869 3985 1936 4044 et
1970 3978 2152 4046 vivet
2185 3979 2409 4045 anima

442 4076 670 4137 vestra
713 4069 869 4152 (Ies.
912 4073 1012 4148 55,
1053 4067 1168 4150 3)?
1236 4067 1369 4134 Hic
1411 4087 1568 4150 ergo
1612 4073 1716 4131 est
1757 4064 2152 4147 tranquillus
2197 4074 2264 4131 et
2302 4086 2407 4130 sa-

443 4154 682 4221 lutaris
725 4161 958 4239 pertus
975 4207 991 4234 ,
1031 4153 1274 4220 habere
1315 4161 1647 4235 receptum
1694 4150 1779 4217 ad
1823 4159 2049 4217 saneta
2091 4151 2219 4216 Dei
2264 4171 2408 4216 era-

451 4241 631 4309 eula:
676 4263 717 4308 a
757 4241 1024 4325 quibus,
1080 4248 1398 4324 tanquam
1453 4260 1493 4303 a
1543 4237 1905 4322 periculose
1958 4237 2254 4321 scopulo,
2307 4237 2409 4302 fu-

452 4348 616 4413 gere
655 4348 776 4393 nos
818 4325 1005 4393 decet
1045 4326 1348 4412 Pighius.

627 4413 882 4480 Verum
926 4413 1210 4496 excipiet
1257 4411 1582 4491 fortassis,
1637 4408 1858 4475 Deum
1913 4428 2047 4474 nen
2103 4409 2173 4474 in
2231 4407 2412 4474 nuda

453 4502 811 4586 scriptura,
872 4497 988 4565 sed
1033 4521 1149 4583 per
1190 4498 1501 4563 ecclesiae
1543 4495 1966 4562 traditionem
2011 4493 2411 4561 audiendum

457 4609 624 4655 esse.
711 4587 975 4672 Nugae:
1046 4583 1372 4668 siquidem
1437 4583 1592 4648 huic
1653 4579 1889 4648 cavillo
1957 4601 2188 4646 ansam
2251 4581 2412 4646 elim

501 4674 775 4741 raecidit
827 4673 1097 4757 spiritus
1152 4676 1439 4737 sanctus.
1525 4668 1700 4734 Nam
1739 4667 1979 4746 Isaias,
2034 4665 2150 4731 ubi
2202 4688 2410 4751 pepu-

480 4782 599 4827 um
639 4758 1000 4837 admonuit,
1044 4779 1130 4822 ne
1172 4773 1400 4840 quem,
1442 4764 1705 4837 praeter
1747 4773 1956 4818 unum
2000 4754 2252 4831 Deum,
2308 4772 2410 4817 se-

453 4854 719 4932 quatur,
762 4844 1034 4911 medum
1077 4863 1333 4927 queque
1372 4839 1569 4907 simul
1611 4838 1823 4905 addit:
1870 4836 1976 4904 Ad
2019 4838 2232 4923 legem
2247 4889 2262 4917 ,
2308 4839 2410 4903 in-

598 5104 658 5168 1)
697 5109 754 5157 et
789 5118 852 5157 en
888 5107 947 5157 et
981 5117 1093 5170 cer,
1130 5097 1267 5154 1576
1298 5112 1439 5168 seqq.

595 5171 656 5239 2)
695 5169 854 5226 1543.
901 5169 1063 5224 1552:
1112 5169 1340 5233 frustra,
1388 5166 1659 5236 quaeretis
1703 5180 1805 5218 me.
1876 5163 1936 5218 Ie
1980 5161 2086 5218 n‘ai
2173 5165 2287 5218 eint
2332 5164 2411 5220 dit

455 5243 655 5300 envain
692 5244 725 5296 a
759 5241 815 5293 la
851 5255 1100 5295 semence
1136 5238 1202 5292 de
1238 5237 1429 5293 Iacob:
1466 5251 1602 5289 vous
1638 5248 1724 5288 me
1761 5232 2064 5288 cercherez.
2220 5233 2407 5287 sterio-

454 5327 551 5368 ιτο
583 5310 850 5368 editiones
872 5309 1114 5378 propius
1145 5307 1224 5361 (ιά
1255 5307 1565 5363 hebraicum
1590 5309 1794 5358 textum
1816 5301 2157 5356 accedentes.-
2187 5301 2407 5369 fraena,

460 5381 710 5453 quaerite
743 5393 846 5433 me.
902 5377 1132 5434 smum
1159 5382 1340 5431 tuanen
1373 5389 1543 5445 noque
1574 5372 1679 5427 hae
1712 5371 2079 5427 authentiam·
2114 5371 2408 5439 animum.

1927 440 2058 508 DE
2101 439 2457 508 LIBERO
2503 439 2978 507 ARBI'PRIO.

4347 450 4473 512 270

2513 628 2682 711 quit,
2740 635 2808 692 et
2864 626 2948 693 ad
3001 629 3452 695 testimenium
3520 630 3673 712 (Ies.
3724 635 3783 710 8,
3834 632 3965 716 20).
4057 629 4207 713 Quo
4272 635 4475 719 igitur

2512 713 2753 796 spiritu
2807 715 3124 780 reclamat
3177 715 3489 799 Pighius,
3555 717 3768 801 legem
3824 718 4250 801 flexiloquam
4309 742 4472 802 esse,

2512 798 2861 865 obscurum
2898 801 3343 866 testimenium
3382 810 3450 867 et
3484 802 3908 887 ambiguum?
3968 804 4061 868 Et
4085 806 4470 887 Malachiae,

2512 883 2669 949 dum
2716 885 2860 950 vult
2901 886 3216 971 populum
3272 888 3344 952 in
3391 888 3644 954 Christi
3694 889 4181 972 exspectatione
4236 894 4472 958 confir-

2511 991 2695 1035 mare
2738 992 2943 1055 usque
2985 974 3055 1037 in
3101 974 3241 1039 eius
3283 973 3679 1054 adventum,
3725 983 3792 1040 et
3833 974 4154 1041 adversus
4196 976 4471 1044 offendi-

2514 1055 2664 1123 cula
2706 1058 2929 1122 omnia
2971 1079 3248 1140 armare,
3294 1080 3426 1125 nen
3470 1060 3597 1126 alie
3640 1061 3861 1140 mittit,
3907 1082 4105 1144 quam
4141 1062 4225 1129 ad
4259 1063 4474 1148 legem

2513 1144 2725 1225 ipsam
2783 1144 2971 1228 (Mal.
3012 1150 3071 1224 4,
3110 1146 3201 1230 4).
3291 1144 3671 1211 Secundum
3727 1146 3900 1212 hanc
3954 1148 4306 1226 rationem,
4377 1151 4472 1216 ait

2513 1228 2781 1307 Petrus,
2834 1228 3077 1295 habere
3134 1251 3253 1295 nos
3310 1232 3665 1298 firmiorem
3722 1253 4087 1298 sermenem
4134 1235 4471 1318 propheti-

2514 1335 2683 1393 cum,
2725 1315 2835 1379 cui
2878 1315 3221 1381 attendere
3258 1315 3612 1383 debeamus
3656 1340 3775 1385 ceu
3819 1318 4126 1385 lucernae
4169 1326 4316 1399 [pag.
4362 1327 4468 1402 52]

2515 1399 2770 1465 ardenti
2824 1401 2896 1465 in
2951 1402 3092 1467 lece
3149 1401 3529 1486 caliginose,
3588 1402 3793 1470 denec
3847 1403 4079 1469 lucifer
4134 1407 4473 1472 exoriatur

2514 1486 2583 1550 in
2628 1484 2931 1551 cordibus
2974 1489 3219 1553 nestris
3264 1492 3332 1571 (2
3371 1489 3548 1553 Petr.
3600 1494 3654 1569 1,
3701 1492 3825 1569 19).
3898 1490 3993 1554 At
4034 1490 4204 1572 qued
4251 1493 4470 1575 sequi-

2514 1578 2626 1636 tur
2690 1572 3027 1651 continue,
3098 1574 3403 1639 nonnihil
3469 1574 3732 1640 videtur
3794 1574 4036 1659 Pighio
4101 1576 4467 1661 suffragari.

2513 1657 2847 1722 Admonet
2898 1658 3105 1738 enim,
3175 1681 3308 1724 nen
3363 1681 3504 1725 esse
3557 1661 3855 1744 privatae
3908 1661 4473 1744 interpretationis

2512 1743 2909 1826 scripturam
2964 1745 3434 1828 propheticam.
3525 1746 3670 1830 Ege
3715 1767 3873 1813 vero
3927 1767 4060 1811 nen
4115 1747 4308 1811 aliter
4364 1768 4471 1814 ac-

2513 1828 2699 1911 cipie,
2746 1849 2941 1911 quam
2986 1830 3125 1912 ipse
3168 1832 3467 1915 exponit:
3516 1852 3772 1915 nempe,
3819 1830 3991 1915 qued
4034 1854 4168 1898 nen
4211 1835 4473 1916 proprio

2513 1913 2784 1979 consilio
2839 1915 3135 1997 impulsi,
3195 1916 3311 1981 sed
3356 1939 3395 1982 a
3439 1918 3676 2000 spiritu
3737 1926 3965 1984 sancte
4022 1919 4319 1998 excitati,
4377 1918 4474 1984 le-

2513 2000 2701 2082 quuti
2745 2000 2880 2065 sint

2511 2086 2898 2168 pretatienis

2968 2000 3939 2163 ’ἕιέὲῗίἲῗᾍοιὲιὲᾛὲἒέἓῑῖθῗ
3954 2025 4224 2155 „1:333
4228 2012 4472 2157 <1333ss

2512 2171 2582 2235 in
2627 2191 2755 2253 qua
2798 2171 3280 2255 significatione
3333 2172 3664 2238 interdum
3728 2175 4017 2239 sumitur
4062 2195 4298 2258 graeca
4340 2197 4473 2241 vex

2512 2276 2641 2340 qua
2684 2257 2912 2335 utitur,
2958 2261 3246 2331 ἐπίλυσις.
3335 2258 3589 2325 Demus
3644 2268 3897 2338 tamen,
3958 2261 4177 2342 ipsum
4233 2259 4313 2325 de
4369 2262 4472 2326 in-

2512 2344 2984 2425 terpretatione
3053 2342 3252 2426 loqui.
3364 2341 3580 2425 Quem
3646 2344 3851 2409 alium
3917 2365 4188 2410 sensum
4251 2345 4472 2413 elicias

2513 2429 2642 2493 nisi
2675 2427 2948 2493 minime
2982 2428 3340 2496 trahendas
3375 2430 3733 2514 scripturas
3768 2430 3851 2495 ad
3885 2431 4227 2514 preprium
4249 2431 4470 2498 cuius-

2513 2534 2637 2596 que
2682 2535 2947 2580 sensum
2960 2513 2992 2577 ⁶?
3082 2515 3146 2580 Ν
3148 2535 3232 2580 611
3278 2517 3459 2581 enim
3501 2516 3707 2581 alium
3751 2537 3893 2582 esse
3936 2514 4247 2581 idoneum
4291 2516 4469 2600 ipsa-

2511 2620 2662 2663 rum
2716 2600 3173 2683 interpretem,
3227 2601 3356 2668 nisi
3411 2601 3718 2685 spiritum
3761 2601 3891 2667 Dei
3934 2602 4047 2685 qui
4097 2623 4209 2667 eas
4264 2601 4471 2669 dicta-

2511 2685 2629 2751 vit.
2721 2682 2900 2766 Quid
2935 2686 3020 2751 ad
3052 2685 3217 2753 haec
3250 2687 3577 2772 Pighius?
3642 2688 3976 2771 Pergetne
4012 2685 4227 2753 adhuc
4264 2689 4469 2772 scrip·

2510 2777 2696 2836 turas
2738 2792 2974 2839 vocare
3017 2773 3366 2838 confusum
3417 2773 3904 2858 labyrinthum,
3951 2771 4189 2855 quibus
4225 2773 4471 2840 Petrus

2511 2856 2879 2922 claritatem
2924 2856 3181 2936 tribuit,
3227 2881 3392 2942 quae
3438 2880 3559 2924 1166
3601 2867 3777 2924 certo
3822 2880 4051 2942 regere
4096 2859 4328 2941 pessit,
4386 2881 4472 2924 ne

2510 2942 2618 3007 vel
2678 2944 2746 3007 in
2808 2943 3333 3026 profundissimis
3397 2944 3628 3009 mundi
3691 2944 3982 3009 tenebris
4043 2945 4465 3010 aberremus?

2512 3029 2730 3112 Atque
2783 3035 2862 3094 ut
2914 3028 3138 3096 videas
3204 3031 3511 3114 spiritum
3569 3037 3872 3096 sanctum
3928 3029 4099 3095 nihil
4155 3029 4332 3096 aliud
4387 3030 4469 3098 de

2508 3114 2654 3198 lege
2697 3115 3090 3198 praedicare,
3143 3136 3340 3199 quam
3383 3116 3557 3199 quod
3601 3117 3673 3180 in
3717 3138 3787 3182 se
3830 3115 3994 3199 ipsis
4037 3117 4468 3199 experiuntur

2508 3200 2635 3283 ipsi
2680 3199 2923 3278 fideles,
2970 3199 3125 3265 audi
3169 3201 3360 3283 quale
3403 3202 3502 3268 illi
3545 3202 3862 3286 elogium,
3888 3203 3941 3284 ¹)
4000 3223 4085 3265 ex
4123 3202 4269 3284 ipso
4312 3201 4468 3267 fidei

2510 3306 2725 3364 sensu,
2770 3286 3022 3352 tribuat
3056 3286 3301 3352 David:
3341 3289 3664 3367 Lucerna,
3705 3288 3940 3369 inquit,
3986 3285 4265 3371 pedibus
4300 3290 4467 3353 meis

2509 3370 2788 3437 verbum
2846 3378 3030 3436 tuum
3046 3423 3062 3450 ,
3128 3381 3198 3437 et
3251 3372 3479 3437 lumen
3535 3372 3788 3439 semitis
3841 3374 4008 3439 meis
4075 3372 4278 3455 (Psal.
4326 3378 4465 3452 119,

2517 3462 2688 3540 103).
2754 3457 2956 3522 Item:
2995 3458 3474 3528 Testimonium
3509 3459 3779 3524 Domini
3819 3457 4030 3538 fidele,
4077 3458 4469 3541 sapientiam

2508 3551 2853 3627 praestans
2918 3544 3208 3626 parvulis
3276 3543 3477 3626 (Psal.
3536 3548 3631 3624 19,
3685 3545 3774 3629 8).
3863 3544 4003 3610 Nec
4069 3543 4249 3609 aliud
4308 3565 4468 3610 sane

2511 3629 2695 3709 dicit,
2753 3649 2951 3712 quam
3009 3628 3182 3712 qued
3236 3630 3359 3712 piis
3414 3628 3717 3695 omnibus
3771 3629 4183 3695 familiariter
4236 3638 4469 3695 notum

2510 3735 2652 3781 6666
2697 3714 2904 3781 debet.
2994 3714 3176 3781 Hinc
3218 3715 3533 3800 colligant
3572 3714 3853 3782 lectores
3871 3766 3886 3795 ,
3944 3736 4140 3798 quam
4186 3715 4352 3781 bene
4396 3717 4467 3781 in

2511 3801 2683 3866 seria
2722 3800 3088 3885 scripturae
3129 3800 3570 3886 intelligentia
3604 3802 4002 3866 exercitatus
4048 3800 4135 3864 sit
4168 3800 4465 3884 Pighius,

2511 3887 2644 3951 imo
2699 3907 2891 3970 quem
2951 3888 3215 3952 omnine
3273 3889 3416 3952 eius
3470 3894 3739 3971 gustum
3792 3884 4059 3951 habeat:
4129 3885 4240 3968 qui
4308 3882 4468 3951 dum

2510 3993 2749 4038 nasum
2803 3992 3062 4038 cereum
3121 3993 3266 4038 esse
3315 3979 3507 4056 putat
3521 4024 3536 4051 ,
3591 3972 3664 4036 in
3721 3992 3949 4037 omnes
4003 3979 4224 4053 partes
4279 3972 4465 4035 flexi-

2508 4057 2675 4138 lem,
2723 4065 2868 4123 tute
2910 4058 2982 4123 in
3026 4080 3104 4123 ea
3144 4059 3554 4142 acquiescere
3597 4078 3718 4124 nes
3761 4076 3951 4140 pesse
4004 4063 4230 4138 negat:
4289 4055 4467 4121 ideo-

2513 4166 2640 4228 que
2682 4145 2766 4209 ad
2808 4144 3120 4211 ecclesiae
3164 4144 3615 4223 autoritatem,
3674 4142 3861 4207 velut
3911 4138 3996 4205 ad
4049 4161 4307 4207 sacram
4348 4161 4465 4205 an·

2514 4230 2802 4311 choram,
2849 4232 3200 4314 confugere
3242 4228 3439 4294 iubet.

2686 4316 2782 4383 Ut
2843 4323 3065 4381 tamen
3129 4337 3266 4382 rem
3334 4323 3540 4379 tetam
3608 4311 3814 4377 semel
3875 4311 4251 4395 expediam:
4319 4314 4470 4395 quia

2514 4402 2639 4469 sibi
2697 4403 2968 4467 minime
3020 4400 3328 4484 expedire
3384 4398 3567 4464 videt
3619 4397 3932 4483 Pighius,
4000 4405 4076 4463 ut
4128 4420 4213 4462 ex
4272 4398 4470 4463 verbo

2514 4489 2647 4555 Dei
2690 4487 3035 4553 dirimatur
3077 4487 3239 4554 haec
3292 4485 3769 4563 controversia,
3824 4484 4247 4567 scripturam,
4306 4503 4471 4565 quae

2514 4575 2738 4658 impiis
2779 4582 2848 4638 et
2891 4572 3234 4639 malitiosis
3287 4571 3769 4638 haereticorum
3820 4569 4207 4637 commentis
4250 4567 4469 4634 subia-

2517 4671 2691 4739 ceat,
2748 4668 2817 4725 et
2873 4661 2945 4724 in
2989 4660 3210 4725 varies
3256 4664 3401 4737 [pag.
3442 4662 3565 4737 53]·
3607 4677 3838 4722 66116116
3896 4654 4185 4737 torqueri
4238 4654 4467 4736 pessit,

2520 4747 2785 4813 dubiam
2829 4754 2898 4810 et
2940 4745 3283 4811 obscuram
3325 4765 3468 4810 esse
3518 4741 3872 4810 contendit.
3961 4741 4193 4822 Itaque
4236 4738 4320 4804 ad
4364 4757 4468 4804 ec-

2517 4833 2753 4900 clesiae
2793 4831 3241 4897 definitionem
3276 4838 3459 4896 reeta
3492 4852 3612 4895 1166
3646 4834 3935 4894 revocat:
3983 4845 4166 4909 quae,
4211 4832 4288 4889 ut
4321 4823 4470 4890 nul·

2516 4920 2600 4984 lis
2644 4917 2988 4985 calumniis
3030 4923 3132 4983 est
3174 4916 3475 4992 obnoxia,
3518 4916 3612 4979 ita
3650 4934 3771 4997 pre
3805 4933 3965 4978 vera
3998 4918 4065 4977 et
4098 4919 4281 4976 certa
4314 4910 4470 4976 fidei

2517 5004 2749 5089 regula
2790 5003 3094 5070 habenda
3136 5004 3239 5068 sit.
3331 5001 3552 5066 Velim
3599 5018 3776 5064 nunc
3828 4998 3993 5063 mihi
4046 4996 4467 5080 respondeat:

2517 5111 2714 5176 quam
2758 5109 3000 5155 nevam
3041 5088 3320 5154 formam
3375 5085 3666 5152 induerit
3706 5082 3987 5149 verbum
4029 5081 4329 5160 Domini,
4386 5103 4471 5146 ex

2515 5198 2644 5262 que
2706 5174 2904 5241 fidem
2955 5195 3040 5241 ex
3107 5174 3284 5241 illius
3339 5194 3481 5240 esse
3545 5167 3774 5236 auditu
3830 5170 4081 5235 Paulus
4136 5165 4471 5234 asserebat

2517 5299 2923 5311 —--·-—-.-———--———--

2654 5367 2711 5431 1)
2750 5364 2876 5420 fidei
2914 5364 3174 5435 elogium,
3209 5361 3357 5433 quod
3389 5362 3447 5415 in
3486 5360 3569 5416 ed.
3601 5359 3857 5430 principe
3890 5359 4110 5429 leyitur,
4145 5355 4340 5409 vitiam
4375 5357 4470 5408 eut.
