4999 6179
663 451 957 520 XXXII
1843 452 2390 522 'I'RAOTA'I'US
2437 452 3031 522 THEOLOGIOI
3075 453 3521 522 MINORES.

970 639 1288 726 Sequitur
1347 642 1505 708 VH.
1564 643 1769 729 ipsius
1824 642 2153 709 Oalvini
2210 642 2647 710 consilium
2704 650 2774 708 et
2827 645 3155 711 conclusio
3211 665 3380 730 quae
3436 644 3710 724 dicitur,
3768 644 3995 729 paucis
4049 647 4327 731 pagellis
4384 645 4698 714 absoluta.

657 755 837 823 Hinc
879 755 1303 839 probabiliter
1345 757 1593 821 factum
1637 762 1741 820 est
1783 762 1861 820 ut
1902 754 2171 838 plurimi
2216 762 2479 821 autores
2523 755 2876 823 editionem
2920 755 3211 841 aliquam
3254 757 3586 824 exstitisse
3629 757 3756 823 sibi
3798 756 4277 842 persuaderent
4318 780 4486 843 quae
4526 780 4701 827 anno

664 869 828 933 1545
875 864 1218 951 prodierit,
1275 867 1524 934 scilicet
1578 888 1655 933 eo
1707 866 1981 933 consilio
2026 867 2420 934 concinnata
2461 875 2537 933 ut
2580 868 2827 933 autoris
2873 871 3219 949 sententia,
3264 868 3520 953 pridem
3563 870 3638 933 in
3690 870 3829 936 suis
3873 868 4114 936 libellis
4153 867 4489 938 declarata
4504 923 4522 952 ,
4566 873 4700 937 iam

657 979 899 1046 additis
940 979 1438 1045 triumvirorum
1482 979 1844 1046 illustrium
1884 979 2423 1061 responsionibus
2467 979 2713 1045 maiore
2758 981 3111 1046 autoritate
3149 980 3485 1065 gauderet.
3579 979 3768 1062 Quae
3812 981 3869 1046 si
3912 980 4009 1046 ita
4051 1002 4124 1049 se
4167 980 4503 1063 haberent,
4547 984 4698 1051 iure

655 1100 884 1158 nostro
918 1110 1407 1176 quaereremus,
1455 1098 1681 1156 utrum
1724 1092 1793 1155 in
1837 1090 1956 1154 illa
1999 1089 2285 1157 editione
2330 1092 2820 1158 Germanorum
2866 1091 3140 1159 consilia
3182 1092 3416 1177 gallice
3460 1091 3783 1158 translata
3826 1092 4236 1172 exstiterint,
4297 1114 4386 1159 an
4431 1093 4696 1163 Calvini

654 1203 901 1287 scripta
940 1203 1149 1268 latine
1195 1224 1402 1281 versa,
1449 1223 1535 1267 an
1579 1200 1859 1286 denique
1905 1223 2027 1268 sua
2070 1205 2303 1285 cuique
2359 1203 2570 1268 forma
2611 1209 2876 1269 servata
2918 1204 3137 1269 fuerit.
3229 1202 3485 1269 Verum
3528 1202 3610 1269 de
3652 1203 3759 1270 his
3802 1203 3984 1288 apud
4027 1225 4256 1271 omnes
4301 1205 4697 1274 altissimum

655 1315 995 1382 silentium
1010 1366 1024 1392 ,
1092 1321 1158 1379 et
1213 1336 1406 1380 nemo
1462 1336 1756 1398 unquam
1814 1315 2020 1380 talem
2078 1314 2437 1380 editionem
2494 1313 2666 1381 vidit
2718 1337 2842 1382 nec
2901 1313 3094 1381 hodie
3136 1314 3379 1382 alicubi
3436 1324 3767 1380 terrarum
3821 1316 3950 1398 ipsi
4006 1317 4298 1400 reperire
4339 1319 4692 1401 potuimus.

657 1427 891 1511 Itaque
935 1448 1073 1507 nos,
1119 1426 1279 1491 dum
1321 1425 1597 1492 meliora
1639 1426 2049 1505 edoceamur,
2096 1446 2243 1491 eam
2287 1448 2373 1490 ex
2415 1447 2601 1491 mera
2643 1427 3021 1493 coniectura
3065 1434 3291 1493 natam
3337 1425 3741 1493 habebimus.

967 1539 1409 1605 Accesserant
1463 1558 1660 1621 porro
1715 1538 1885 1605 duae
1941 1538 2281 1607 Calvini
2340 1538 2401 1602 Ε
2415 1538 2801 1620 pistolae,
2862 1539 3073 1604 altera
3117 1537 3312 1607 VIII.
3372 1537 3670 1616 brevior,
3727 1538 3871 1605 sine
3915 1540 4424 1623 subscriptione,
4485 1541 4696 1608 altera

654 1651 782 1719 IX.
828 1651 1026 1735 paulo
1068 1650 1343 1735 longior,
1392 1649 1546 1714 data
1589 1670 1645 1715 a.
1692 1650 1752 1714 d.
1806 1656 1901 1714 14.
1953 1649 2092 1715 Cal.
2141 1650 2267 1714 Iul.
2322 1654 2504 1714 1546.
2615 1651 2812 1716 Prior
2866 1649 2950 1715 ad
3005 1651 3292 1715 amicum
3344 1650 3675 1733 quendam
3734 1652 3982 1734 scripta
4025 1661 4126 1716 est
4175 1653 4289 1735 qui
4334 1672 4419 1717 ex
4464 1660 4693 1718 autore

654 1764 1029 1848 quaesierat
1070 1783 1231 1828 num
1277 1762 1529 1827 homini
1572 1763 1927 1829 christiano
1953 1762 2235 1846 patriam
2277 1759 2649 1845 relinquere
2692 1763 2904 1841 liceat,
2929 1771 3276 1846 propterea
3298 1760 3473 1845 quod
3502 1761 3639 1828 illic
3683 1783 4020 1828 sacrorum
4054 1771 4501 1830 conventuum
4520 1762 4692 1830 bono

652 1878 971 1960 privetur,
1029 1883 1097 1940 et
1138 1862 1320 1940 num'
1347 1873 1540 1953 idem,
1587 1873 1748 1939 dum
1791 1873 1871 1939 ab
1915 1872 2289 1939 idololatria
2332 1875 2649 1957 papistica
2692 1874 3035 1951 abstineat,
3082 1872 3337 1939 consilii
3379 1874 3484 1938 sui
3529 1874 3857 1940 rationem
3902 1875 4093 1941 obvio
4139 1875 4372 1958 cuique
4415 1874 4692 1944 reddere

656 1994 976 2054 teneatur.
1067 1987 1406 2053 Posterior
1450 1986 1535 2055 ad
1578 1985 1782 2053 alium
1823 1987 1935 2069 qui
1978 1987 2320 2068 Anonymi
2378 1987 2698 2069 scriptum
2748 1985 3081 2069 quoddam
3124 1985 3427 2062 miserat,
3486 1987 3822 2052 occasione
3879 1986 4034 2052 data
4076 1987 4531 2070 quaestionem
4573 2008 4690 2053 ex-

657 2099 840 2180 cutit,
889 2122 975 2165 au
1019 2099 1239 2165 missis
1283 2100 1598 2164 interesse
1640 2096 2045 2163 idololatriae
2087 2097 2177 2162 sit
2220 2097 2554 2179 professio.

964 2212 1051 2277 X.
1141 2212 1405 2295 Agmen
1460 2208 1709 2276 claudit
1751 2208 2270 2292 Responsum
2315 2209 2926 2294 Tigurinorum
2969 2214 3310 2291 pastorum
3369 2208 3428 2274 d.
3485 2213 3579 2272 17.
3626 2207 3803 2293 Iunii
3856 2214 4019 2274 1549
4081 2210 4185 2276 cui
4240 2209 4690 2292 praemittitur

652 2324 928 2409 epistola
967 2321 1340 2421 Bullingeri
1384 2321 1469 2387 ad
1513 2320 1864 2387 Calvinum
1914 2319 1976 2386 d.
2024 2318 2083 2384 d.
2133 2324 2232 2384 30.
2281 2317 2694 2403 Septembris
2737 2318 3030 2387 eiusdem
3073 2320 3248 2386 anni.

958 2434 1069 2499 En
1111 2433 1335 2512 habes,
1381 2431 1696 2499 benevole
1739 2431 1963 2510 lector,
2007 2431 2214 2497 totius
2256 2431 2630 2516 farraginis,
2676 2431 2760 2498 ad
2800 2453 3005 2497 unam
3047 2430 3455 2515 eandemque
3498 2432 3955 2514 quaestionem
3999 2431 4080 2498 de
4122 2430 4413 2501 vitandis
4457 2454 4688 2516 super-

650 2547 1028 2615 stitionibus
1071 2545 1469 2631 pertinentis
1483 2595 1499 2623 ,
1558 2551 1934 2609 accuratam
1989 2542 2510 2626 descriptionem.
2600 2543 2743 2611 Iam
2804 2543 2909 2609 his
2953 2544 3267 2626 expositis
3325 2544 3504 2626 ipsos
3559 2543 3759 2609 libros
3803 2544 3986 2628 typis
4029 2525 4334 2609 exaratos
4380 2564 4683 2610 recense-

649 2660 866 2727 bimus
910 2666 1231 2742 quotquot
1268 2657 1456 2723 nobis
1500 2677 1759 2722 summa
1802 2676 1962 2722 cura
2004 2655 2542 2738 conquirentibus
2588 2675 2731 2721 sese
2775 2653 3174 2722 obtulerunt.
3263 2655 3488 2737 Atque
3546 2652 3655 2721 hic
3698 2661 4077 2738 temporum
4119 2654 4419 2721 ordinem
4460 2677 4685 2740 presse

651 2771 911 2855 sequuti
965 2768 1221 2835 nullam
1277 2769 1455 2835 inter
1512 2766 1783 2852 gallicas
1840 2776 1908 2833 et
1959 2765 2199 2833 latinas
2245 2765 2566 2833 editiones
2622 2765 3118 2833 distinctionem
3161 2765 3504 2846 faciemus,
3561 2787 3766 2849 quum
3822 2765 4071 2850 singuli
4113 2765 4325 2832 libelli
4367 2787 4506 2833 non
4548 2788 4682 2834 uno

648 2903 949 2949 sermone
994 2880 1282 2963 primum
1326 2901 1555 2944 omues
1599 2879 1950 2962 conscripti
1993 2878 2255 2943 fuerint.

2645 3127 2698 3191 Ι.

958 3278 1328 3363 PETIT
1391 3276 1731 3361 TRAI—
1752 3277 1759 3390 Ι
1781 3290 1977 3371 ΟΤΕ,
2023 3288 2598 3357 MONSTRANT
2648 3289 2659 3375 Ι
2710 3297 2858 3367 QVE
2904 3298 3100 3354 c’EsT
3150 3299 3297 3366 QVE
3347 3299 3522 3355 Dorr
3576 3289 3587 3374 Ι
3645 3278 3856 3361 faire
3904 3308 4017 3362 vn
4055 3278 4395 3361 homme
4426 3278 4682 3364 fidele

647 3409 1098 3521 congnois-
1122 3405 1130 3520 Ι
1154 3419 1346 3491 sant
1405 3407 1494 3491 la
1553 3408 1822 3491 verite
1886 3409 1991 3491 de
2053 3405 2550 3517 l'euangile:
2633 3405 2919 3517 quand
2985 3411 2997 3518 Ι
3065 3406 3132 3489 il
3201 3417 3336 3489 est
3433 3418 3694 3490 entre·
3732 3406 3861 3491 les
3934 3407 4354 3519 papistes,
4432 3410 4682 3495 Auec

645 3570 809 3624 vne
880 3546 892 3651 Ι
962 3538 1313 3651 Epistre
1393 3538 1509 3619 du
1577 3566 1897 3620 mesme
1974 3545 2451 3647 argument.
2489 3537 2497 3653 Ι
2825 3548 2836 3633 Ι
2875 3547 3197 3631 Gompose
3237 3568 3361 3631 par
3403 3547 3495 3612 M.
3543 3546 3595 3612 Ι.
3646 3545 3956 3632 Galum]
4232 3560 4243 3632 Ι
4285 3561 4317 3613 3
4358 3560 4509 3630 Roys
4552 3553 4676 3635 is!

647 3671 1014 3778 Iusques
1104 3675 1154 3748 a
1231 3663 1517 3777 quand
1586 3665 2020 3749 clocherez
2079 3693 2291 3748 vous
2364 3672 2413 3746 a
2490 3669 2503 3774 Ι
2585 3665 2813 3747 deux
2906 3664 3243 3748 costez‘?
3369 3663 3464 3748 Si
3521 3664 3605 3746 le
3670 3661 4096 3775 Seigmeur
4180 3677 4315 3748 est
4384 3666 4676 3790 Dieu,‡

650 3826 969 3910 suyuez
1044 3795 1162 3878 le:
1240 3824 1351 3876 ou
1412 3793 1484 3875 si
1549 3792 1755 3876 c'est
1813 3793 2055 3901 Baal,
2130 3822 2447 3905 suyuez
2526 3793 2632 3876 le.
2703 3790 2715 3895 Ι
2785 3795 3020 3874 1543.

955 3937 1204 4002 Forma
1244 3935 1578 4001 octonaria
1630 3935 1925 4000 minima.
2018 3933 2508 4016 Quaterniones
2560 3954 2679 3999 sex
2729 3943 2797 3999 et
2849 3934 3226 4017 quinternio
3283 3954 3462 4000 unus
3507 3933 3805 4020 (A—G).
3897 3934 4197 4019 Paginae
4237 3934 4400 4002 falso
4444 3955 4678 4002 nume-

641 4058 825 4118 ratae
876 4054 1017 4126 125,
1060 4069 1266 4132 quum
1308 4046 1444 4113 sint
1492 4050 1633 4125 115,
1680 4048 1976 4113 numeris
2023 4049 2276 4111 90--99
2319 4045 2483 4112 vitio
2527 4066 2873 4129 operarum
2918 4045 3195 4112 omissis.
3262 4045 3519 4111 Ultima
3560 4065 3789 4126 vacua,
3834 4046 3997 4111 item
4043 4046 4399 4112 centesima
4439 4055 4677 4131 quarta

642 4163 721 4250 (s.
766 4161 986 4245 potius
1033 4161 1161 4240 94).
1253 4159 1602 4224 Tractatus
1645 4160 1785 4242 ipse
1830 4156 2178 4234 exhibetur
2232 4178 2378 4243 pag.
2422 4161 2675 4223 3-—103
2715 4157 2881 4243 (93),
2921 4157 3225 4241 Epistola
3264 4177 3412 4241 pag.
3468 4161 3823 4222 105—125.
3914 4155 4182 4223 Adsunt
4226 4180 4383 4243 ergo
4428 4179 4512 4225 ex
4557 4159 4675 4225 do-

638 4272 967 4343 cumentis
1014 4291 1216 4354 supra
1257 4270 1602 4337 recensitis
1646 4270 1698 4334 1.
1746 4276 1812 4336 et
1851 4269 1941 4335 II.
2032 4270 2264 4353 Neque
2306 4269 2627 4353 praefatio
2671 4291 2884 4352 neque
2929 4268 3319 4352 subscriptio
3365 4268 3552 4334 adest
3593 4268 3745 4334 ulla.

949 4382 1244 4449 Unicum
1299 4381 1497 4447 huius
1554 4381 1859 4447 editionis
1910 4382 2227 4465 principis
2281 4382 2622 4465 exemplar
2677 4381 2966 4465 reperire
3017 4379 3207 4446 nobis
3265 4381 3542 4465 contigit
3592 4381 3663 4444 in
3716 4379 4131 4449 bibliotheca}
4168 4381 4435 4466 publica
4485 4386 4672 4450 Lau·

642 4495 985 4573 saunensi,
1045 4493 1221 4578 quod
1278 4494 1659 4578 petentibus
1715 4514 1864 4560 cum
1919 4494 2395 4560 recentioribus
2471 4491 2942 4559 conferendum
2999 4492 3472 4558 humanissime
3526 4490 3847 4557 concessit
3901 4492 4030 4559 Vir
4082 4493 4234 4560 clar.
4282 4493 4432 4561 Gar.
4487 4495 4666 4562 Phil.

638 4611 751 4677 Du
796 4608 1009 4688 Mont,
1055 4605 1488 4673 bibliothecae
1530 4606 1931 4689 praefectus,
1990 4607 2094 4673 cui
2135 4604 2217 4671 de
2261 4603 2494 4672 studiis
2538 4605 2785 4671 nostris
2829 4603 3225 4671 calvinianis
3269 4610 3337 4668 et
3379 4602 3540 4668 alias
3586 4604 3830 4686 optime
3873 4606 4111 4670 merito
4156 4603 4407 4673 debitas
4448 4615 4672 4693 grates

639 4720 1015 4805 persolvere
1059 4719 1250 4786 nobis
1292 4716 1842 4785 iucundissimum
1886 4723 2003 4784 est.

2611 4975 2701 5042 H.

947 5124 1438 5211 EXOVSE
1501 5125 1671 5210 DE
1741 5133 1753 5238 Ι
1835 5138 2136 5205 IEHAN
2171 5139 2545 5220 OALVTN‚
2583 5140 2647 5205 A
2697 5139 2707 5222 Ι
2755 5143 3165 5203 Mnssmvns
3200 5143 3338 5199 Lus
3373 5143 3564 5200 mco·
3581 5134 3904 5221 mamitos,
3954 5158 4068 5202 sur
4101 5136 4168 5200 la
4200 5137 4638 5223 complainote
4647 5139 4664 5230 Ι

636 5252 831 5338 qu'ilz
873 5253 1019 5318 font
1061 5249 1143 5317 de
1187 5272 1262 5317 sa
1304 5257 1452 5336 trop
1505 5253 1514 5338 Ι
1554 5249 1798 5336 'grand’
1841 5251 2128 5336 rigueur.
2183 5253 2192 5334 Ι
2242 5258 2591 5328 (meleone.)
2651 5258 2848 5315 Amos
2892 5257 2958 5311 V.
3007 5247 3018 5331 Ι
3076 5245 3235 5314 odio
3295 5245 3638 5313 habuerunt
3694 5248 4132 5329 corripientem
4195 5250 4268 5315 in
4312 5255 4531 5331 porta,
4609 5255 4670 5317 et

636 5367 1038 5451 lo-lquemtem
1080 5368 1244 5431 recta
1284 5363 1631 5431 abominati
1670 5367 1836 5430 sunt.
1888 5365 1900 5446 Ι
1956 5367 2140 5429 1544.
