4999 6179
537 435 662 497 491

536 623 846 707 periores,
891 620 965 684 in
1007 640 1082 684 eo
1117 617 1316 702 longe
1355 615 1830 701 praecellimus,
1876 612 2048 699 quod
2084 635 2278 679 nemo
2322 611 2497 697 apud

539 730 661 774 nos
703 706 985 789 pastoris
1043 704 1260 770 locum
1302 709 1604 785 occupat,
1664 701 1778 784 qui
1831 722 2074 765 munus
2129 721 2264 764 non
2309 720 2496 764 exse-

537 801 795 879 quatur.
881 791 1084 856 Nulla
1137 789 1361 872 itaque
1415 787 1590 871 apud
1635 808 1757 853 nos
1812 786 2084 854 ecclesia
2139 787 2280 851 sine
2324 783 2497 851 ordi-

538 882 729 947 naria
771 878 958 944 verbi
1001 876 1128 942 Dei
1173 872 1653 959 praedicatione
1696 873 1954 939 visitur.

712 964 899 1030 Haec
958 982 1161 1046 quum
1228 959 1639 1026 adversarios
1698 958 1941 1042 pudeat
2011 979 2256 1040 negare
2308 955 2498 1039 (quid

540 1053 719 1118 enim
771 1051 847 1115 in
899 1057 1084 1113 tanta
1136 1047 1281 1113 1000
1341 1044 1644 1130 negando
1702 1043 2172 1128 proficerent?)
2232 1042 2312 1108 de
2355 1043 2499 1107 iure

586 1139 832 1203 rimum
889 1144 954 1199 et
1007 1141 1361 1217 potestate,
1413 1138 1642 1215 postea
1709 1131 1789 1196 de
1855 1129 2202 1195 ordinandi
2265 1130 2496 1204 forma,

539 1159 806 1308 litigant
868 1220 1228 1286 nobiscum.
1322 1217 1551 1283 Citant
1622 1222 1922 1283 vetustos
1990 1236 2302 1292 canones,
2387 1214 2502 1297 qui

541 1310 877 1394 episcopos
921 1317 990 1370 et
1030 1303 1280 1371 clerum
1336 1304 1489 1370 huic
1543 1305 1642 1368 rei
1684 1302 2094 1387 praeficiunt.
2182 1301 2503 1384 Allegant

539 1395 918 1463 continuam
966 1391 1462 1466 successionem,
1506 1409 1637 1473 qua
1692 1389 1816 1454 sibi
1862 1387 2027 1455 haec
2066 1393 2373 1472 potestas,
2418 1386 2501 1451 ab

537 1483 708 1565 ipsis
734 1500 941 1562 usque
973 1476 1304 1561 apostolis,
1351 1497 1471 1559 per
1501 1496 1741 1540 manus
1780 1476 1978 1539 fuerit
2016 1473 2273 1539 tradita.
2345 1472 2499 1537 Alio

537 1568 747 1652 igitur
797 1562 1169 1639 transferri,
1225 1562 1325 1627 fas
1379 1562 1581 1627 fuisse
1639 1569 1901 1646 negant.
1990 1561 2263 1627 Utinam
2321 1579 2496 1635 vero,

537 1673 739 1737 quam
774 1652 1022 1716 iactant
1057 1648 1565 1732 possessionem,
1611 1668 1730 1712 suo
1764 1646 2003 1712 merito
2050 1645 2495 1711 retinuissent.

538 1738 675 1805 Sed
732 1738 792 1803 si
844 1734 1310 1820 expendimus,
1380 1734 1669 1816 primum
1720 1754 1847 1816 quo
1910 1732 2141 1797 ordine
2190 1730 2325 1795 iam
2378 1751 2497 1813 per

540 1824 788 1907 aliquot
854 1822 1115 1888 saecula
1169 1817 1622 1903 provehantur
1676 1819 1960 1902 episcopi
2004 1818 2088 1882 ad
2137 1819 2307 1883 hanc
2353 1815 2497 1915 dig-

538 1911 847 1988 nitatem,
901 1919 1045 1973 tum
1092 1905 1379 1990 qualiter
1432 1907 1500 1969 in
1547 1926 1627 1970 ea
1671 1925 1742 1971 se
1785 1911 2053 1988 gerant,
2113 1911 2255 1968 tum
2295 1911 2496 1967 etiam

537 1996 767 2080 quales
811 2015 1033 2061 creare
1088 1992 1369 2070 soleant,
1425 1991 1664 2073 quibus
1721 1990 2137 2056 committant
2192 1988 2495 2055 ecclesia·

538 2103 689 2148 rum
732 2078 1205 2165 gubernacula,
1253 2075 1621 2143 videbimus
1664 2077 1870 2156 illam,
1917 2097 2047 2159 qua
2089 2075 2496 2158 superbiunt,

542 2167 1017 2235 successionem
1073 2163 1462 2246 iampridem
1506 2162 1937 2229 intercidisse.
2028 2162 2221 2240 Eius,
2269 2161 2383 2244 qui
2417 2158 2503 2224 ad

540 2254 990 2337 episcopatum
1034 2250 1145 2318 vel
1185 2249 1672 2336 presbyterium
1713 2247 2129 2331 recipiendus
2184 2254 2304 2326 est,
2352 2256 2501 2311 tum

542 2339 936 2416 doctrinam,
998 2347 1139 2401 tum
1181 2336 1388 2401 vitam
1436 2335 1621 2419 prius
1664 2336 1838 2400 iusto
1892 2335 2197 2398 examine
2238 2331 2502 2417 probari

540 2426 780 2492 volunt
824 2423 1076 2506 antiqui
1118 2442 1424 2488 canones.
1507 2422 1753 2486 Exstat
1810 2421 1984 2486 inter
2042 2429 2189 2485 acta
2243 2418 2503 2485 concilii

542 2511 818 2578 africani
861 2509 1078 2592 quarti
1123 2507 1205 2573 de
1257 2507 1382 2573 1100
1426 2528 1499 2572 10
1555 2506 1962 2572 luculentum
2016 2503 2497 2572 documentum.

539 2599 751 2664 Porro
796 2596 965 2674 eius,
1021 2595 1131 2678 qui
1188 2615 1228 2658 a
1279 2592 1455 2657 clero
1500 2594 1876 2659 nominatus
1933 2601 2109 2658 esset
2163 2591 2272 2658 vel
2314 2611 2502 2657 recu-

542 2681 733 2749 sandi
788 2681 895 2747 vel
953 2677 1361 2763 approbandi
1417 2677 1764 2744 arbitrium
1816 2699 2021 2763 penes
2075 2678 2389 2761 populum
2435 2683 2506 2741 et

540 2769 1009 2851 magistratum
1051 2772 1223 2831 erat:
1281 2786 1367 2829 ne
1410 2768 1559 2844 [pag.
1598 2769 1708 2844 64]
1760 2767 1905 2847 quis
1947 2765 2176 2830 invitis
2221 2772 2338 2830 aut
2369 2784 2505 2828 non

541 2850 1104 2922 consentientibus
1159 2848 1642 2920 obtruderetur.
1733 2850 1871 2932 Qui
1923 2853 2349 2935 praefuturus
2405 2856 2508 2914 est

543 2937 868 3017 omnibus,
912 2938 1130 3021 inquit
1171 2937 1313 3003 Leo
1355 2937 1632 3019 epistola
1667 2942 1789 3017 90„
1837 2937 1918 3003 ab
1964 2937 2264 3003 omnibus
2302 2936 2506 3019 eliga-

541 3033 669 3093 tur.
761 3022 897 3108 Qui
954 3024 1132 3091 enim
1183 3023 1450 3108 ignotus
1508 3034 1575 3089 et
1629 3044 1764 3091 non
1807 3023 2226 3089 examinatus
2266 3021 2507 3109 praefi-

542 3113 748 3192 citur,
813 3131 1079 3177 necesse
1125 3117 1254 3188 est,
1323 3117 1403 3175 ut
1454 3132 1576 3195 per
1629 3112 1770 3177 vim
1825 3110 2221 3176 intrudatur.
2310 3110 2504 3187 Item,

541 3197 820 3282 epistola
876 3201 1012 3263 87.:
1080 3198 1419 3263 rI'eneatur
1490 3198 1962 3264 honoratorum
2035 3197 2506 3275 testimonium,

541 3285 934 3367 subscriptio
975 3282 1394 3364 clericorum,
1439 3282 1687 3351 ordinis
1730 3306 2090 3352 consensus
2132 3290 2326 3367 atque
2369 3282 2510 3366 ple-

539 3371 662 3438 bis.
751 3370 971 3436 Aliter
1010 3369 1159 3435 fieri
1201 3369 1390 3435 nulla
1441 3372 1612 3437 ratio
1655 3372 1828 3437 sinit.
1918 3371 2066 3438 Hoc
2107 3369 2327 3454 ipsum
2370 3368 2509 3453 Gy-

541 3458 816 3543 prianus
861 3476 1116 3540 quoque
1131 3506 1148 3534 ,
1194 3462 1261 3520 et
1302 3455 1565 3539 quidem
1610 3456 2095 3536 vehementius,
2141 3455 2508 3523 contendit:

542 3543 773 3611 divina
816 3542 1171 3609 autoritate
1214 3543 1544 3608 sancitum
1587 3565 1730 3610 esse
1773 3545 2132 3622 affirmans,
2177 3552 2253 3607 ut
2295 3561 2511 3608 sacer-

544 3630 690 3707 dos,
734 3628 928 3712 plebe
968 3634 1348 3712 praesente,
1395 3630 1518 3695 sub
1563 3631 1858 3696 omnium
1903 3628 2111 3697 oculis
2155 3628 2513 3714 deligatur:

542 3723 620 3782 ut
662 3715 905 3800 dignus
947 3721 1016 3779 et
1057 3713 1334 3781 idoneus
1378 3717 1674 3781 omnium
1719 3716 2090 3781 testimonio
2133 3715 2511 3798 comprobe-

542 3811 671 3869 tur.
758 3801 1114 3884 Tantisper
1158 3800 1346 3866 stetit
1404 3799 1568 3868 haec
1622 3800 2000 3885 disciplina,
2058 3800 2218 3866 dum
2271 3800 2509 3866 tolera-

542 3889 694 3955 bilis
770 3886 897 3953 fuit
962 3886 1276 3954 ecclesiae
1342 3894 1572 3954 status.
1662 3885 2004 3971 Siquidem
2060 3887 2294 3971 plenae
2354 3895 2510 3955 sunt

542 3974 852 4059 Gregorii
895 3972 1212 4057 epistolae
1256 3972 1678 4048 testimoniis,
1737 3994 1901 4057 quae
1941 3973 2057 4040 illa
2100 3981 2313 4040 aetate
2359 3973 2508 4040 dili-

541 4070 772 4146 genter
812 4060 1015 4126 fuisse
1058 4059 1477 4126 observatam
1521 4058 1898 4127 ostendunt.

714 4145 1288 4227 Quemadmodum
1342 4144 1617 4212 docendi
1670 4146 2133 4213 necessitatem
2187 4147 2509 4232 episcopis

540 4231 846 4299 omnibus
887 4233 1175 4331 iniungit
1222 4232 1498 4315 spiritus
1552 4238 1819 4299 sanctus
1869 4232 1942 4298 in
1986 4232 2354 4317 scripturis,
2411 4234 2509 4299 ita

543 4318 760 4385 simile
811 4325 1106 4401 portenti
1164 4318 1464 4385 habitum
1518 4318 1753 4385 fuisset
1805 4318 1878 4383 in
1941 4319 2156 4385 veteri
2213 4319 2507 4399 ecclesia,

542 4405 921 4490 episcopum
976 4404 1338 4485 nominari,
1406 4406 1519 4489 qui
1573 4427 1709 4471 non
1772 4405 1970 4472 simul
2034 4414 2366 4490 pastorem
2434 4427 2506 4472 se

540 4490 843 4558 doctrina
884 4489 1248 4556 exhiberet.
1338 4491 1571 4575 Neque
1614 4491 1746 4558 alia
1786 4490 2160 4559 conditione
2201 4492 2274 4557 in
2316 4491 2505 4557 illum

540 4576 822 4663 gradum
865 4574 1363 4660 recipiebantur.
1436 4576 1691 4643 Eadem
1733 4579 1806 4643 in
1838 4579 2262 4664 presbyteris,
2307 4585 2507 4662 prout

542 4674 760 4730 certae
803 4685 845 4748 q
899 4664 912 4677 ‘
998 4685 1081 4729 ue
1115 4663 1469 4748 parochiae
1506 4663 1976 4743 destinabatur,
2015 4664 2184 4730 ratio
2218 4663 2498 4732 valebat.

541 4750 722 4816 Hinc
773 4749 890 4815 illa
989 4756 1238 4816 ecreta:
1296 4750 1358 4815 N
1363 4771 1400 4815 e
1456 4749 1895 4817 saecularibus
1948 4751 2230 4836 negotiis
2282 4751 2502 4836 impli-

542 4841 806 4916 centur;
847 4856 935 4900 ne
968 4835 1230 4920 longius
1273 4855 1315 4900 a
1356 4856 1480 4902 sua
1514 4836 1786 4902 ecclesia
1827 4845 2215 4917 excurrant;
2260 4860 2345 4905 ne
2389 4837 2503 4904 diu

542 4920 777 4988 absint.
864 4921 1014 4987 Iam
1056 4921 1142 4988 ad
1184 4921 1627 4989 ordinandum
1670 4924 2081 5008 episcopum,
2138 4932 2217 4990 ut
2259 4946 2501 4992 conve-

540 5007 763 5073 nirent
806 5026 890 5073 ex
934 5014 1074 5073 tota
1114 5010 1456 5093 provincia
1498 5010 1610 5076 alii
1653 5011 1955 5094 episcopi,
2000 5012 2327 5077 sancitum
2360 5017 2506 5077 erat

541 5092 822 5160 decretis
898 5094 1343 5180 synodalibus.
1436 5095 1628 5180 Quod
1695 5096 1752 5161 si
1817 5096 2158 5163 commode
2220 5097 2292 5162 id
2357 5096 2505 5162 fieri

540 5201 676 5246 non
717 5188 965 5264 posset,
1020 5201 1105 5248 00
1159 5182 1395 5250 saltem
1450 5185 1672 5250 minus
1725 5203 1926 5266 quam
1985 5190 2120 5249 tres
2176 5181 2499 5248 adessent.

540 5265 751 5350 quue
792 5267 868 5334 in
908 5289 1063 5334 eum
1103 5269 1334 5351 finem,
1382 5292 1470 5337 00
1512 5269 1663 5353 0010
1707 5276 1824 5335 aut
1866 5290 1985 5353 per
2026 5268 2390 5335 tumultum
2431 5290 2504 5336 se

539 5352 887 5439 ingereret,
925 5359 1075 5435 [pag.
1104 5360 1213 5435 65]
1248 5364 1366 5423 aut
1398 5357 1630 5423 furtim
1664 5356 2027 5440 obreperet,
2072 5362 2188 5422 aut
2220 5355 2505 5440 obliquis

2149 424 2279 491 DE
2323 416 2966 489 NECESSITATE

4439 423 4565 486 492

2603 609 2855 674 artibus
2922 630 2994 674 se
3069 609 3462 676 insinuaret.
3550 611 3635 676 In
3759 610 4087 697 resbyteri
4159 608 4567 678 ordinatione

2602 696 2944 777 episcopus
2977 716 3247 761 suorum
3267 695 3543 780 quisque
3574 718 3725 780 pres
3768 705 4110 781 yterorum
4144 698 4490 763 concilium
4513 698 4565 783 ¹)

2603 780 2974 847 adhibebat.
3044 781 3251 860 Haec,
3296 803 3466 864 quae
3508 783 3581 847 in
3625 782 4067 867 disputatione
4108 783 4369 868 longius
4413 806 4567 850 nar-

2605 868 2737 931 rari
2782 875 2849 931 et
2887 868 3256 934 accuratius
3299 868 3679 934 confirmari
3720 878 4005 952 possent,
4051 868 4265 935 obiter
4306 877 4568 936 tautum

2602 952 2713 1018 hic
2755 973 3224 1019 commemoro:
3270 955 3425 1038 quia
3466 954 3621 1020 inde
3662 955 3955 1022 iudicare
3993 963 4374 1040 promptum
4417 958 4564 1037 erit,

2605 1053 2926 1121 quantum
2967 1039 3212 1105 habere
3247 1038 3484 1106 debeat
3516 1043 3834 1107 momenti
3878 1042 4005 1122 hic,
4051 1063 4246 1124 quem
4279 1043 4567 1128 episcopi

2604 1125 2813 1191 nostri
2872 1125 2956 1190 ad
3012 1126 3549 1210 perstringendos
3608 1126 3828 1194 000100
3893 1127 4252 1208 obiectant,
4320 1150 4570 1196 succes-

2606 1212 2811 1276 sionis
2855 1213 3093 1276 fumus.
3679 1218 3682 1222 ’

2776 1298 2975 1363 Hanc
3048 1296 3172 1362 sibi
3248 1297 3730 1363 haereditatem
3817 1298 4115 1365 relictam
4198 1321 4242 1364 a
4312 1299 4567 1366 Christi

2607 1383 2917 1466 apostolis
2961 1383 3162 1449 fuisse
3205 1392 3532 1465 asserunt,
3577 1391 3657 1449 ut
3689 1384 3980 1452 ecclesiis
4025 1387 4145 1451 soli
4186 1387 4571 1469 praeficiant

2605 1490 2768 1552 quos
2806 1469 3042 1534 velint:
3092 1477 3159 1533 et
3192 1490 3331 1546 nos,
3377 1471 3532 1553 quia
3570 1481 3835 1554 praeter
3871 1491 4102 1536 eorum
4138 1472 4567 1539 autoritatem

2607 1556 2966 1639 fungamur
3024 1556 3417 1635 ministerio,
3472 1557 3543 1621 in
3599 1577 3788 1622 suam
3843 1558 4317 1640 possessionem
4362 1558 4567 1626 sacri—

2604 1641 2753 1725 lega
2798 1641 3167 1707 temeritate
3211 1641 3533 1708 invasisse
3577 1651 4085 1725 conqueruntur.
4176 1644 4371 1710 Unde
4412 1665 4568 1728 pro-

2603 1726 2804 1792 bant?
2897 1725 3075 1807 Quia
3116 1728 3429 1793 continuo
3472 1735 3701 1793 tenore
3757 1729 4068 1812 apostolis
4113 1731 4566 1797 successerint.

2603 1812 2861 1877 Verum
2904 1833 2991 1877 an
3032 1812 3100 1878 id
3146 1813 3308 1878 satis
3352 1821 3480 1892 est,
3526 1815 3641 1879 ubi
3683 1814 3937 1899 reliqua
3976 1817 4199 1882 omnia
4236 1823 4396 1882 sunt
4435 1816 4570 1882 dis—

2604 1898 2886 1970 similia?
2976 1897 3361 1964 Ridiculum
3400 1898 3470 1964 id
3515 1899 3779 1983 quidem
3823 1899 4000 1967 dictu
4040 1901 4227 1968 foret.
4317 1901 4571 1968 Dicunt

2605 1997 2844 2050 tamen.
2933 1985 3020 2050 In
3071 1986 3232 2068 ipsis
3277 1984 3597 2071 eligendis
3646 1987 3834 2051 nulla
3876 2009 4090 2071 neque
4135 1989 4313 2054 vitae
4355 2009 4570 2071 neque

2606 2070 2938 2136 doctrinae
2989 2070 3273 2136 habetur
3325 2073 3511 2138 ratio.
3600 2072 3856 2156 Populo
3926 2082 4152 2158 erepta
4217 2074 4568 2160 suffragio-

2605 2178 2755 2222 rum
2799 2156 3085 2223 libertas.
3175 2156 3357 2238 Quin
3392 2158 3612 2237 etiam,
3654 2157 3917 2226 excluso
3959 2159 4212 2243 reliquo
4246 2160 4438 2240 clero,
4482 2161 4570 2228 ad

2606 2264 2677 2308 00
2743 2243 3039 2310 00000101
3094 2251 3301 2309 totam
3363 2251 3754 2327 potestatem
3823 2254 4189 2311 traxerunt.
4280 2245 4568 2312 Ordina-

2604 2329 2854 2394 tionem
2888 2349 3144 2413 quoque
3179 2351 3490 2397 romanus
3524 2329 3820 2414 pontifex
3855 2331 4363 2414 provincialibus
4397 2334 4568 2416 epis-

2604 2415 2783 2499 copis
2823 2425 3117 2498 creptam
3161 2416 3284 2482 soli
3338 2416 3461 2482 sibi
3506 2423 3788 2502 arrogat.
3876 2417 4024 2483 Iam
4060 2420 4247 2502 quasi
4290 2418 4376 2485 ad
4417 2440 4569 2502 pro-

2605 2502 2829 2567 fanam
2852 2501 3364 2567 dominationem
3397 2504 3602 2568 creati
3637 2504 3870 2584 forent,
3907 2503 4076 2568 nihil
4111 2505 4332 2571 minus
4368 2526 4570 2589 quam

2608 2585 2688 2653 de
2730 2588 3017 2672 gerendo
3060 2589 3441 2673 episcopatu
3485 2589 3795 2674 cogitant.
3881 2589 4189 2675 Denique
4223 2612 4425 2675 quum
4467 2593 4570 2658 vi·

2609 2674 2843 2740 deatur
2885 2676 3057 2739 facta
3098 2676 3275 2740 inter
3316 2695 3427 2741 eos
3470 2676 3887 2760 conspiratiO,
3934 2698 4019 2742 ne
4061 2677 4218 2759 quid
4263 2678 4371 2745 vel
4415 2699 4570 2744 cum

2609 2759 2921 2845 apostolis
2964 2759 3071 2825 vel
3115 2782 3265 2826 cum
3309 2763 3557 2828 sanctis
3590 2761 3903 2829 ecclesiae
3947 2764 4244 2845 patribus
4278 2764 4572 2830 habeant

2610 2846 2856 2925 simile,
2912 2846 3092 2913 hunc
3135 2847 3354 2912 solum
3410 2848 3696 2913 colorem
3739 2849 4143 2929 obtendunt,
4203 2850 4377 2932 quod
4417 2873 4571 2935 per·
4676 2861 4687 2872 '

2610 2939 2809 3017 petua
2851 2934 3022 3000 serie
3065 2934 3147 2999 ab
3191 2932 3326 2998 illis
3371 2933 3851 3000 descenderint.
3943 2934 4152 3016 Quasi
4194 2957 4352 3004 vero
4395 2935 4573 3006 hanc

2609 3019 2825 3106 legem
2878 3024 3027 3100 [pag.
3070 3024 3178 3101 66]
3234 3019 3586 3105 aliquando
3629 3021 3857 3087 tulerit
3899 3021 4237 3104 Christus,
4293 3030 4371 3089 ut
4410 3043 4571 3109 qua-

2609 3107 2970 3190 lescunque
3022 3106 3232 3173 futuri
3275 3116 3524 3187 essent,
3581 3110 3696 3192 qui
3739 3116 4123 3194 praeessent
4164 3132 4324 3178 suae
4367 3111 4574 3177 00010-

2612 3195 2746 3260 0100
2762 3244 2779 3273 ,
2831 3213 2953 3277 pro
2996 3192 3305 3279 apostolis
3349 3202 3893 3280 agnoscerentur:
3951 3204 4067 3262 aut
4107 3198 4296 3279 quasi
4337 3197 4574 3265 haere·

2612 3280 2850 3346 ditaria
2893 3280 3114 3364 aliqua
3168 3281 3258 3347 sit
3298 3281 3652 3365 possessi0,
3708 3302 3875 3365 quae
3918 3282 4001 3348 ad
4044 3282 4355 3369 indignos
4371 3336 4388 3365 ,
4432 3304 4576 3352 non

2611 3367 2831 3432 minus
2874 3388 3073 3451 quam
3115 3367 3202 3433 ad
3241 3366 3492 3453 dignos,
3537 3375 3849 3434 transeat.
3936 3368 4131 3435 Adde
4164 3370 4355 3453 quod,
4400 3372 4578 3439 sicut

2615 3453 2696 3518 de
2738 3453 3020 3520 Milesiis
3064 3452 3334 3534 dicitur,
3380 3456 3558 3521 inter
3599 3475 3710 3522 eos
3752 3463 4021 3521 cautum
4066 3464 4196 3536 est,
4240 3480 4327 3524 ne
4371 3480 4575 3541 quem

2613 3541 2880 3606 omnino
2931 3541 3180 3607 bonum
3220 3541 3293 3606 in
3346 3548 3604 3608 coetum
3657 3563 3853 3607 suum
3905 3542 4280 3624 admittant,
4335 3551 4467 3624 aut,
4512 3544 4575 3612 si

2610 3627 2780 3692 forte
2821 3648 2941 3712 per
2982 3648 3272 3693 errorem
3326 3627 3744 3709 admiserint,
3798 3630 4033 3696 ferant.
4120 3631 4226 3697 De
4267 3631 4575 3698 multitu-

2613 3712 2767 3779 dine
2807 3713 3056 3798 loquor.
3127 3713 3303 3779 Nam
3339 3736 3582 3799 paucos
3621 3736 3759 3781 non
3791 3737 3963 3801 nego
3996 3716 4174 3783 inter
4213 3737 4328 3784 eos
4369 3717 4580 3786 bonos

2612 3820 2774 3866 esse.
2866 3802 2959 3866 At
3007 3800 3115 3865 vel
3157 3808 3343 3867 metu
3386 3802 3602 3881 silent,
3638 3801 3747 3869 vel
3788 3824 3924 3868 non
3967 3803 4344 3870 audiuntur.
4434 3802 4577 3887 Qui

2612 3907 2768 3972 ergo
2824 3885 3074 3953 Ohristi
3128 3886 3494 3953 doctrinam
3552 3895 4040 3973 persequuntur
4080 3891 4255 3955 ferro
4298 3897 4366 3956 et
4406 3892 4574 3975 igni,

2613 3973 2728 4058 qui
2777 3973 3113 4040 neminem
3165 3973 3438 4058 impune
3495 3974 3749 4041 sincere
3803 3974 3986 4060 loqui
4035 3974 4115 4041 de
4158 3976 4425 4043 Christo
4478 3977 4571 4043 si-

2611 4066 2803 4139 nunt,
2848 4059 2962 4144 qui
2988 4061 3286 4126 veritatis
3307 4079 3573 4126 cursum
3599 4060 3972 4144 impediunt
4014 4062 4248 4147 quibus
4289 4069 4573 4147 possunt

2610 4145 2855 4225 modis,
2909 4145 3025 4230 qui
3078 4146 3336 4212 fortiter
3387 4147 3708 4213 resistunt
3765 4169 3851 4213 00
3901 4148 4177 4215 ecclesia
4231 4170 4427 4233 quam
4470 4149 4572 4215 af·

2610 4234 2929 4298 flixerunt
2980 4252 3051 4298 se
3090 4232 3335 4297 iterum
3375 4235 3618 4318 erigat,
3677 4234 3791 4318 qui
3830 4252 4250 4319 quoscunque
4290 4235 4456 4302 bene
4496 4242 4573 4302 et

2608 4319 2719 4402 pie
2761 4319 3006 4384 sentire
3049 4316 3131 4384 de
3174 4318 3486 4385 ecclesiae
3541 4320 3753 4386 salute
3795 4321 4218 4404 suspicantur
4257 4328 4486 4387 arcent
4526 4343 4574 4390 a

2610 4404 3039 4484 10101010110ἰ
3072 4405 3181 4471 vel
3232 4406 3288 4470 si
3342 4406 3479 4470 iam
3531 4407 3780 4489 recepti
3832 4407 3968 4475 sint
4029 4406 4417 4474 extrudunt:
4482 4408 4570 4476 ab

2608 4491 2740 4558 illis
2791 4490 3039 4558 scilicet
3081 4491 3600 4575 exspectandum
3639 4499 3813 4572 erat,
3869 4492 4028 4559 dum
4069 4494 4298 4560 fideles
4335 4494 4569 4563 minis-

2609 4586 2773 4659 tros,
2841 4578 2954 4662 qui
3009 4577 3329 4661 populum
3388 4578 3460 4642 in
3516 4577 3835 4662 religione
3900 4600 4063 4662 pure
4123 4578 4569 4663 instituerent,

2606 4664 2732 4750 ipsi
2776 4665 2848 4730 in
2889 4664 3103 4729 officio
3148 4662 3543 4730 collocarent
3575 4665 3712 4731 suis
3753 4664 4074 4731 manibus.

2776 4752 2873 4816 At
2922 4771 3125 4833 quum
3180 4749 3326 4816 vice
3377 4749 3709 4833 proverbii
3766 4751 4017 4818 usitata
4079 4753 4168 4819 sit
4220 4753 4396 4818 inter
4448 4773 4567 4822 eos

2608 4836 2920 4922 Gregorii
2963 4835 3304 4915 sententia,
3348 4837 3769 4922 privilegium
3811 4837 4053 4905 mereri
4086 4839 4406 4919 amittere,
4448 4840 4571 4922 qui

2604 4922 2954 5007 privilegio
2999 4921 3393 5004 abutuntur,
3449 4931 3569 4989 aut
3599 4944 3870 5007 prorsus
3912 4924 4023 4990 alii
4068 4926 4232 5006 sint,
4284 4933 4357 4993 et
4398 4925 4568 4994 alios

2746 5230 2804 5299 1)
2844 5229 2939 5286 Sic
2982 5231 3149 5287 latim·
3180 5232 3313 5287 libri
3355 5247 3554 5287 omnes.
3632 5231 3831 5289 Gallus
3875 5238 4058 5288 tamen
4094 5236 4284 5290 vertit.-
4320 5235 4567 5292 01100000

2606 5300 2859 5371 Evesque
2907 5301 3176 5383 appelloit
3221 5308 3601 5425 semi-ostrea
3648 5318 3789 5373 pour
3830 5319 3960 5360 uscr
4003 5303 4072 5359 dc
4107 5303 4229 5360 leur
4274 5305 4568 5372 conseil,

2606 5369 2756 5441 quod
2789 5386 3012 5425 omnmo
3038 5369 3273 5440 praefer
3380 5387 3472 5426 um
3504 5371 3737 5427 vadatur.
