4999 6179
399 454 527 519 31⁷

399 642 564 721 Imo,
609 642 827 725 inquit
859 643 989 724 ille,
1032 666 1073 711 a
1107 643 1397 711 Domino
1432 644 1789 728 petendum
1826 651 1944 721 est,
1983 652 2059 709 ut
2099 649 2365 710 tantum

400 730 706 808 velimuS‚
744 743 1066 812 quantum
1100 733 1362 810 sufficit,
1399 740 1476 797 ut
1496 730 1779 799 volendo
1816 731 2152 798 faciamus.
2200 731 2362 796 Oer-

402 827 543 880 tum
586 814 855 898 quidem
893 824 1024 897 est,
1067 838 1192 883 nos
1235 818 1408 885 velle
1450 838 1654 902 quum
1697 817 2035 882 volumus:
2090 815 2206 882 sed
2251 815 2363 881 ille

399 902 572 980 facit,
619 907 698 967 ut
740 901 1022 967 velimus
1066 905 1330 969 bonum.
1423 903 1701 969 Certum
1744 901 2007 986 quidem
2053 911 2182 982 est,
2240 923 2363 968 nos

401 990 612 1053 facere
679 1009 883 1070 quum
945 989 1254 1056 facimus:
1324 989 1440 1055 sed
1505 996 1584 1054 ut
1624 990 1969 1066 faciamus,
2025 987 2138 1053 ille
2181 989 2358 1067 facit,

400 1073 774 1158 praebendo
817 1075 993 1140 vires
1034 1075 1520 1143 efficacissimas
1554 1074 1913 1155 voluntati;
1959 1075 2130 1140 sicut
2171 1072 2358 1141 dicit:

399 1160 672 1226 Faciam
726 1166 803 1224 ιιι
853 1162 925 1225 in
981 1164 1351 1245 praeceptis
1395 1163 1563 1227 meis
1619 1160 1987 1226 ambuletis.
2079 1158 2213 1226 Sed
2260 1168 2359 1224 ta-

397 1268 569 1326 men,
617 1245 790 1312 dicet
833 1248 1180 1330 quispiam,
1225 1270 1348 1313 nos
1391 1254 1658 1330 accepta
1698 1247 1914 1330 prima
1955 1248 2173 1331 gratia
2210 1247 2359 1311 Deo

400 1331 764 1416 cooperari,
811 1333 1059 1418 inquit:
1099 1334 1148 1416 ¹)
1202 1354 1440 1417 nempe
1458 1385 1473 1410 ‚
1531 1334 1690 1416 quia
1728 1342 1957 1399 nostra
1999 1342 2130 1410 est,
2188 1352 2359 1414 quae

401 1419 670 1503 spiritus
718 1421 928 1485 sancti
969 1420 1219 1485 virtute
1262 1420 1395 1485 iam
1441 1419 1612 1484 bona
1653 1420 1828 1485 facta
1861 1426 1979 1497 est,
2023 1420 2355 1496 voluntas,

400 1514 469 1570 et
508 1526 629 1589 per
669 1526 817 1570 eam
863 1524 985 1571 nos
1028 1506 1285 1589 agimus
1329 1505 1460 1570 acti
1501 1506 1688 1589 prius
1723 1526 1764 1571 a
1805 1506 1972 1584 Deo,
2017 1504 2188 1569 nihil
2232 1504 2358 1568 mi-

398 1612 566 1669 rum,
613 1592 670 1655 si
711 1588 903 1656 nobis
945 1610 1101 1673 pars
1145 1592 1419 1657 actionis
1461 1591 1794 1659 tribuitur.
1860 1590 2152 1657 Proinde
2198 1589 2358 1653 dum

398 1674 748 1754 concludit,
794 1674 1016 1740 Deum
1057 1675 1363 1743 fidelibus
1404 1676 1818 1742 redditurum
1862 1676 2037 1755 dicit,
2083 1684 2151 1741 et
2185 1676 2358 1741 bona

397 1784 518 1848 pro
560 1761 785 1840 malis,
831 1761 953 1827 hoc
997 1768 1129 1841 est,
1179 1763 1462 1846 gratiam
1507 1784 1627 1846 pro
1669 1762 2026 1828 iniustitia:
2076 1769 2143 1826 et
2184 1761 2357 1826 bona

397 1870 517 1933 pro
560 1847 750 1914 bonis
770 1899 784 1924 ,
829 1846 899 1912 id
942 1854 1070 1927 est,
1211 1849 1417 1914 atiam
1460 1869 1580 1931 pro
1622 1850 1853 1932 gratia.
1943 1848 2075 1914 Hic
2114 1846 2357 1913 intelli-

398 1937 646 2021 gimus,
714 1933 871 2017 quid
926 1933 1040 2012 sit,
1179 1955 1331 1999 eum
1385 1936 1526 1999 sine
1579 1934 1769 2000 nobis
1828 1955 2051 2018 agere:
2121 1953 2357 2015 nempe

399 2042 606 2104 quum
645 2040 732 2085 ex
774 2018 1103 2102 lapidibus
1147 2018 1462 2087 Abrahae
1503 2020 1674 2085 filios
1716 2020 1905 2099 facit,
1963 2026 2030 2083 et
2071 2026 2356 2085 resectos

397 2129 482 2173 ex
539 2106 851 2189 sylvestri
904 2125 980 2171 ac
1033 2106 1444 2172 infructuosa
1507 2106 1651 2171 olea
1714 2105 2014 2172 surculos
2071 2106 2142 2169 in
2208 2105 2355 2187 pin-

397 2213 596 2277 guem
664 2213 740 2257 ac
810 2190 1202 2258 foecundam
1277 2191 1488 2257 oleam
1565 2191 1817 2256 inserit.
1929 2190 2119 2255 Nihil
2176 2189 2356 2255 enim

395 2278 532 2344 illic
575 2285 678 2343 εει
719 2285 1041 2343 nostrum.
1132 2277 1312 2358 Quid
1355 2277 1592 2343 deinde
1635 2277 1967 2361 significet
2009 2276 2356 2342 nobiscum

395 2385 624 2450 agere:
670 2384 927 2445 nempe,
973 2363 1132 2428 dum
1166 2363 1368 2443 illam,
1415 2385 1611 2447 quam
1649 2361 1838 2428 nobis
1873 2362 2170 2439 contulit,
2217 2363 2354 2427 vir-

394 2458 608 2516 tutem
664 2456 980 2534 perpetuo
1036 2450 1266 2514 auxilii
1321 2451 1426 2517 sui
1481 2457 1707 2515 tenore
1753 2445 2052 2527 adiuvat,
2094 2468 2354 2532 promo-

394 2544 525 2617 vet,
570 2537 917 2602 confirmat
936 2547 1080 2600 tum
1103 2534 1186 2600 ad
1224 2538 1541 2619 cuiusque
1576 2535 1793 2618 operis
1832 2534 2161 2612 effectum,
2207 2542 2354 2597 tum

396 2623 482 2688 ad
536 2621 839 2688 ultimam
896 2623 1073 2688 vitae
1128 2622 1711 2704 perseverantiam.
1803 2620 1933 2686 Vel
1987 2621 2043 2686 si
2087 2619 2354 2703 elegan—

393 2720 531 2775 tem
573 2708 762 2773 illam
817 2708 1014 2772 Pauli
1069 2707 1572 2773 similitudinem
1616 2708 1838 2792 (Rom.
1886 2711 1982 2785 ll,
2028 2708 2136 2791 17)
2194 2707 2355 2770 reti-

393 2815 553 2860 nere
588 2794 808 2873 libeat,
855 2793 1013 2858 dum
1050 2795 1246 2873 oleas,
1284 2794 1417 2859 iam
1454 2793 1540 2858 ad
1573 2791 2091 2861 foecunditatem
2125 2793 2353 2870 factas,

395 2881 662 2947 coelesti
727 2879 944 2944 calore
1009 2900 1128 2945 suo
1193 2887 1489 2965 vegetat,
1570 2900 1720 2945 rore
1784 2879 2122 2945 humectat
2140 2929 2156 2957 ,
2229 2898 2356 2960 quo

394 2967 685 3032 fructum
726 2966 960 3030 ferant.
1050 2966 1144 3030 Et
1198 2974 1377 3030 certe
1419 2966 1492 3030 in
1536 2966 1662 3031 hac
1707 2962 2169 3042 similitudine,
2216 2985 2355 3029 om-

395 3053 584 3118 nium
640 3049 865 3135 Pighii
925 3050 1422 3117 cavillationum
1484 3051 1691 3117 facilis
1759 3060 1861 3117 est
1914 3072 1989 3117 ac
2046 3048 2356 3134 expedita

397 3145 546 3219 [pag.
586 3152 613 3201 1
632 3140 736 3217 18]
781 3136 1034 3202 soluti0.
1124 3134 1416 3203 Oleastri
1456 3144 1699 3203 natura
1742 3159 2004 3217 sumus,
2052 3136 2248 3201 nihili
2290 3144 2359 3201 et

396 3224 669 3292 steriles.
767 3222 965 3289 Hanc
1013 3222 1430 3289 sterilitatem
1497 3222 1687 3288 nobis
1754 3224 1969 3288 aufert
2017 3224 2233 3302 Deus,
2291 3230 2358 3286 et

397 3311 667 3377 idoneas
702 3307 970 3374 ferendo
1012 3309 1256 3375 fructui
1282 3309 1459 3373 oleas
1501 3309 1675 3389 facit,
1723 3309 1883 3374 dum
1926 3329 2050 3374 nos
2083 3308 2156 3372 in
2180 3309 2356 3373 vitae

395 3398 758 3464 novitatem
801 3402 1164 3479 regenerat.
1236 3392 1579 3477 Siquidem
1614 3404 1680 3461 et
1713 3403 2007 3460 mentem
2042 3401 2354 3471 nostran

395 3503 658 3551 caecam
694 3489 762 3546 et
803 3481 877 3545 in
920 3481 1209 3546 tenebris
1254 3481 1596 3570 sepultam,
1639 3480 1784 3545 luce
1827 3480 2129 3546 veritatis
2172 3479 2355 3544 illus-

396 3576 561 3649 trat,
597 3567 679 3633 ‘et
719 3567 1134 3634 voluntatem
1169 3588 1256 3632 ex
1294 3568 1526 3633 nativa
1573 3567 1900 3649 pravitate
1939 3566 2008 3630 in
2046 3563 2355 3630 obedien-

395 3657 561 3722 tiam
605 3654 772 3739 legis
816 3673 976 3719 suae
1018 3654 1349 3718 reformat.
1438 3652 1523 3717 In
1566 3673 1643 3718 eo
1686 3651 1842 3735 quid
1878 3659 1996 3729 est,
2040 3649 2214 3733 quod
2248 3670 2355 3715 ar-

397 3762 630 3827 rogare
682 3739 873 3805 nobis
927 3738 1296 3822 possimus?
1396 3738 1759 3821 Postquam
1826 3744 2052 3802 autem
2117 3737 2356 3820 spiritu

397 3826 769 3895 sanctitatis
812 3824 1170 3910 gubernari
1201 3825 1554 3908 coepimus,
1598 3824 1733 3889 iam
1773 3823 1954 3888 oleae
1999 3842 2245 3900 sumus,
2289 3829 2357 3887 et

393 3914 678 3994 virides,
744 3919 814 3978 et
867 3913 1089 3992 vivae,
1148 3919 1216 3978 et
1267 3909 1737 3995 pinguedinem
1795 3930 1879 3974 ex
1922 3907 2096 3973 bona
2136 3908 2355 3974 radice

389 4000 752 4084 trahentes.
842 3996 1098 4081 Sponte
1151 4017 1309 4081 ergo
1362 3998 1496 4061 iam
1539 3993 1624 4060 ad
1675 3993 2022 4062 ferendum
2062 3995 2357 4061 fructum

391 4085 704 4172 propensi
757 4099 1002 4150 sumus.
1105 4083 1359 4148 Verum
1374 4132 1389 4160 ,
1445 4102 1533 4146 an
1587 4081 1656 4146 id
1710 4102 1793 4146 ex
1848 4080 2037 4146 nobis
2094 4087 2222 4159 est,
2253 4086 2358 4149 ,ut

392 4174 506 4239 vel
545 4173 900 4237 minimum
940 4168 1208 4254 gloriari
1250 4166 1485 4234 liceat?
1575 4167 1818 4232 'Potum
1855 4187 1939 4232 ex
1981 4165 2200 4232 radice
2236 4172 2351 4232 est.

398 4258 623 4324 Radix
666 4277 860 4340 porro
903 4257 1066 4338 ipsa,
1110 4275 1245 4319 non
1288 4261 1586 4332 naturae,
1634 4252 1751 4319 sed
1787 4255 2056 4337 gratiae.
2125 4253 2221 4317 Et
2254 4260 2356 4317 ta·-

392 4365 553 4410 men
595 4365 681 4408 ne
745 4341 815 4405 id
857 4341 1122 4424 quidem
1167 4340 1442 4418 sufficit,
1488 4339 1617 4405 nisi
1661 4338 2048 4404 continuum
2092 4359 2129 4404 e
2176 4337 2355 4404 coelo

393 4432 693 4515 vigorem
735 4428 922 4492 Deus
957 4424 1427 4491 subministret.

571 4514 796 4595 Quum
849 4519 990 4578 tam
1046 4510 1386 4578 evidenter
1439 4530 1558 4594 pro
1613 4511 1799 4575 uobis
1851 4510 2164 4593 loquatur
2213 4509 2354 4574 Au-

393 4603 702 4690 gustinus
753 4605 891 4664 toto
946 4617 1169 4681 opere,
1226 4595 1383 4680 quid
1439 4595 1617 4661 aliud
1671 4605 1828 4660 sunt
1878 4595 2107 4678 magni
2144 4595 2244 4659 illi
2288 4603 2356 4659 et

393 4686 624 4756 sonori
678 4686 902 4769 Pighii
946 4683 1261 4750 clamores
1277 4735 1292 4760 ,
1343 4681 1580 4764 quibus
1622 4681 1966 4747 victoriam
2011 4702 2204 4746 suam
2248 4700 2354 4746 ce·

393 4775 629 4851 lebrat,
676 4793 873 4856 quam
918 4769 1196 4836 ridicula
1237 4788 1594 4851 puerorum
1638 4766 2081 4850 crepitacula?
2112 4767 2171 4850 2)
2238 4764 2354 4831 Sic

395 4862 683 4948 gratiam
726 4857 1145 4941 Augustinus
1188 4852 1555 4938 praedicat,
1613 4862 1690 4918 ut
1729 4853 1936 4918 libero
1978 4859 2205 4917 tamen
2250 4870 2356 4915 ar-

391 4947 597 5014 bitrio
639 4965 793 5010 suas
836 4943 1170 5025 relinquat
1210 4948 1451 5024 partes.
1540 4940 1748 5022 Atqui
1793 4938 1874 5004 de
1907 4942 2172 5003 nomine
2215 4957 2356 5002 cer-

394 5042 626 5098 tamen
669 5028 768 5093 1111
811 5029 1212 5094 remiseram.
1303 5026 1499 5092 Nunc
1540 5025 1747 5109 igitur
1787 5033 2105 5108 quantum
2147 5023 2357 5090 libero

544 5253 602 5316 1)
646 5253 914 5319 Princeps
948 5251 1104 5319 leqit:
1139 5249 1326 5304 innuit.

544 5320 604 5390 2)
658 5320 883 5377 Gallus:
930 5321 1082 5374 sinon
1131 5325 1320 5373 autaut
1365 5332 1468 5385 que
1516 5315 1561 5370 si
1609 5315 1706 5370 des
1756 5313 1946 5370 enfans
1989 5313 2260 5383 faisoyent
2305 5313 2358 5368 le

398 5392 688 5461 charivary
724 5392 758 5446 a
791 5388 964 5444 belles
999 5387 1193 5457 poilles
1230 5384 1463 5442 d'airain.

1884 453 2014 521 DE
2057 453 2415 522 LIBERO
2458 455 2935 522 ARBITRIO.

4302 462 4433 526 318

2469 642 2741 710 arbitrio
2785 645 3110 729 largiatur
3147 645 3481 711 facultatis
3524 648 3944 731 Augustinus
3977 647 4429 731 quaerendum

2468 739 2630 811 erat,
2674 751 2813 795 non
2855 732 2929 795 in
2972 732 3240 797 nomine
3281 730 3742 798 insistendum.
3833 734 4113 800 Nullum
4130 787 4145 815 ‚
4191 736 4425 818 inquit,

2467 823 2812 899 peccatum
2878 824 3007 895 est,
3088 819 3217 882 nisi
3280 818 3745 883 voluntarium.
3850 819 4190 900 Quorsum
4256 821 4426 888 hoc?

2467 903 2599 968 nisi
2641 910 2717 966 ut
2760 905 3201 985 suspicionem
3261 904 3541 971 indoctis
3584 905 3810 983 faciat,
3873 907 3983 989 qui
4018 913 4247 973 nostra
4288 930 4426 974 non

2468 987 2714 1071 legunt,
2762 988 2954 1053 aliter
2994 1010 3115 1055 nos
3156 990 3414 1065 docere,
3471 1011 3673 1072 quum
3717 990 3841 1059 hoc
3882 992 4100 1075 ipsum
4145 993 4427 1061 verbum

2465 1073 2539 1137 in
2582 1074 3145 1141 lucubrationibus
3188 1076 3433 1141 nostris
3475 1074 3839 1143 identidem
3884 1085 4205 1144 occurrat.
4284 1080 4424 1145 Im-

2464 1166 2730 1242 putare,
2787 1161 3028 1244 inquit,
3075 1161 3200 1227 sibi
3245 1162 3520 1246 quisque
3565 1161 3757 1228 debet
3803 1163 3974 1247 quod
4017 1173 4263 1247 peccat.
4334 1166 4430 1230 Et

2464 1244 2624 1327 quid
2668 1246 2791 1311 sibi
2835 1268 2915 1331 ea
2958 1248 3218 1326 volunt,
3275 1268 3441 1332 quae
3481 1256 3636 1314 ante
3680 1271 3764 1314 ex
3806 1270 3954 1315 mea
3994 1249 4428 1316 Institutione

2465 1331 2741 1396 retulit?
2840 1333 3114 1413 Merita,
3176 1335 3390 1417 inquit
3405 1386 3419 1411 ,
3479 1342 3708 1400 nostra
3749 1345 4171 1402 coronentur:
4221 1337 4426 1420 siqui-

2466 1416 2616 1482 dem
2660 1418 2998 1502 intelligas
3053 1440 3198 1485 esse
3240 1419 3372 1486 Dei
3427 1420 3614 1485 dona.
3704 1421 3985 1500 Mirum,
4032 1422 4165 1488 nisi
4208 1425 4425 1489 sanio-

2463 1523 2572 1567 res
2630 1525 2712 1568 ex
2755 1505 3290 1572 Romanensibus
3347 1505 3456 1571 hic
3505 1527 3656 1571 eum
3711 1508 4153 1590 praevaricari
4208 1510 4428 1593 suspi-

2464 1595 2724 1654 centur:
2784 1591 3048 1673 quando
3101 1612 3366 1658 causam
3422 1601 3721 1658 nostram
3788 1615 3924 1658 non
3984 1593 4175 1659 aliter
4226 1616 4427 1677 quam

2463 1675 2521 1739 si
2565 1676 2753 1741 nobis
2810 1676 3174 1744 conductus
3217 1680 3418 1758 foret,
3465 1678 3621 1762 agit.
3713 1678 3972 1743 Verum
4018 1679 4173 1762 quia
4211 1682 4284 1744 in
4328 1681 4424 1746 lo-

2462 1782 2614 1825 cum
2654 1761 2853 1826 nimis
2898 1762 3024 1828 sibi
3067 1764 3397 1831 lubricum
3442 1772 3509 1828 et
3551 1764 3988 1848 periculosum
4045 1787 4115 1830 se
4158 1766 4425 1833 venisse

2463 1848 2699 1925 sentit,
2745 1849 3026 1913 retrahit
3067 1870 3227 1914 mox
3268 1851 3500 1933 pedem
3546 1859 3613 1915 et
3665 1851 3863 1916 aliam
3907 1850 4087 1917 viam
4130 1851 4424 1936 ingredi-

2462 1941 2590 1996 tur.
2682 1934 2951 1998 Transit
3002 1936 3177 1999 enim
3221 1936 3302 2000 ad
3359 1935 3563 2001 alium
3619 1935 3889 2015 librum,
3949 1938 4063 2020 qui
4116 1936 4241 2003 sub
4281 1939 4426 2003 Au·

2462 2019 2713 2167 {ustini
2768 2021 3035 2084 nomine
3094 2024 3243 2098 [pag.
3287 2025 3437 2100 119]
3492 2029 3712 2087 exstat
3778 2022 3956 2088 inter
4012 2023 4152 2088 eius
4206 2042 4425 2106 opera,

2512 2103 2794 2187 abetque
2850 2104 3344 2188 inscriptionem
3358 2157 3375 2185 ‚
3422 2107 3527 2170 De
3572 2106 3992 2191 dogmatibus
4035 2109 4431 2176 ecclesiasti-

2461 2190 2573 2254 cis.
2663 2190 2859 2256 Facit
2922 2198 3147 2256 autem
3202 2189 3271 2255 id
3325 2213 3447 2275 pro
3489 2192 3682 2258 solito
3726 2214 3845 2258 suo
3893 2194 4206 2275 candore,
4253 2194 4428 2278 quod

2462 2276 2676 2341 sancti
2728 2276 2855 2342 viri
2915 2276 3107 2341 titulo
3161 2277 3459 2343 abutitur
3514 2279 3587 2341 in
3649 2279 3912 2345 citando
3967 2300 4195 2362 opere,
4255 2280 4430 2364 quod

2459 2361 2949 2444 supposititium
2991 2381 3135 2427 esse
3176 2384 3311 2427 non
3355 2364 3575 2428 minus
3619 2364 3760 2445 ipse
3802 2366 4018 2443 novit,
4075 2387 4275 2448 quam
4317 2367 4430 2449 qui

2460 2468 2639 2513 nunc
2705 2468 2745 2512 a
2796 2468 2904 2512 me
2968 2448 3288 2514 admoniti
3352 2456 3728 2533 agnoscent.
3825 2451 4164 2529 Primum,
4221 2473 4429 2534 quum

2461 2533 2759 2598 omnium
2804 2554 3079 2617 operum
3123 2556 3394 2600 suorum
3437 2558 3508 2600 se
3553 2537 3924 2620 catalogum
3966 2537 4040 2601 in
4074 2537 4426 2604 Reti-acta-

2462 2618 2749 2686 tionibus
2806 2621 3103 2687 texuisse
3165 2623 3554 2704 profiteatur
3630 2622 4074 2706 Augustinus,
4150 2622 4233 2688 de
4300 2622 4425 2691 hoc

2464 2725 2661 2789 opere
2716 2705 2901 2771 nulla
2955 2708 3223 2773 mentio.
3327 2706 3437 2773 Ad
3492 2708 3617 2774 hoc
3670 2729 3873 2790 quum
3929 2708 4019 2773 sit
4068 2709 4310 2792 ubique
4353 2711 4427 2774 in

2463 2791 2602 2857 suis
2656 2792 2919 2875 scriptis
2974 2793 3266 2859 methodi
3312 2793 3830 2861 studiosissimus
3844 2845 3858 2872 ,
3911 2794 4303 2877 opusculum
4344 2796 4427 2860 il-

2462 2874 2579 2941 lud
2636 2878 2918 2942 mixtam
2973 2887 3040 2944 et
3093 2880 3437 2946 confusam
3481 2881 3818 2945 variarum
3875 2901 4101 2945 rerum
4145 2881 4426 2966 farragi-

2461 2984 2649 3041 nem,
2708 2964 2851 3029 sine
2907 2964 3138 3030 ordine
3192 2972 3680 3042 coacervatam,
3752 2967 4060 3030 continet.
4160 2966 4247 3030 In
4305 2966 4429 3032 hac

2461 3050 2797 3132 praesenti
2836 3052 3215 3135 quaestione
3253 3051 3411 3116 dum
3446 3059 3770 3131 versatur,
3806 3050 3975 3116 nihil
4011 3051 4189 3118 aliud
4226 3073 4427 3137 quam

2463 3135 2727 3202 diversa
2781 3136 2937 3203 hinc
2988 3137 3143 3203 inde
3188 3139 3563 3202 testimonia
3607 3137 3869 3221 colligit.
3961 3137 4425 3205 Innocentium

2460 3242 2703 3305 papam
2758 3243 3107 3287 romanum
3163 3223 3558 3307 magistrum
3613 3234 3806 3291 vocat
3859 3225 3969 3307 qui
4022 3223 4223 3308 longo
4275 3233 4427 3308 post

2461 3306 2916 3391 Augustinum
2960 3309 3271 3391 temporis
3317 3310 3527 3391 spatio
3587 3310 3932 3393 episcopus
3978 3318 4238 3375 creatus
4281 3312 4424 3376 fue-

2461 3399 2585 3459 rat.
2614 3394 2664 3477 ¹)
2750 3391 2858 3457 De
2915 3394 3221 3459 africanis
3265 3394 3566 3480 synodis,
3626 3395 4011 3462 milevitana
4040 3401 4120 3461 ⁴et
4160 3396 4423 3463 cartha-

2461 3479 2740 3561 ginensi,
2788 3479 2881 3543 sic
2923 3478 3242 3562 loquitur,
3290 3482 3482 3563 quasi
3526 3502 3867 3564 nunquam
3912 3481 4045 3545 illis
4090 3482 4422 3548 interfuis-

2463 3571 2581 3642 set,
2627 3586 2831 3647 quum
2875 3575 3128 3629 certum
3174 3566 3278 3644 sit,
3324 3567 3785 3650 Augustinum
3830 3566 4099 3632 consilio
4138 3573 4206 3632 et
4239 3576 4424 3632 auto-

2461 3650 2656 3715 ritate
2706 3650 2837 3716 illis
2892 3651 3273 3732 praefuisse.
3364 3651 3510 3717 Imo
3565 3674 3727 3735 quas
3783 3674 3867 3718 ex
3919 3653 4300 3736 Augustino
4359 3662 4426 3719 et

2461 3736 2601 3801 eius
2655 3736 3036 3819 aequalibus
3091 3739 3456 3803 sententias
3521 3738 3752 3818 sumit,
3822 3738 4242 3820 antiquorum
4306 3760 4424 3823 pa-

2459 3828 2639 3886 trum
2675 3821 3088 3887 definitiones
3122 3824 3438 3889 nominat.
3507 3823 3906 3908 Quanquam
3951 3824 4216 3905 ineptus
4252 3845 4422 3904 sum,

2461 3908 2573 3991 qui
2638 3908 2709 3972 in
2774 3930 2847 3972 re
2904 3927 3321 3991 nequaquam
3386 3908 3663 3976 obscura
3740 3917 4005 3973 tantum
4068 3909 4426 3975 verborum

2461 4012 2875 4059 consumam:
2933 3993 3063 4060 nisi
3121 3992 3295 4077 quod
3346 3994 3415 4059 id
3460 3995 3691 4061 saltem
3735 3993 4033 4077 profici0‚
4081 4003 4153 4057 ut
4195 3995 4425 4079 Pighii

2460 4079 2934 4162 impudentiam
2980 4101 3174 4145 nemo
3216 4101 3351 4144 non
3392 4080 3628 4145 videat.

2634 4166 2698 4231 N
2701 4186 2834 4231 unc
2887 4163 3265 4245 audiamus,
3326 4162 3483 4247 quid
3527 4185 3677 4231 cum
3719 4164 3976 4230 larvato
4027 4163 4144 4229 illo
4188 4167 4422 4250 Augu-

2462 4251 2639 4317 stino
2701 4249 2996 4317 obtinere
3056 4250 3247 4316 velit:
3304 4249 3401 4315 Ut
3456 4252 3700 4328 sciant,
3771 4251 4018 4332 inquit,
4087 4249 4420 4331 haeretici,

2460 4358 2596 4402 non
2641 4359 2724 4402 ex
2781 4337 3037 4419 privato
3081 4356 3235 4401 eum
3276 4356 3475 4401 sensu
3517 4335 3795 4401 liberum
3850 4334 4202 4401 arbitrium
4246 4358 4423 4402 asse-

2461 4444 2638 4502 rere,
2697 4422 2814 4488 sed
2853 4444 2938 4488 ex
2982 4421 3359 4487 definitione
3414 4422 3884 4500 ecclesiastica,
3944 4423 4047 4486 cui
4092 4421 4419 4488 contradi-

2462 4530 2607 4574 cere
2662 4530 2857 4573 nemo
2921 4508 3177 4591 piorum
3235 4507 3424 4571 ausit.
3530 4507 3724 4572 Itane
3786 4528 3974 4584 vere,
4043 4514 4118 4571 ut
4160 4515 4418 4573 tantum

2460 4594 2767 4678 ponderis
2803 4594 3092 4659 habeant
3134 4591 3450 4677 incogniti
3493 4593 3797 4672 hominis,
3845 4592 4012 4657 nihil
4058 4592 4202 4657 dico
4238 4614 4418 4660 nunc

2582 4680 2759 4759 vius,
2807 4678 3239 4762 undecunque
3284 4689 3532 4744 temere
3577 4685 3926 4764 congestae
3982 4678 4106 4742 rha
4152 4676 4416 4744 sodiae?

2461 4702 2599 4832 {leid
2655 4775 2976 4850 quatenus
3028 4764 3298 4830 libertas
3354 4765 3489 4832 illic
3543 4762 4003 4849 praedicatur?
4160 4770 4190 4827 t
4231 4762 4420 4830 nobis

2508 4859 2613 4916 ost
2666 4851 2926 4935 lapsum
2985 4858 3254 4915 maneat
3308 4851 3378 4916 in
3443 4859 3791 4934 utramque
3845 4856 4100 4932 partem
4157 4848 4414 4915 electio:

2459 4874 2587 5002 {aa
2640 4945 2863 5002 tamen
2919 4936 3300 5018 exceptione
3354 4935 3607 5016 addita,
3671 4945 3746 5001 ut
3802 4957 3934 5000 non
3980 4935 4226 5013 valeat,
4285 4935 4421 5000 nisi

2461 5022 2855 5088 admonente
2909 5021 3088 5100 Dee,
3151 5031 3221 5088 et
3264 5022 3344 5087 ad
3390 5024 3668 5088 salutem
3725 5023 4081 5101 invitante;
4135 5019 4421 5086 secundo

2603 5177 2663 5245 1)
2703 5177 2778 5231 In
2816 5177 2915 5230 hoc
2949 5192 3078 5231 vero
3110 5176 3330 5243 fallitur
3365 5178 3454 5229 vir
3488 5190 3740 5230 summus.
3788 5174 4149 5230 Innocentius
4177 5171 4227 5224 1.

2465 5247 2637 5300 solum
2674 5248 2941 5314 respicere
2975 5251 3141 5300 autor
3186 5244 3276 5298 :lle
3319 5249 3501 5311 potuit
3514 5287 3528 5314 ,
3575 5260 3738 5315 quum
3774 5243 4045 5299 secundus
4079 5242 4295 5295 saeculo
4330 5242 4417 5295 de-

2465 5332 2611 5369 mum
2646 5315 2964 5370 duodecimo
3001 5315 3196 5368 vacem
3215 5353 3231 5379 ,
3280 5312 3455 5366 sedem
3490 5329 3771 5369 romanam
3811 5312 4096 5380 occupavit
4128 5326 4280 5365 anno
4310 5309 4420 5365 402

2464 5391 2518 5439 et
2546 5384 2667 5452 fato
2701 5399 2802 5439 suo
2833 5384 3060 5449 functus
3095 5389 3173 5436 est
3207 5397 3357 5435 anno
3390 5379 3509 5435 417.
