4999 6179
625 436 746 498 139

619 622 1108 701 entendement,
1160 620 1373 705 lequel
1437 627 1538 687 est
1592 621 1674 687 de
1731 641 2097 706 soymesme
2152 621 2454 707 aveugle‚
2516 628 2559 687 a

617 731 694 776 ce
737 708 890 792 qu'il
932 709 1155 792 puisse
1193 705 1619 790 comprendre
1660 706 1727 771 la
1769 707 2058 772 doctrine
2102 710 2212 790 qui
2254 728 2360 772 me
2407 730 2557 774 sera

619 795 899 861 donnee:
956 794 1231 861 vueilles
1284 793 1649 858 confermer
1702 813 1811 857 ma
1861 794 2174 858 memoire
2191 845 2206 873 ,
2271 814 2439 876 pour
2489 793 2557 859 la

617 881 771 946 bien
809 881 1085 945 retenir:
1140 878 1411 946 vueilles
1469 878 1759 961 disposer
1813 899 1970 942 111611
2014 899 2216 944 66661·
2258 887 2300 945 a
2341 879 2410 943 16
2451 901 2556 944 re-

616 966 835 1032 cevoir
876 965 1260 1044 voluntiers,
1306 973 1373 1029 et
1414 985 1574 1031 avec
1616 964 1707 1028 tel
1753 964 1926 1029 desir
1962 964 2118 1047 qu’il
2155 966 2553 1047 appartient:

614 1054 752 1117 afin
795 1073 921 1135 que
964 1073 1085 1135 par
1128 1071 1286 1115 mon
1324 1049 1744 1133 ingratitudo,
1788 1050 2131 1116 l’occasion
2177 1072 2303 1133 que
2343 1059 2415 1115 tu
2447 1071 2555 1116 me

612 1145 953 1222 presentes
1004 1132 1094 1202 116
1138 1137 1403 1219 perisse.
1502 1136 1682 1200 Pour
1736 1157 1810 1201 ce
1865 1136 2054 1213 faire,
2125 1136 2398 1201 vueilles
2453 1158 2555 1201 es-

611 1221 866 1308 pandre
900 1244 1016 1287 sur
1057 1244 1212 1305 moy
1255 1228 1369 1285 ton
1413 1222 1624 1286 sainct
1663 1220 1907 1303 Esprit,
1945 1221 2214 1303 l'Esprit
2251 1221 2429 1306 dy-ie
2473 1220 2554 1287 de

615 1316 800 1375 toute
860 1307 1302 1391 intelligence,
1360 1306 1594 1383 verite,
1651 1308 2012 1390 ingement,
2069 1305 2430 1390 prudence,
2488 1315 2557 1372 et

617 1393 940 1461 doctrine:
986 1393 1202 1476 lequel
1242 1413 1348 1456 me
1392 1391 1593 1457 rende
1638 1393 1905 1474 capable
1947 1391 2026 1456 de
2070 1392 2222 1458 bien
2260 1394 2552 1475 profiter:

616 1482 752 1545 afin
794 1501 921 1563 que
963 1478 1030 1544 la
1070 1479 1261 1563 peine
1296 1478 1488 1561 qu'on
1532 1477 1821 1559 prendra
1877 1485 1917 1542 a
1961 1479 2423 1562 m’enseigner‚
2472 1500 2555 1543 ne

615 1568 743 1631 soit
785 1565 1048 1650 perdue.
1145 1565 1239 1629 Et
1277 1571 1320 1629 a
1361 1563 1637 1646 quelque
1680 1561 1909 1628 estude
1961 1585 2086 1647 que
2140 1566 2204 1629 ie
2257 1565 2554 1647 m'appli-

601 1673 761 1735 -que,
815 1652 925 1736 fay
978 1671 1105 1734 que
1159 1650 1221 1714 ie
1283 1649 1351 1713 la
1404 1649 1662 1715 reduise
1732 1656 1774 1714 a.
1825 1647 1891 1713 la
1949 1672 2069 1713 vra
2116 1670 2152 1713 e
2218 1652 2340 1715 fin:
2400 1655 2558 1715 c’est

614 1739 697 1802 de
731 1744 798 1802 te
833 1737 1251 1818 congnoistre
1284 1756 1368 1799 en
1403 1745 1623 1800 nostre
1660 1733 1984 1819 Seigneur
2007 1736 2044 1799 I
2110 1734 2278 1802 SUS
2309 1735 2553 1813 Christ,

611 1844 776 1907 pour
842 1823 1024 1888 avoir
1088 1820 1306 1905 pleine
1372 1822 1577 1886 fiance
1630 1820 1711 1885 de
1787 1821 1964 1885 salut
2025 1831 2092 1885 et
2158 1823 2260 1887 vie
2332 1842 2414 1886 en
2488 1830 2556 1887 ta

612 1930 827 1994 grace,
854 1912 903 1992 ¹)
985 1913 1053 1972 et
1123 1915 1188 1971 te
1272 1908 1480 1972 servir
1558 1906 1987 1972 droictement
2066 1915 2133 1971 et
2186 1916 2553 1990 purement‚

611 1995 797 2060 selon
855 2002 973 2058 ton
1027 1991 1276 2075 plaisir:
1337 1991 1674 2057 tellement
1725 2013 1850 2075 que
1903 2001 2046 2057 tout
2101 2014 2173 2059 ce
2217 2015 2341 2076 que
2394 1995 2553 2075 i’ap-

610 2080 975 2165 prendray‚
1031 2078 1159 2142 soit
1196 2098 1444 2143 comme
1487 2077 1888 2143 instrument
1929 2100 2097 2162 pour
2139 2099 2246 2143 me
2290 2077 2472 2143 aider
2515 2086 2557 2144 a

611 2166 769 2233 cela.
880 2166 971 2230 Et
1021 2164 1171 2246 puis
1228 2185 1353 2246 que
1408 2173 1478 2226 tu
1534 2174 1822 2245 promets
1877 2162 1956 2227 de
1998 2165 2250 2229 donner
2292 2185 2555 2247 sagcsse

612 2274 747 2318 aux
787 2252 955 2334 petis
996 2258 1060 2315 et
1104 2271 1234 2315 aux
1270 2248 1602 2327 humbles,
1649 2259 1716 2312 et
1751 2248 2104 2315 confondre
2140 2249 2235 2315 les
2271 2250 2553 2334 orgueil-

608 2338 765 2403 leux
806 2358 891 2402 en
933 2337 999 2401 la
1041 2336 1262 2401 vanite
1307 2335 1386 2400 de
1428 2334 1576 2399 leur
1617 2354 1799 2400 sens:
1866 2334 2323 2418 pareillement
2365 2336 2445 2400 de
2488 2344 2555 2400 te

608 2423 991 2488 manifestor
1045 2428 1088 2486 a
1141 2443 1304 2486 ceux
1360 2421 1469 2502 qui
1525 2432 1750 2485 seront
1792 2418 1872 2484 de
1929 2439 2130 2484 cucur
2174 2420 2408 2486 droict:
2470 2442 2554 2486 au

609 2510 952 2587 contraire,
1000 2507 1312 2591 aveugler
1353 2507 1451 2571 les
1494 2507 1778 2589 malings
1822 2515 1889 2570 et
1929 2525 2232 2589 pervers:
2277 2507 2552 2573 vueilles

605 2616 765 2680 moyr
820 2615 1059 2678 renger
1110 2600 1152 2659 a
1206 2612 1408 2676 vraye
1463 2591 1792 2670 humilite,
1850 2612 1970 2673 par
2022 2591 2303 2674 laquelle
2343 2593 2407 2656 ie
2443 2613 2554 2656 me

604 2679 808 2746 rende
852 2678 1060 2745 docile
1104 2686 1169 2743 et
1211 2677 1568 2743 obeissant:
1625 2677 2130 2760 premierement
2172 2685 2214 2742 a.
2258 2685 2372 2762 toy
2390 2729 2404 2756 ,
2451 2699 2552 2742 se-

604 2765 1000 2833 condement
1061 2771 1103 2829 a
1163 2784 1304 2828 mes
1370 2762 1776 2844 superieurs,
1830 2782 1956 2845 que
2012 2770 2088 2827 tu
2152 2783 2225 2828 aa
2280 2764 2553 2829 commis

601 2874 769 2936 pour
822 2873 929 2915 me
983 2852 1159 2934 regir
1214 2856 1282 2913 et
1334 2849 1695 2932 enseigner.
1805 2847 2217 2932 Davantage,
2279 2848 2552 2914 vueilles

607 2937 898 3022 disposer
941 2957 1095 3001 mon
1137 2954 1341 3000 cueur
1384 2941 1426 2999 a
1468 2940 1533 2998 te
1577 2933 1892 2999 chercher
1933 2954 2088 3000 sans
2130 2935 2405 3013 seintise,
2449 2956 2553 2999 re-

604 3032 900 3108 nonqant
942 3029 984 3088 a
1022 3031 1203 3086 toute
1238 3019 1540 3085 affection
1574 3019 1907 3085 charnelle
1943 3029 2010 3085 et
2043 3022 2393 3085 mauvaise.
2461 3021 2555 3085 Et

603 3116 801 3195 qu’en
844 3110 996 3174 telle
1040 3116 1212 3173 sorte
1254 3108 1316 3171 ie
1359 3128 1466 3172 me
1509 3127 1781 3189 prepare
1825 3107 2238 3172 maintenant
2280 3128 2443 3190 pour
2485 3117 2551 3173 te

603 3197 817 3262 servir
857 3215 990 3260 une
1043 3195 1167 3259 fois
1211 3215 1294 3258 en
1351 3193 1570 3259 l’estat
1623 3200 1690 3257 et
1730 3194 2032 3260 vocation
2073 3194 2351 3277 laquelle
2392 3193 2443 3258 il
2486 3201 2551 3259 te

601 3282 812 3367 plaira
853 3279 1294 3359 m'ordonner‚
1339 3279 1563 3362 quand
1606 3278 1668 3344 ie
1710 3300 1904 3364 seray
1943 3301 2125 3346 venu
2169 3301 2254 3345 en
2295 3300 2471 3364 eage.
2489 3281 2550 3365 2)

1250 3450 1355 3506 DU
1388 3449 1679 3505 PSALME
1714 3450 1885 3507 XXV.

773 3572 874 3638 Le
924 3569 1251 3656 seigneur
1293 3570 1537 3637 revelle
1593 3592 1698 3636 ses
1743 3577 1988 3637 secrete
2032 3576 2076 3635 a.
2119 3590 2287 3636 ceux
2328 3570 2443 3654 qui
2484 3570 2550 3636 le

595 3659 971 3743 craignent:
1020 3667 1086 3722 et
1130 3658 1273 3722 leur
1305 3657 1424 3721 fait
1466 3656 1881 3741 congnoistre
1924 3677 2042 3721 son
2087 3656 2382 3721 alliance.

597 3846 1015 3915 ORAISON
1033 3851 1089 3932 ³)
1126 3843 1382 3913 POUR
1406 3843 1638 3909 DIRE
1663 3843 2046 3911 DEVAN'I·
2069 3844 2193 3910 LE
2221 3843 2549 3912 REPAS.

1273 3998 1376 4054 DU
1408 3997 1700 4053 PSALME
1737 3998 1871 4054 CIV.

770 4124 1015 4188 Toutes
1068 4121 1296 4188 choses
1351 4117 1697 4185 attendent
1750 4138 1942 4203 apres
1997 4126 2143 4203 toy,
2198 4116 2547 4202 seigneur,

595 4214 670 4276 et
711 4215 785 4274 tu
829 4208 975 4272 leur
1021 4206 1269 4272 donnes
1310 4205 1551 4270 viande
1595 4226 1680 4270 en
1723 4205 1868 4270 leur
1911 4213 2139 4286 temps,

773 4292 1020 4374 Quand
1062 4303 1135 4358 tu
1180 4293 1323 4358 leur
1367 4292 1643 4370 donnes,
1689 4290 1846 4356 elles
1905 4291 1970 4355 la
2022 4289 2432 4355 recueillent:
2481 4298 2549 4356 et

596 4378 823 4465 quand
877 4385 953 4444 tu
1008 4400 1245 4445 ouvres
1293 4387 1362 4442 ta
1419 4379 1629 4457 main,
1668 4376 1827 4442 elles
1884 4384 2033 4442 sont
2079 4377 2428 4442 rassasiees
2466 4376 2546 4441 de

595 4466 802 4532 biens.

771 4636 1104 4722 Seigneur
1138 4634 1372 4719 auquel
1460 4635 1473 4648 '
1513 4640 1544 4697 t
1577 4633 1642 4697 la
1674 4632 2011 4716 plenitude
2049 4634 2128 4700 de
2155 4642 2304 4700 tous
2339 4634 2543 4713 1116116,

594 4724 877 4794 vueilles
932 4720 1234 4789 estendre
1290 4728 1363 4786 ta

906 5078 965 5144 1)
1003 5094 1068 5133 en
1104 5087 1164 5134 ta
1198 5080 1344 5134 seule
1379 5095 1541 5148 grace
1580 5077 1728 5133 1561.

594 5159 779 5206 nostre
800 5149 1057 5217 seigneur
1079 5149 1231 5203 lesus
1260 5149 1452 5217 Christ,
1491 5154 1672 5204 Amen.

905 5215 969 5284 4)
1008 5217 1167 5273 1563:
1205 5221 1510 5273 memoriam
1547 5233 1758 5288 quoque
1795 5233 1968 5273 meam
2006 5218 2266 5273 confirma
2304 5235 2368 5273 ne
2406 5218 2499 5271 iila
2534 5218 2661 5271 mihi
2697 5216 2924 5271 excidat.

593 5287 844 5343 fiduciam
878 5287 932 5341 in
978 5295 1072 5343 tua
1115 5289 1291 5356 gratia
1333 5289 1621 5357 collocem,
1679 5300 1840 5356 teque
1903 5304 2032 5341 vero
2081 5296 2137 5342 et
2171 5304 2299 5342 acce
2341 5295 2397 5341 to
2444 5287 2540 5340 tibi
2591 5288 2849 5355 obsequio
2899 5284 3085 5340 colam.

595 5359 796 5425 mittas,
829 5361 921 5412 ete.
1166 5355 1224 5423 7)
1265 5357 1455 5412 Etiam
1490 5358 1541 5411 11.
1578 5359 1611 5411 1.
1645 5357 1812 5446 plara
1846 5355 2133 5410 adduntur
2165 5358 2228 5410 in
2263 5374 2291 5410 e
2332 5395 2345 5409 .
2382 5353 2535 5409 1563.

1914 433 2038 498 LE
2083 432 2685 502 GATEOHJSME
2731 433 2856 499 DE.
2903 432 3304 500 GENEVE.

4488 439 4611 503 140

2656 626 2794 685 tate
2838 621 3078 704 alioqui
3120 620 3393 700 laborat,
3437 620 3830 687 illustrando
3844 673 3859 701 ,
3905 622 4102 688 simul
4146 623 4328 688 effice
4341 675 4359 703 ,
4404 631 4483 689 ut
4524 623 4613 691 ad

2656 706 3141 789 percipiendam
3204 706 3570 773 doctrinam
3644 708 3771 773 sim
3847 707 4147 774 idoneus:
4223 711 4611 775 memoriam

2658 813 2871 856 meam
2899 794 3228 870 confirma,
3266 802 3341 857 ut
3371 792 3543 875 quod
3568 791 3870 872 didicer0,
3891 794 4193 871 ⁴fideliter
4235 793 4531 861 haereat:
4551 798 4608 879 ⁴)

2659 898 2773 943 cor
2836 877 3116 962 denique
3185 899 3405 943 meum
3463 878 3790 962 guberna,
3862 896 3933 943 ut.
3986 881 4069 944 ad
4135 881 4609 964 proficiendum

2658 962 3073 1029 voluntarius
3131 974 3326 1046 atque
3382 965 3579 1029 etiam
3637 964 3869 1030 avidus
3914 964 4248 1045 accedam,
4308 987 4393 1031 116
4439 967 4607 1031 mihi

2659 1048 2837 1125 11666,
2880 1069 3077 1131 (166111
3120 1058 3193 1112 tu
3237 1071 3413 1114 nunc
3447 1050 3763 1128 concedis,
3807 1052 4109 1130 facultas,
4148 1073 4295 1117 mea
4340 1053 4610 1137 ignavia

2658 1140 2897 1216 pereat.
3009 1134 3296 1199 Proinde
3361 1136 3667 1218 spiritum
3728 1137 3801 1201 in
3876 1158 3985 1201 me
4048 1146 4241 1202 tuum
4305 1138 4603 1207 infunde:

2657 1221 2987 1302 spiritum,
3042 1220 3346 1302 inquam,
3404 1221 3910 1305 intelligentiae,
3979 1223 4305 1302 veritatis,
4361 1224 4605 1305 iudicii,

2659 1326 2734 1371 ac
2779 1303 3194 1389 prudentiae:
3253 1327 3338 1371 ne
3392 1327 3691 1373 successu
3750 1307 4041 1374 studium
4098 1331 4319 1374 meum
4369 1316 4605 1389 careat,

2659 1401 2726 1456 et
2767 1392 2994 1455 irritus
3038 1393 3121 1456 sit
3166 1412 3325 1475 erga
3366 1413 3474 1457 me
3516 1393 3816 1476 magistri
3859 1392 4058 1458 labor.
4147 1395 4355 1460 Porro
4402 1394 4606 1479 quod-

2658 1497 2915 1559 cunque
2970 1476 3167 1541 studii
3207 1498 3416 1561 genus
3462 1480 3840 1561 suscipiam,
3887 1481 3989 1545 fac
4032 1485 4107 1545 ut
4139 1479 4307 1545 illud
4348 1482 4421 1545 in
4466 1503 4607 1547 rec·

2660 1570 2802 1626 tum
2859 1564 3057 1626 finem
3121 1561 3452 1629 destinare
3519 1566 3906 1630 meminero:
3975 1585 4212 1649 nempe
4265 1573 4342 1631 ut
4406 1574 4470 1632 te
4532 1567 4607 1631 111

2660 1648 2925 1713 Christo
2970 1649 3102 1713 filio
3140 1658 3252 1713 tuo
3303 1670 3704 1733 cognoscam.
3726 1655 3783 1733 ⁵)
3885 1651 4105 1734 Atque
4144 1652 4242 1716 ita
4284 1650 4602 1735 quidquid

2660 1732 3018 1814 addiscam,
3075 1735 3240 1798 mihi
3284 1736 3368 1800 sit
3414 1734 3496 1799 ad
3540 1747 3788 1800 rectam
3833 1738 4095 1819 pietatis
4140 1738 4439 1820 regulam
4484 1736 4598 1802 ad-

2659 1820 2984 1885 miniculo.
3074 1820 3183 1885 Ad
3238 1820 3398 1886 hacc
3439 1821 3698 1903 quando
3754 1823 4060 1904 parvulos
4104 1832 4170 1887 et
4227 1823 4525 1901 humiles,
4545 1822 4604 1907 ⁶)

2659 1906 3006 1988 sapientia,
3052 1918 3261 1971 rectos
3304 1907 3528 1986 corde,
3573 1907 3803 1973 notitia
3857 1909 3952 1972 tui
4008 1908 4493 1974 illustraturum
4538 1918 4603 1973 te

2657 1991 3014 2074 promittis:
3085 1991 3397 2077 superbos
3454 2014 3607 2059 vero
3662 2004 3729 2058 et
3799 1994 4132 2076 improbos
4198 1993 4605 2060 deiecturum

2657 2086 2725 2141 te
2769 2076 3144 2157 denuncias,
3204 2087 3280 2142 ut
3319 2080 3389 2142 in
3431 2101 3628 2144 sensu
3682 2101 3800 2145 suo
3844 2089 4272 2146 evanescant:
4333 2089 4484 2163 peto
4526 2086 4605 2144 ut

2657 2183 2765 2226 me
2822 2162 2906 2227 ad
2959 2184 3183 2228 veram
3224 2152 3681 2230 ‘bumilitatem
3733 2167 4016 2231 formare
4072 2166 4263 2245 velis,
4316 2188 4444 2249 qua
4494 2186 4604 2230 me

2656 2246 2775 2312 tibi
2826 2248 3144 2331 primum,
3213 2248 3447 2315 deinde
3503 2254 3700 2315 etiam
3744 2253 3826 2316 iis
3871 2253 3982 2334 qui
4039 2252 4202 2315 1111111
4246 2261 4362 2317 tua
4417 2261 4604 2316 auto·

2655 2335 2851 2397 ritate
2893 2341 3231 2421 praesunt,
3279 2336 3551 2401 docilem
3595 2347 3663 2402 et
3704 2337 4164 2420 obsequentem
4225 2338 4599 2403 exhibeam:

2658 2418 2858 2483 simul
2899 2427 2977 2483 ut
3031 2420 3207 2485 cordi
3264 2443 3436 2497 men,
3496 2424 3739 2489 evulsis
3784 2423 3938 2487 inde
3984 2424 4236 2488 vitiosis
4279 2423 4600 2505 cupidita-

2660 2505 2851 2584 tibus,
2897 2508 3140 2571 serium
3184 2507 3538 2589 quaerendi
3584 2511 3682 2574 tui
3735 2509 4129 2575 desiderium
4175 2510 4522 2591 insculpas.
4549 2511 4602 2590 ⁷)

2659 2591 2789 2657 Hic
2835 2591 3113 2675 denique
3166 2593 3330 2656 mihi
3376 2615 3551 2671 unus
3596 2596 3682 2659 sit
3723 2596 4093 2679 propositus
4134 2596 4314 2674 finis,
4358 2616 4466 2659 me
4511 2595 4603 2659 sic

2659 2697 3035 2760 comparare
3093 2679 3161 2742 in
3219 2679 3343 2743 hac
3409 2688 3639 2745 tenera
3691 2689 3904 2746 aetate
3918 2732 3934 2758 ‚
3994 2687 4071 2745 ut
4126 2702 4331 2764 quum
4386 2680 4602 2745 adole-

2658 2783 2813 2828 vero
2832 2813 2847 2839 ,
2891 2762 2974 2827 ad
3016 2762 3446 2847 quodcunque
3490 2768 3665 2832 vitae
3708 2787 3917 2850 genus
3961 2788 4067 2832 me
4110 2767 4476 2845 vocaveris,
4532 2766 4605 2832 in

2658 2869 2733 2913 eo
2774 2847 2894 2912 tibi
2937 2850 3242 2915 serviam.

3356 3450 3458 3507 Ex
3492 3450 3781 3507 PSALMO
3815 3450 3900 3506 25.

2824 3573 2941 3649 [fol.
2985 3573 3095 3649 86]
3149 3567 3499 3636 secretum
3558 3572 3827 3637 Domini
3869 3573 4254 3639 timentibus
4295 3593 4475 3654 eum,
4534 3578 4605 3638 et

2654 3654 2882 3720 foedus
2925 3677 3117 3720 suum
3160 3666 3393 3721 notum
3433 3658 3565 3723 illis
3607 3657 3816 3724 faciet.

3118 3809 3699 3912 BENEDIOTIO'
3734 3846 4135 3914 MENSAE.

2824 4117 3069 4184 Omnia
3111 4116 3195 4183 ad
3238 4126 3303 4183 te
3346 4120 3707 4203 respiciunt
3747 4118 4049 4199 Domine,
4095 4128 4162 4187 et
4203 4128 4279 4187 tu
4315 4121 4434 4187 das
4466 4121 4602 4189 illis

2651 4225 2867 4272 escam
2910 4212 3229 4287 tempore:
3276 4212 3340 4270 te
3378 4205 3511 4271 illis
3554 4205 3783 4284 dante,
3830 4207 4173 4292 colligunt:
4218 4214 4286 4273 te
4327 4228 4603 4273 manum

2651 4292 3002 4375 aperiente,
3040 4290 3260 4356 omnia
3304 4291 3663 4374 implentur
3697 4292 4113 4359 abundantia.
4180 4293 4425 4360 Psalm.
4457 4298 4600 4360 104.

2820 4634 3124 4711 Domine,
3159 4654 3362 4717 penes
3398 4654 3589 4715 quem
3626 4633 3768 4699 fons
3799 4640 3902 4699 est
3922 4635 4245 4700 bonorum
4278 4635 4596 4714 omnium,

1463 4719 1830 4786 enediction
1884 4741 1998 4786 sus
2052 4742 2221 4787 nous
2276 4728 2376 4786 tes
2429 4741 2543 4803 po-
2647 4724 2718 4786 et
2755 4720 3154 4786 inexhausta
3195 4721 3540 4803 scaturigO,
3586 4719 4102 4786 benedictionem
4137 4728 4323 4785 tuam
4362 4721 4434 4787 in
4475 4743 4598 4789 nos

2003 5078 2062 5142 2)
2114 5080 2262 5136 1561.
2302 5079 2441 5134 1563
2464 5079 2741 5146 njoutent:
2774 5080 2967 5147 Amen3
3005 5075 3154 5131 1562.
3193 5075 3355 5132 1566:
3404 5078 3788 5147 Eumene-moy,
3821 5078 3960 5134 Pete
3995 5076 4063 5133 de
4097 5078 4460 5150 misericorde,
4492 5094 4601 5149 par

1948 5148 2009 5210 3)
2051 5149 2198 5202 1562.
2241 5149 2400 5203 1566:
2441 5149 2625 5203 Priere
2659 5165 2796 5215 pour
2831 5149 2945 5202 dire
2978 5159 3137 5203 avant
3174 5148 3222 5201 le
3256 5163 3432 5214 repas.

3167 5216 3228 5284 5)
3264 5215 3427 5270 1563:
3476 5231 3824 5284 cognoscens,
3872 5216 4090 5284 plenam
4133 5214 4324 5272 salutis
4357 5221 4415 5271 et
4447 5217 4597 5272 vitae

3398 5283 3461 5350 6)
3511 5284 3597 5339 Ad
3631 5287 3768 5338 haec
3803 5300 3966 5352 quum
3999 5284 4228 5340 humiles
4265 5324 4279 5338 .
4315 5323 4330 5339 .
4366 5323 4379 5337 .
4415 5324 4431 5341 .
4465 5301 4597 5353 pro·
