4999 6179
177 5367 234 5468 “x

175 5471 384 5598 „ass

125 5569 142 5634 1

307 457 424 518 241

308 643 424 709 sit:
469 648 537 708 et
580 663 782 725 quum
829 639 1165 707 videretur
1211 641 1574 725 desperata,
1622 665 1705 708 ox
1751 644 1893 730 ipso
1946 647 2135 727 quasi
2170 646 2273 711 in-

307 729 506 795 teritu
539 728 935 793 liberaverit.
1023 727 1134 792 Ex
1178 727 1290 793 illo
1326 730 1502 794 enim
1546 732 1794 796 semine
1840 732 2130 798 excitata
2174 738 2274 797 est

306 814 469 880 haec
511 815 774 893 messis,
821 834 1018 897 quam
1072 813 1265 879 hodie
1310 816 1659 882 cernimus.
1748 817 1882 883 Eat
1938 839 2112 884 nunc
2158 817 2270 883 Pi-

309 901 524 986 ghius,
569 907 637 965 et
660 898 1003 965 Christum
1047 899 1372 966 mendacii
1409 911 1523 966 aut
1545 900 1856 986 perfidiae
1891 903 2012 969 sub
2047 911 2271 969 nostra

311 1007 590 1071 persona
607 1037 621 1064 ,
668 1008 749 1051 ex
786 986 1051 1070 proprio
1096 993 1321 1052 autem
1365 989 1566 1053 animi
1612 991 1716 1054 sni
1755 1009 1952 1055 sensu
1992 989 2272 1055 insimu-

312 1073 431 1138 let:
491 1070 663 1155 quod
717 1093 922 1154 quum
978 1073 1304 1157 evangelii
1362 1073 1466 1139 sui
1510 1082 1957 1158 contemptum
2003 1076 2272 1141 univer-

1793 454 1924 521 DE
1967 453 2324 522 LIBERO
2368 454 2842 524 ARBITRIO.

4215 461 4343 525 242

2380 666 2526 712 esse
2566 666 2874 725 morosos,
2924 653 2998 711 ut
3039 647 3121 712 ob
3164 667 3420 713 morum
3463 647 3642 727 vitia,
3688 647 3885 712 etiam
3929 648 4340 731 gravissima,

2379 731 2805 798 scindendam
2850 730 3232 798 duxerimus
3273 732 3428 798 fidei
3470 734 3813 799 unitatem.
3902 733 4226 801 Novimus
4269 735 4343 799 in

2381 818 2557 883 vitiis
2602 826 2718 883 aut
2757 817 3191 903 corrigendis,
3239 827 3357 884 aut
3397 817 3847 902 improbandis
3866 870 3881 899 ,
3927 841 4074 885 eam
4118 819 4341 886 mode-

2379 905 2706 969 rationem
2762 903 3154 971 servandam
3213 925 3387 983 esse,
3444 914 3520 970 ut
3573 904 3914 971 vinculum
3968 907 4148 990 pacis
4200 928 4337 971 non

2381 989 2867 1075 disrumpatur,
2944 988 3208 1058 Scim‘us
3254 997 3474 1056 tamen
3513 1013 3597 1056 ex
3632 990 3908 1057 adverso
3952 993 4046 1058 sic
4091 1000 4340 1077 tempe-

2379 1075 2659 1145 randam
2713 1076 2856 1142 6666
2901 1078 3290 1160 patientiam
3306 1129 3323 1157 ,
3380 1083 3457 1143 ut
3500 1099 3585 1142 ne
3642 1076 4061 1160 iniquitatem
4103 1078 4337 1146 foveat.

313 1159 434 1224 sali
478 1178 680 1242 prope
719 1156 953 1222 mundi
998 1161 1453 1225 excaecatione
1495 1160 1881 1239 vindicaret,
1929 1161 2272 1261 ecclesiam
2343 1146 2562 1246 AErgo
2607 1162 2798 1241 116116,
2843 1183 3009 1245 (11166
3052 1162 3254 1248 vulgo
3295 1161 3375 1228 ab
3419 1163 3723 1229 omnibus
3769 1164 4077 1243 cernitur,
4121 1164 4343 1248 papis-

313 1253 536 1311 tamen
596 1265 788 1310 suam
840 1244 988 1309 luce
1049 1245 1351 1310 veritatis
1416 1266 1492 1311 ac
1544 1247 1720 1313 vitae
1777 1269 2115 1330 nunquam
2169 1270 2271 1312 111-

312 1340 497 1397 16166
553 1329 939 1396 (16611166111.
1032 1328 1166 1396 Sed
1226 1332 1403 1395 enim
1449 1352 1569 1416 ego
1633 1331 1791 1398 inde
1845 1333 2270 1399 illustriorem

313 1419 456 1483 eius
506 1415 701 1482 fidem
759 1414 1082 1482 redditam
1136 1416 1334 1481 fuisse
1391 1438 1704 1501 agnosco,
1779 1418 1952 1501 quod
2007 1441 2127 1503 per
2179 1426 2275 1485 tot

314 1500 740 1583 offendicula,
808 1508 1076 1585 9166161
1122 1523 1306 1587 696111
1361 1505 1656 1569 omnium
1709 1505 2084 1584 hominum,
2149 1506 2273 1571 sibi

315 1590 497 1656 viam
539 1589 784 1667 fecerit,
822 1596 895 1652 ut
939 1590 1131 1654 firma
1173 1600 1608 1671 permaneret.

488 1674 593 1740 Ne
638 1681 862 1738 tamen
926 1675 997 1738 in
1057 1674 1400 1740 retinendo
1470 1696 1591 1741 6116
1647 1678 1823 1756 11116,
1887 1676 1996 1743 vel
2054 1676 2272 1760 potius

309 1760 556 1827 iniuria
570 1812 586 1839 ,
631 1759 940 1826 videatur
979 1760 1309 1843 impendio
1353 1762 1807 1845 praefractior,
1865 1763 2133 1828 tandem
2176 1764 2272 1829 fa-

311 1855 494 1913 tetur
548 1847 914 1930 obrepsisse
969 1845 1097 1912 ab‘u
1270 1847 1341 1911 in
1400 1847 1767 1928 ecclesiam,
1825 1870 1987 1932 quos
2045 1869 2274 1915 omnes

309 1935 407 2018 pii
453 1940 772 2000 correctns
816 1933 1103 2016 cupiant.
1178 1930 1315 1998 Sed
1359 1933 1624 1999 modum
1670 1935 2040 2019 corrigendi
2078 1935 2275 2019 longe

309 2019 396 2086 ab
451 2040 527 2084 eo
580 2019 916 2084 diversum
957 2039 1119 2097 esse,
1165 2040 1356 2103 quem
1402 2021 1824 2087 tentavimus.
1913 2021 2058 2085 Has
2097 2022 2275 2086 enim

361 2114 656 2171 astorum
700 2125 844 2170 esse
884 2121 1134 2187 partes,
1192 2105 1428 2188 quibus
1471 2105 1848 2172 facultatem
1893 2128 2010 2173 nos
2054 2115 2276 2172 sustu-

309 2128 472 2258 Esse
528 2191 841 2275 queritur.
943 2190 1207 2256 Deinde
1260 2191 1580 2257 eiusmodi
1634 2193 1797 2259 vitia
1852 2213 1995 2258 6666
2055 2200 2274 2278 negat,

313 2298 592 2361 quorum
638 2296 838 2342 661166
881 2274 1298 2342 debuerimus
1340 2278 1554 2343 facere
1588 2279 1669 2343 ab
1717 2279 1991 2346 ecclesia
2035 2278 2275 2345 disces-

312 2364 589 2430 sionem.
678 2363 742 2427 N
744 2384 816 2428 os
883 2363 1060 2427 enim
1124 2362 1297 2446 quod
1354 2370 1564 2428 totum
1633 2366 1859 2430 orbem
1910 2365 2275 2431 turbaveri-

312 2471 493 2528 mus,
551 2447 726 2532 quod
771 2449 854 2514 ab
900 2448 1212 2514 ecclesiae
1257 2449 1518 2515 unitate
1563 2449 2051 2530 desciverimus,
2101 2452 2276 2517 hanc

313 2555 581 2603 causam
672 2542 1086 2619 praetexere:
1158 2536 1432 2615 abusus,
1492 2537 1602 2620 qui
1683 2535 1755 2602 in
1822 2557 1900 2602 ea
1977 2537 2275 2602 invalue-

313 2630 495 2701 rant,
557 2630 624 2687 et
680 2628 1020 2705 corruptos
1075 2642 1295 2687 mores
1344 2621 1686 2688 sacerdotu
1825 2622 1961 2689 'Ut
2015 2621 2099 2688 ab
2154 2622 2277 2689 hoc

311 2716 650 2791 postremo
690 2708 996 2791 incipiam
1012 2758 1029 2786 ‚
1086 2708 1254 2774 scire
1298 2707 1499 2774 velim
1516 2760 1530 2787 ,
1578 2730 1660 2775 ex
1742 2710 1893 2775 111116
1939 2729 2050 2774 616
2089 2728 2280 2792 prae·

313 2801 576 2859 textum
632 2797 781 2872 [pag.
824 2798 931 2873 12]
975 2792 1152 2859 hunc
1195 2792 1498 2859 audierit.
1514 2790 1773 2885 sFieri
1814 2802 2048 2879 potest,
2096 2802 2170 2859 ut
2210 2796 2282 2860 in

313 2887 695 2945 nostrorum
731 2878 915 2945 libris
948 2877 1184 2963 legerit
1221 2879 1600 2945 Lutherum
1635 2881 1822 2946 initio
1856 2882 2098 2948 abusus
2135 2888 2283 2947 tan-

316 2974 461 3031 tum
510 2965 827 3048 quosdam
873 2964 1071 3030 nimis
1116 2985 1370 3030 crassos
1415 2966 1935 3049 reprehendisse,
1984 2973 2051 3031 61
2096 2968 2282 3051 flagi-

313 3052 520 3119 tiosos
578 3051 734 3118 cleri
777 3069 1019 3117 mores:
1078 3049 1272 3117 subin
1322 3072 1358 3116 e
1400 3051 1929 3119 adversariorum
1971 3052 2284 3138 improbi-

313 3147 457 3204 tate
514 3138 793 3203 ulterius
841 3144 1157 3220 provectu
1337 3139 1431 3202 At
1484 3138 1642 3220 quid
1687 3139 1813 3204 hoc
1858 3161 2012 3206 cum
2058 3139 2282 3224 Pighii

312 3224 654 3292 calumnia
723 3222 935 3288 simile
989 3222 1190 3288 habet
1324 3221 1574 3288 Scribit
1628 3224 1868 3290 alicubi
1922 3226 2067 3307 ipse
2122 3246 2283 3308 quo-

315 3331 450 3395 qne
487 3309 827 3376 Lutherus
863 3307 944 3374 de
979 3329 1051 3374 se
1093 3309 1165 3372 in
1210 3308 1388 3373 hunc
1425 3310 1721 3374 modum:
1761 3309 2003 3388 Velim,
2049 3310 2282 3395 inquit,

314 3397 563 3475 nolim,
618 3401 868 3480 cogunt
918 3415 1025 3458 me
1080 3393 1441 3459 adversarii
1496 3395 1626 3460 mei
1674 3396 1820 3460 fieri
1872 3397 1943 3460 in
1988 3394 2126 3461 dies
2179 3417 2283 3461 sa·

314 3482 733 3569 pientiorem.
805 3481 1248 3546 Verissimum
1281 3486 1384 3545 est
1428 3480 1599 3563 quod
1635 3480 1809 3547 dicit.
1883 3479 2068 3547 Ootis
2107 3482 2285 3546 enim

314 3571 536 3635 instar
593 3567 677 3633 ad
734 3565 1100 3632 acuendum
1154 3566 1295 3631 eius
1359 3566 1702 3650 ingenium
1771 3567 2055 3632 fuerunt.
2148 3567 2284 3633 De·

312 3677 585 3723 mersus
627 3653 841 3719 adhuc
884 3655 955 3717 in
998 3651 1339 3735 profundis
1372 3651 1506 3716 illis
1542 3651 1851 3730 tenebris,
1898 3653 2134 3735 quibus
2179 3673 2284 3717 or-

313 3740 425 3806 bis
468 3741 605 3805 fere
641 3746 819 3805 161116
856 3739 1202 3820 absorptus
1236 3745 1396 3817 erat,
1442 3759 1647 3821 quum
1685 3737 2042 3804 scintillam
2083 3760 2284 3803 unam

315 3825 580 3894 videret
637 3827 826 3909 quasi
881 3846 962 3890 ex
1027 3824 1215 3888 tenui
1270 3824 1440 3888 rima
1469 3897 1476 3906 ‚
1505 3825 1924 3902 emicantem,
1995 3823 2080 3888 ad
2140 3846 2286 3890 eam

316 3911 635 3981 accedere
678 3916 950 3977 conatus
991 3915 1106 3975 est.
1183 3908 1316 3975 Hic
1357 3909 1581 3975 hostes
1623 3909 1790 3975 lucis
1831 3930 2033 3992 quum
2076 3911 2285 3994 impe·

316 4000 469 4065 dire
523 4006 591 4063 et
645 3998 969 4062 violenter
1037 3994 1355 4078 repellere
1411 3995 1596 4080 pium
1653 3994 1937 4061 hominis
1993 3996 2286 4062 studium

316 4085 604 4163 vellent,
683 4080 1150 4148 tumultuando
1217 4081 1574 4146 fenestram
1640 4081 2053 4164 ampliorem,
2117 4089 2286 4147 totas

315 4173 529 4237 etiam
587 4170 762 4235 fores
830 4167 1089 4233 demum
1160 4174 1580 4249 aperuerunt.
1627 4159 1857 4246 sHaec
1927 4188 2064 4232 non
2117 4188 2193 4233 co
2250 4189 2289 4234 6

316 4257 521 4324 nobis
567 4254 904 4332 dicuntur,
961 4261 1038 4318 ut
1080 4260 1497 4335 praetextum
1552 4249 1887 4336 captemus
1940 4260 2205 4318 nostrae
2249 4275 2288 4319 a

315 4343 636 4428 pontifice
682 4339 1096 4407 defectionis:
1144 4361 1374 4405 verum
1419 4346 1493 4404 111
1535 4347 1875 4422 appareat,
1932 4340 2142 4423 qualis
2183 4340 2286 4404 fu-

315 4438 484 4495 tura
516 4427 718 4493 fuerit
753 4425 1280 4493 adversariorum
1316 4426 1629 4509 aequitas,
1676 4426 1732 4489 si
1769 4433 1972 4490 totam
2006 4426 2286 4510 papismi

316 4515 820 4597 corruptionem
856 4510 1059 4578 semel
1095 4510 1179 4575 ad
1213 4513 1441 4577 vivum
1476 4511 1868 4577 resecuisset
1909 4510 2286 4578 Lutherus:

313 4623 536 4686 quum
593 4599 808 4665 lenem
855 4620 931 4665 ac
987 4595 1389 4661 moderatam
1447 4597 2050 4681 reprehensionem,
2110 4620 2286 4664 eam-

314 4709 452 4772 que
519 4687 591 4751 in
655 4685 834 4752 vitiis
901 4682 1337 4767 palpabilibus
1406 4683 1582 4749 ferre
1642 4705 1778 4749 non
1833 4684 2284 4749 sustinuerint.

311 4774 560 4856 Neque
603 4791 762 4838 vero
808 4769 1092 4835 Lutheri
1136 4768 1484 4835 consilium
1528 4775 1688 4835 tunc
1731 4779 1905 4848 erat,
1963 4769 2044 4835 ab
2091 4771 2288 4835 Anti-

312 4859 564 4928 christi
607 4856 958 4943 tyrannide
996 4855 1273 4921 deficere
1287 4906 1304 4934 ,
1352 4854 1470 4919 sed
1511 4862 1774 4921 tantum
1815 4855 2070 4921 mederi
2112 4876 2288 4920 mor-

310 4945 428 5011 bis
472 4944 637 5023 illis,
695 4964 975 5026 quorum
1020 4949 1154 5006 tam
1207 4939 1417 5006 facilis
1458 4961 1656 5024 quam
1696 4943 2065 5008 necessaria
2106 4941 2288 5006 vide-

311 5031 530 5098 batur
595 5030 863 5096 curatio.
953 5028 1159 5110 Atqui
1228 5027 1534 5111 opinione
1597 5026 1802 5094 falsus
1867 5034 1984 5093 est.
2074 5028 2287 5092 Tanta

310 5118 508 5184 enim
552 5117 849 5182 omnium
895 5114 1452 5180 abominationum
1499 5113 1683 5179 sanie
1741 5115 2031 5180 scatebat
2070 5115 2288 5197 96916-

309 5224 505 5284 mus,
551 5209 632 5267 ut
674 5222 880 5285 quum
926 5200 1215 5284 primum
1252 5198 1588 5266 admoveri
1633 5220 1869 5265 manus
1913 5209 2144 5283 coepta
2168 5207 2286 5279 est,

312 5287 900 5442 quiffiemedium
943 5285 1203 5351 nullum
1240 5284 1505 5366 ferebat,
1553 5286 1885 5369 crepuerit
1926 5273 2254 5374 medin-s]

563 5395 627 5441 16
669 5393 825 5458 ergo
867 5371 1110 5438 habeat
1151 5371 1463 5457 Pighius:
1521 5392 1644 5437 nos
1687 5392 1822 5439 non
1864 5393 2073 5457 usque
2128 5365 2288 5438 adeo

546 5476 771 5533 06166111·
795 5491 982 5547 opera.
1058 5476 1175 5532 Vol.
1215 5471 1314 5531 VI.

2379 1248 2492 1312 tici
2538 1247 2695 1313 cleri
2740 1247 3330 1328 sceleratissimam,
3378 1256 3446 1313 et
3489 1250 3667 1314 omni
3712 1249 4143 1332 turpitudinis
4191 1254 4340 1329 [pag.

2387 1339 2491 1413 13]
2541 1355 2782 1418 genere
2821 1334 3235 1418 inquinatam
3279 1335 3486 1401 vitam
3504 1386 3520 1413 ,
3567 1354 3779 1418 neque
3823 1334 4184 1418 approbare
4228 1334 4341 1401 de-

2378 1417 2645 1485 buimus
2689 1420 2906 1501 initio,
2955 1442 3167 1503 neque
3212 1420 3471 1485 silentio
3516 1430 3632 1485 aut
3677 1420 4198 1487 dissimulatione
4243 1428 4339 1487 te-

2378 1500 2617 1601 geres
2643 1507 2744 1572 Ac
2799 1528 2883 1572 ne
2950 1528 3130 1589 nunc
3190 1505 3456 1589 quidem
3529 1527 3612 1571 ex
3678 1507 3888 1573 officio
3957 1529 4338 1591 possumus;

2379 1592 2766 1674 praesertim
2792 1614 3000 1676 quum
3035 1592 3336 1675 publicae
3371 1590 3841 1658 aedificationis
3877 1592 3943 1656 id
3973 1595 4337 1659 interesset.

2377 1676 2553 1742 Nam
2578 1698 2782 1758 quum
2811 1698 3010 1744 661166
3040 1679 3123 1744 ab
3158 1678 3319 1761 ipsis
3351 1678 3735 1761 proveniret
3764 1678 3951 1743 velut
3971 1679 4340 1745 communis

2380 1761 2700 1844 quaedam
2744 1764 3074 1847 contagiO,
3135 1784 3269 1830 non
3328 1763 3522 1829 aliter
3574 1765 3904 1847 potuimus
3956 1764 4028 1829 in
4070 1786 4342 1849 corpore

2379 1849 2524 1933 ipso
2623 1848 2789 1916 lebis
2845 1850 3006 1916 vitia
3056 1870 3417 1934 repurgare
3434 1901 3449 1930 ,
3504 1869 3700 1932 quam
3756 1870 3865 1915 eos
3925 1871 4180 1934 quoque
4233 1872 4339 1915 ar-

2379 1956 2557 2019 guen
2603 1956 2659 1999 6.
2700 1920 3007 2011 Aecum
3047 1935 3231 2000 illam
3266 1935 3467 2001 fuisse
3513 1934 3769 2001 dissidii
3810 1955 4094 2016 causam,
4139 1936 4336 2002 nimis

2379 2021 2756 2104 improbum
2794 2028 2895 2086 est
2936 2019 3381 2086 mendacium:
3431 2043 3635 2105 quum
3677 2042 3936 2105 semper
3979 2022 4158 2088 clara
4179 2044 4340 2089 voce

2379 2107 2657 2189 professi
2713 2106 3060 2185 fuerimuS,
3118 2127 3238 2173 nos
3310 2106 3393 2172 ad
3451 2107 3930 2173 coniunctionis
3999 2107 4340 2175 vinculum
4398 2114 4443 2141 '¹

2381 2213 2585 2275 purae
2638 2213 2963 2285 sanggqye
2996 2192 3353 2271 ‘doctrinae
3411 2212 3734 2257 consensu
3785 2193 3925 2258 fore
3981 2202 4341 2260 contentos.
4394 2196 4411 2245 1
4450 2204 4463 2211 “
4542 2230 4548 2239 =

2382 2264 2645 2359 Qffi'iffir
2664 2277 2745 2343 de
2796 2276 3203 2344 restituenda
3216 2262 3534 2344 *ecclesia
3577 2278 3949 2361 quaeritur,
4006 2278 4343 2345 doctrinae

2382 2363 2649 2446 quidem
2693 2363 2994 2429 addimus
3054 2363 3480 2448 disciplinam.
3571 2362 3707 2429 Sed
3766 2362 3948 2428 aliud
3991 2370 4116 2444 est,
4165 2364 4344 2430 colli-

2381 2449 2636 2533 gendae
2691 2450 2763 2514 in
2805 2450 3053 2517 bonum
3094 2448 3390 2515 ordinem
3436 2449 3745 2515 ecclesiae
3789 2448 4082 2529 studere,
4141 2451 4342 2528 aliud,

2384 2535 2468 2601 ab
2523 2536 2798 2602 ecclesia
2845 2556 2916 2602 se
2970 2535 3275 2600 alienare.
3365 2535 3514 2600 Hoc
3569 2534 3804 2599 merito
3858 2535 4048 2601 nobis
4107 2557 4363 2643 expro-l

2383 2620 2608 2687 braret
2638 2620 2943 2706 Pighius,
2983 2622 3039 2705 si
3060 2642 3320 2686 morum
3354 2627 3611 2686 tantum
3635 2622 4058 2704 corruptione
4093 2622 4365 2701 offensi,;
4458 2638 4471 2683 ·:

2384 2708 2772 2774 renunciata
2797 2707 3107 2774 ecclesiae
3138 2708 3464 2785 societate,
3493 2705 3576 2771 ad
3611 2727 3818 2773 novas
3862 2714 4085 2789 partes
4127 2694 4369 2783 trans-³,
4450 2712 4463 2723 ⁴

2385 2793 2718 2858 iissemus:
2765 2790 2883 2858 sed
2968 2814 3128 2858 uum
3163 2792 3387 2876 palam
3431 2793 3546 2871 sit,
3602 2790 3756 2867 inde
3792 2800 4094 2858 exortum
4147 2795 4348 2860 fuisse

2388 2878 2755 2960 dissidium,
2801 2813 2972 2962 quod

2390 2966 2596 3029 tuerit
2642 2966 2850 3030 iustas
2895 2971 2963 3029 61
3006 2970 3266 3030 sanctas
3315 2964 3560 3047 impiae
3595 2985 3716 3029 sua
3759 2963 4093 3053 doctrinae
4126 2988 4349 3049 repre-

2388 3051 2761 3129 hensiones,
2841 3049 2956 3116 uid
2990 3049 3177 3115 nobis
3214 3049 3428 3116 adhuc
3451 3049 3866 3116 discessionis
3902 3048 4152 3117 crimen
4186 3052 4350 3117 obii-

2390 3137 2602 3202 citur?
2650 3141 2662 3172 '
2693 3136 2800 3202 Ad
2852 3137 2942 3201 'ta
2983 3137 3203 3214 etiam,
3251 3135 3308 3201 si
3342 3137 3489 3201 Deo
3532 3135 3762 3219 placet,
3806 3136 3981 3202 facili
4007 3139 4056 3222 ¹)
4104 3138 4351 3203 calum-

2390 3183 2774 3301 niafsolam
2817 3221 3268 3287 morositatem
3312 3221 3382 3286 in
3426 3239 3624 3286 causa
3662 3222 3892 3300 fuisse,
3942 3223 4117 3305 quod
4161 3225 4351 3290 nobis

2391 3308 2550 3373 cleri
2576 3328 2810 3386 ‚mores
2851 3307 3071 3372 minus
3114 3306 3284 3372 bene
3327 3309 3669 3389 compositi
3716 3306 4155 3391 displicerent.

2528 3375 2854 3459 ἵῬ6116(16
2897 3393 3055 3457 facit
3096 3391 3408 3475 Pighius,
3456 3413 3532 3459 ac
3574 3393 3763 3476 pueri
3806 3393 3880 3457 in
3925 3394 4196 3461 scholis:
4237 3396 4353 3478 qui

2391 3479 2516 3546 sibi
2558 3480 2826 3563 fingunt
2860 3476 3319 3543 declamitandi
3353 3479 3715 3543 materiam.
3788 3477 3941 3544 Duo
3978 3481 4156 3546 enim
4190 3480 4354 3549 haec

2388 3565 2716 3649 principia
2757 3563 2881 3630 sibi
2924 3563 3156 3630 sumit:
3217 3584 3337 3629 nos
3385 3563 3800 3630 discessionis
3845 3571 4107 3632 autores
4151 3568 4355 3634 exsti-

2391 3651 2581 3717 tisse:
2629 3671 2841 3733 neque
2882 3648 2950 3714 id
2993 3648 3194 3714 aliam
3237 3649 3320 3715 ob
3366 3670 3651 3730 causam,
3694 3649 3823 3716 nisi
3867 3651 4038 3734 quod
4082 3672 4351 3736 corrup-

2392 3737 2559 3802 tiore
2603 3733 3018 3802 sacerdotum
3065 3736 3201 3801 vita
3252 3733 3752 3802 offenderemur.
3840 3736 3988 3802 Iam
4033 3759 4354 3821 negamus

2391 3823 2657 3888 initium
2701 3821 3130 3905 separationis
3174 3840 3215 3885 a
3254 3822 3444 3887 nobis
3487 3822 3737 3888 factum
3774 3842 3933 3901 esse,
3982 3832 4049 3888 et
4092 3845 4176 3889 ne
4221 3831 4354 3888 ter-

2392 3908 2717 3992 giversari
2760 3906 3132 3986 videamur,
3177 3927 3319 3973 rem
3371 3908 3614 3992 ipsam,
3660 3917 3737 3972 ut
3790 3917 3977 3992 gesta
4030 3915 4156 3986 est,
4203 3931 4354 3992 pro-

2393 3994 2685 4059 ferimus.
2775 3992 2810 4056 1
2857 4015 2932 4058 sa
2987 3991 3401 4057 luculentum
3455 3992 3640 4058 nobis
3700 3992 4152 4058 testimonium
4207 3994 4355 4059 red-

2395 4079 2524 4159 dit,
2583 4080 2740 4145 hinc
2846 4078 3077 4145 ‘visam
3134 4078 3336 4144 fuisse
3385 4078 3759 4157 ecclesiam,
3815 4077 3987 4161 quod
4042 4095 4354 4147 romanus

2393 4165 2847 4233 Antichristus
2904 4185 3012 4229 eos
3069 4183 3325 4243 omnes,
3386 4164 3500 4247 qui
3550 4171 3669 4229 aut
3711 4184 3829 4247 pro
3885 4163 4161 4230 veritate
4206 4185 4356 4232 ver-

2393 4252 2555 4316 bum
2598 4253 2811 4318 facere
2855 4248 3201 4328 auderent,
3247 4258 3364 4314 aut
3406 4271 3552 4314 eam
3596 4249 4170 4332 amplecterentur,
4216 4252 4357 4318 vio·

2394 4337 2591 4403 lentis
2627 4360 2703 4404 ac
2739 4335 3105 4422 tyrannicis
3138 4334 3368 4416 modis,
3411 4334 3595 4400 nulla
3630 4336 3999 4420 cognitione
4039 4336 4355 4422 legitima,

2392 4444 2526 4489 non
2570 4421 2764 4489 modo
2806 4427 3069 4505 praeter
3109 4441 3364 4487 morem
3406 4421 3934 4501 ecclesiasticum,
3980 4423 4095 4488 sed
4130 4430 4359 4488 contra

2394 4515 2544 4588 [pag.
2599 4514 2703 4589 14]
2766 4528 3031 4573 omnem
3088 4506 3565 4572 humanitatem
3632 4508 3903 4590 expulit.
3992 4509 4085 4573 Et
4141 4507 4357 4574 adhuc

2395 4616 2544 4660 reos
2591 4593 2975 4660 defectionis
3011 4613 3131 4659 nos
3177 4593 3417 4659 facient
3458 4594 3944 4671 Romanenses,
3991 4615 4191 4676 quum
4236 4615 4355 4659 nos

2394 4702 2434 4746 6
2477 4702 2599 4746 6116
2642 4679 3077 4763 qualicunque
3134 4679 3587 4745 communione
3632 4682 3845 4746 saevis
3892 4687 3959 4743 ct
4001 4679 4356 4764 sanguina-

2393 4768 2510 4833 riis
2555 4764 2791 4832 edictis
2837 4766 2967 4848 ipsi
3020 4765 3272 4847 priores
3329 4764 3817 4848 abdicaverint?
3901 4766 4105 4848 Atqui
4150 4766 4356 4830 satius

2393 4853 2636 4931 fuerat,
2682 4850 3035 4916 tolerantia
3079 4857 3147 4916 ct
3189 4850 3451 4917 silentio
3494 4872 3723 4935 pacem
3765 4849 4119 4930 redimere,
4164 4858 4242 4916 ut
4281 4853 4355 4916 in

2392 4938 2543 5004 fidei
2584 4938 2843 5003 unitate
2883 4956 3443 5020 permaneremus,
3502 4957 3696 5020 quam
3756 4936 4035 5004 nimium
4093 4937 4354 5003 acribus

2392 5048 2428 5089 r
2538 5024 2701 5090 ediis
2736 5022 3000 5089 exitiale
3034 5021 3108 5086 in
3151 5029 3288 5088 toto
3322 5044 3588 5108 corpore
3623 5021 4002 5088 incendium
4045 5024 4350 5089 excitare.

2463 5131 2617 5175 uam
2659 5117 2735 5176 tu
2769 5110 2887 5175 1116
2925 5107 3091 5174 mihi
3134 5129 3396 5192 pacem,
3460 5115 3529 5175 et
3577 5129 3776 5191 quam
3825 5107 3979 5174 fidei
4031 5109 4354 5175 unitatem

2534 5316 2594 5384 1)
2632 5316 2809 5399 facili,
2855 5315 3052 5384 legitur
3084 5314 3149 5368 in
3182 5312 3302 5367 sola
3336 5313 3571 5369 editione

3641 5315 3867 5385 rincipe.
3942 5312 4189 5369 Gallasii
4220 5312 4356 5370 zam-

2395 5394 2448 5443 et
2481 5402 2667 5443 omum
2698 5386 2899 5456 reliqui
2929 5384 3156 5439 habent:
3190 5381 3351 5452 futili,
3386 5388 3436 5438 et
3468 5385 3548 5439 sic

3640 5386 3785 5441 allus
3819 5384 4008 5438 vertit:
4039 5379 4248 5437 frivole.

3876 5469 3942 5521 16
4300 5478 4307 5487 ·

3002 2878 3453 2944 Antichristus
3498 2898 3808 2943 romanus
3849 2880 4021 2944 ferre
4055 2901 4189 2945 non
4232 2902 4375 2964 96-ὗ

4492 756 4533 825 1)
4555 714 4667 793 00
