4999 6179
1943 492 1951 498 -
1986 556 1993 561 ·
2059 454 2805 527 PROLEGOMENA„
4283 467 4468 536 m

416 648 505 712 tis
547 642 881 728 probabile
924 644 1028 711 sit.
1116 644 1302 711 Haec
1347 643 1479 713 ille.
1568 644 1714 709 Iam
1758 643 1923 711 haec
1957 645 2111 711 Viri
2154 645 2517 713 doctissimi
2561 647 2845 735 vestigia
2885 648 3180 734 legentes
3227 671 3346 717 nos
3393 672 3648 736 quoque
3665 705 3681 735 ,
3735 662 3804 719 et
3844 656 4281 725 vetustiorum
4323 656 4468 724 edi-

417 758 677 823 tionum
729 756 976 822 maiore
1033 756 1222 839 copia
1274 756 1585 823 instructi
1598 808 1615 836 ,
1665 762 1735 822 et
1789 757 2081 840 epistolis
2141 756 2536 842 quibusdam
2577 759 2846 827 ineditis
2891 761 3028 842 usi,
3087 781 3233 827 rem
3277 763 3474 829 altius
3519 758 3878 848 repetitam
3930 788 4070 833 non
4111 767 4466 837 infeliciter

386 868 766 955 ,indagasse
807 869 997 935 nobis
1023 869 1347 950 videmur,
1392 868 1662 953 tibique,
1708 869 2025 935 benevole
2069 869 2291 953 lector,
2335 891 2504 955 quae
2546 891 2722 938 nova
2763 874 2828 940 in
2876 872 3186 943 medium.
3210 874 3536 958 prolaturi
3580 898 3809 944 sumus
3852 852 4308 946 commendata
4349 902 4468 949 ve-

414 981 637 1048 limus.
728 982 828 1048 Ac
885 1002 969 1047 110
1023 1000 1063 1045 a
1117 978 1305 1047 nobis
1361 1002 1441 1047 ea
1498 974 1840 1063 eispectes
1894 1002 2062 1065 quae
2120 1003 2205 1047 ex
2254 983 2553 1048 consulto
2595 984 3024 1071 negligimus,
3078 987 3248 1054 scias
3303 1007 3427 1053 nos
3480 987 3606 1054 hoc
3648 990 3788 1056 loco
3831 990 3904 1055 in
3942 992 4024 1056 iis
4065 993 4463 1061 substituros

416 1114 588 1179 quae
642 1095 913 1179 propius
969 1092 1053 1158 ad
1098 1091 1454 1160 Calvinum
1508 1098 1812 1158 nostrum
1860 1093 2134 1178 eiusque
2191 1092 2317 1161 hac
2374 1096 2445 1161 in
2488 1102 2677 1178 parte
2721 1096 3109 1164 collocatam
3154 1099 3496 1183 pertinent
3537 1099 3937 1167 industriam
3975 1101 4460 1172 illustrandam.

728 1205 955 1273 Editio
1009 1207 1224 1289 prima
1271 1205 1617 1289 Liturgiae
1674 1204 2090 1271 calvinianae
2146 1227 2202 1271 a.
2257 1210 2419 1271 1542
2433 1258 2450 1287 ,
2509 1227 2706 1290 quam
2763 1228 2965 1291 supra
3020 1230 3104 1274 ex
3159 1209 3555 1277 bibliotheca
3611 1212 4101 1297 stuttgardiana
4153 1213 4461 1282 collatam

420 1319 920 1402 descripsimus,
978 1317 1271 1384 continet
1322 1318 1392 1381 in
1446 1316 1552 1381 fol.
1602 1319 1693 1381 a6
1708 1317 1832 1382 ——i
1848 1322 1905 1397 5,
1962 1317 2213 1402 absque
2254 1317 2392 1383 ulla
2432 1318 2758 1402 peculiari
2801 1321 3230 1405 inscriptione
3245 1373 3263 1403 ,
3310 1322 3589 1409 triginta
3631 1324 3919 1408 quinque
3962 1324 4251 1409 psalmos
4293 1349 4449 1394 ver-

310 1500 325 1511 ,
419 1431 601 1498 sibus
656 1429 912 1516 gallicis
968 1427 1288 1507 redditos,
1344 1427 1597 1495 scilicet
1650 1427 2023 1511 quindecim
2066 1431 2344 1513 primos,
2400 1450 2587 1495 more
2642 1430 2947 1498 hebraico
3000 1442 3383 1500 numeratos
3439 1434 3854 1518 (memineris
3899 1437 4080 1501 enim
4122 1439 4463 1505 Marotum

415 1541 705 1610 Vatablo
763 1541 928 1609 duce
981 1542 1054 1606 in
1112 1540 1446 1608 vertendis
1500 1538 1770 1624 psalmis
1826 1562 2052 1622 usum,
2117 1563 2251 1607 non
2308 1542 2587 1627 vulgata
2642 1542 2978 1628 editione),
3035 1551 3208 1611 tum:
3291 1551 3387 1611 19.
3435 1549 3537 1610 22.
3587 1550 3688 1611 24.
3735 1551 3841 1612 25.
3895 1551 3996 1613 32.
4053 1552 4152 1614 36.
4203 1553 4303 1616 37.
4353 1555 4455 1617 38.

415 1659 521 1721 46.
573 1659 671 1720 51.
722 1659 823 1719 91.
882 1657 1017 1718 103.
1072 1658 1213 1718 104.
1267 1656 1407 1717 113.
1463 1656 1603 1718 114.
1658 1656 1797 1718 115.
1852 1656 1989 1718 130.
2036 1657 2175 1718 137.
2230 1657 2368 1719 138.
2426 1657 2565 1719 143.
2669 1652 2927 1735 Quibus
2984 1656 3301 1723 accedunt
3368 1657 3721 1739 (Danti—oum
3783 1657 4150 1741 SimeoniS,
4223 1659 4461 1728 Oratio

421 1767 780 1843 dominica,
840 1764 1232 1849 Symbolum
1291 1763 1721 1859 apostolicum
1774 1762 1951 1848 quod
1993 1764 2263 1845 dicitur,
2323 1773 2390 1830 et
2430 1764 2812 1852 Decalogus
2828 1819 2843 1845 ,
2903 1769 3126 1833 omnia
3180 1769 3487 1834 similiter
3529 1769 3733 1854 ligato
3778 1791 4079 1855 sermone
4123 1794 4458 1858 expressa.

344 1976 359 1987 υ
417 1877 720 1964 Singulis
762 1877 1168 1943 carminibus
1210 1877 1671 1963 praefiguntur
1726 1884 1921 1943 notae
1978 1878 2267 1944 musicae
2312 1877 2398 1943 ad
2439 1898 2721 1962 quarum
2775 1879 3043 1944 modum
3088 1887 3158 1945 et
3208 1880 3426 1967 legem
3480 1902 3558 1946 ea
3598 1881 3670 1946 in
3717 1881 4009 1950 coetibus
4054 1887 4258 1953 sacris
4302 1907 4460 1953 can-

413 1992 543 2057 tari
585 1989 927 2056 debebant.

502 2174 511 2183 ,
726 2101 953 2169 Editio
997 2121 1194 2184 quam
1239 2098 1530 2165 diximus
1573 2098 1968 2179 secundam,
2012 2102 2576 2185 argentoratensis
2629 2123 2686 2167 a.
2740 2105 2933 2180 1545,
2993 2102 3279 2168 Psalmis
3333 2104 3709 2187 praemittit
3761 2105 3872 2171 fol.
3922 2111 4000 2173 16
4058 2110 4460 2192 praefatiun-

414 2215 631 2284 culam
672 2212 1000 2295 ἀνώνυμον,
1046 2233 1214 2296 quae
1257 2212 1534 2278 fortasse
1579 2210 1893 2277 Garnerii
1937 2217 2057 2291 est,
2102 2213 2376 2279 minime
2420 2234 2579 2281 vero
2624 2211 2888 2279 Calvini
2951 2210 3227 2280 dicenda
3271 2214 3415 2279 erit.
3504 2215 3703 2283 Hanc
3745 2224 4004 2301 tamen,
4047 2226 4273 2305 utpote
4316 2242 4456 2287 non

414 2328 740 2407 inutilem,
784 2326 912 2393 1100
953 2325 1097 2392 1000
1141 2324 1547 2408 reponimus:

1272 2648 1399 2746 Au
1465 2649 1793 2747 Lecteur
1852 2654 2195 2746 crestIen
2249 2652 2464 2748 salut
2515 2665 2596 2747 et
2643 2620 2849 2772 pair
2901 2679 3003 2748 en
3059 2651 3248 2749 lesu
3309 2651 3587 2749 Christ.

730 2875 971 2942 Pource
1013 2873 1170 2959 qu’il
1212 2878 1304 2940 est
1345 2874 1721 2959 wesutilejet
1762 2876 2109 2941 necessaire
2146 2874 2355 2942 d'ouir
2402 2879 2460 2940 et
2498 2874 2761 2942 mediter
2799 2875 2948 2940 iom-
2989 2881 3046 2940 et
3086 2876 3259 2942 παίω
3303 2876 3372 2942 la
3414 2878 3650 2943 saincte
3679 2877 3932 2959 parone
3974 2878 4053 2944 de
4083 2877 4275 2960 Dieu,
4322 2885 4460 2947 tant

318 3054 329 3063 .
403 3012 583 3081 pour
626 2991 692 3057 la
732 2988 1111 3056 consolation
1153 2987 1231 3053 de
1274 3006 1393 3051 noa
1437 2985 1718 3068 Espritz,
1763 3005 1881 3068 que
1911 3004 2146 3069 powrce
2190 2985 2408 3069 qu’elle
2448 3006 2610 3053 nous
2649 2988 2848 3053 donne
2890 2986 2960 3053 la
3001 3006 3195 3070 vraye
3236 2988 3669 3073 coynoissance
3712 2988 3801 3053 du
3849 2986 4153 3073 Seiyneur
4186 2991 4363 3059 Dieu
4403 2998 4463 3058 et

417 3108 499 3174 de
547 3125 665 3173 son
724 3101 968 3182 Christ,
1026 3121 1091 3169 ce
1131 3097 1297 3182 'qu’il
1350 3103 1443 3164 est
1495 3103 1705 3164 nostre
1745 3099 1844 3164 vie
1895 3102 1953 3163 et
2003 3097 2200 3179 salut,
2254 3099 2390 3183 i’ay
2442 3097 2584 3165 bien
2623 3098 2840 3179 oculu,
2894 3100 3158 3166 crestien
3209 3099 3463 3181 lectewr,
3516 3101 3689 3183 faire
3742 3101 4075 3182 imprimer
4109 3121 4178 3170 ce
4205 3123 4341 3186 peu
4381 3104 4461 3171 de

420 3217 794 3287 Pseaulmes
834 3234 952 3296 que
993 3213 1126 3296 i’ay
1166 3230 1303 3293 peu
1345 3229 1693 3290 recouvrer,
1750 3230 2048 3293 avecqnes
2088 3210 2227 3276 leur
2279 3210 2490 3292 chent,
2544 3209 2709 3293 affin
2750 3230 2870 3293 que
2919 3215 2990 3275 tu
3033 3230 3247 3276 eusses
3285 3210 3598 3282 chan-sons
3647 3212 3972 3279 honnestes
3985 3264 4001 3294 ‚
4055 3215 4465 3299 t‘enseiqvmt

414 3330 689 3400 vamour
733 3332 791 3394 et
831 3307 1100 3392 craincte
1141 3323 1218 3390 de
1261 3321 1455 3402 Dim,
1501 3339 1590 3387 au
1630 3320 1761 3387 lieu
1803 3321 1881 3387 de
1920 3320 2101 3387 celles
2141 3342 2260 3404 que
2303 3326 2789 3388 communement
2831 3341 2910 3386 on
2953 3321 3197 3402 chante,
3241 3322 3355 3404 qm·
3406 3341 3485 3388 ne
3524 3327 3664 3389 sont
3704 3344 3824 3407 que
3864 3323 3942 3389 de
3970 3325 4362 3407 pailzardise
4402 3334 4462 3396 d

417 3446 581 3512 toute
623 3438 887 3506 villenie.
976 3434 1085 3502 En
1136 3456 1298 3519 quoy
1350 3454 1447 3500 me
1499 3431 1722 3501 semble
1765 3437 2076 3516 qu'auras
2113 3433 2354 3518 grande
2396 3432 2633 3514 utaite,
2687 3438 2822 3499 tant
2861 3452 3036 3518 pour
3079 3434 3146 3500 la
3188 3433 3426 3500 saincte
3468 3435 3772 3516 doctrine,
3817 3436 4102 3521 louenyes
4144 3443 4201 3503 ct
4237 3459 4460 3524 9νοοω

413 3555 461 3621 ὰ
503 3553 699 3636 Dieu,
746 3548 1201 3616 exhortations
1210 3546 1255 3612 ὰ
1298 3566 1542 3630 esperer
1581 3547 1624 3612 ὰ
1667 3545 1736 3613 la
1777 3544 1956 3611 bont&
2013 3551 2070 3611 et
2111 3544 2511 3612 misericorde
2553 3545 2796 3626 divine,
2842 3551 2900 3612 et
2941 3544 3303 3612 semblables
3346 3545 3556 3613 choses
3599 3568 3717 3631 que
3758 3552 3829 3613 tu
3871 3552 4200 3616 trouveras
4238 3571 4316 3617 en
4354 3571 4456 3619 ces

420 3664 811 3743 Pseoanes,
856 3681 976 3745 que
1007 3680 1182 3744 pom·
1225 3659 1280 3724 le
1322 3657 1437 3725 bon
1479 3657 1752 3741 exemple
1793 3678 1911 3741 que
1963 3663 2034 3723 tu
2074 3677 2361 3740 pourras
2412 3659 2647 3725 donner
2691 3658 2734 3722 ὰ
2777 3662 2883 3723 ton
2922 3656 3265 3741 prochain,
3309 3679 3484 3741 pour
3543 3659 3814 3726 l’exciter
3869 3659 3914 3724 ὰ
3955 3659 4075 3726 lire
4116 3660 4185 3728 la
4225 3663 4461 3730 saincte

419 3778 780 3860 eser-ipnwe,
825 3777 879 3840 et
921 3792 1150 3840 comme
1196 3770 1262 3836 S.
1315 3769 1488 3836 Paul
1529 3790 1688 3836 nous
1729 3772 2014 3853 enseiyne
2056 3770 2310 3836 chanter
2352 3776 2411 3836 et
2451 3770 2593 3838 dire
2639 3769 3010 3837 Pseaulmes
3052 3791 3140 3835 au
3187 3768 3509 3855 Βάρκην,
3556 3771 3842 3855 louenqes
3882 3776 3941 3838 et
3979 3772 4287 3841 chansons
4328 3776 4462 3859 spi-

418 3887 733 3966 rituam-s,
790 3885 1067 3951 rendans
1108 3885 1424 3950 tousiours
1461 3901 1680 3966 qraces
1723 3881 1766 3946 ὰ
1808 3873 1985 3948 Dion
2015 3902 2186 3968 pom·
2226 3886 2425 3948 tontes
2468 3880 2705 3961 choses,
2750 3901 2838 3946 aa
2885 3879 3052 3946 Nom
3093 3882 3169 3947 de
3209 3887 3418 3948 nostre
3474 3878 3782 3968 Seiyneur
3825 3882 3979 3950 Iesu
4025 3882 4250 3950 Glmst.
4341 3883 4416 3948 I’
4417 3907 4465 3971 y

422 4021 510 4085 ay
554 3997 841 4067 adiouste
884 3997 994 4062 des
1028 3996 1222 4077 petite
1276 3994 1499 4059 traitee
1551 3994 1625 4060 de
1672 3994 1739 4060 la
1781 3995 2019 4059 saincte
2065 3991 2224 4059 Uene
2266 3994 2341 4058 de
2383 3998 2590 4061 nostre
2635 3991 2942 4077 Seiyneur
2997 3997 3055 4058 et
3109 3993 3200 4059 du
3253 3994 3457 4061 sainct
3499 3992 3871 4076 Baptesme,
3921 3994 4192 4079 lesquelz
4241 4015 4471 4064 comme

423 4112 686 4178 i'estime
730 4130 808 4175 ne
849 4114 908 4174 te
949 4110 1156 4172 seront
1184 4107 1371 4189 point
1414 4104 1670 4172 inutaes
1716 4105 1758 4169 ὰ
1799 4104 1935 4169 zia-e.
2028 4102 2103 4169 Ie
2147 4110 2204 4170 te
2235 4105 2384 4188 prio
2425 4105 2504 4171 de
2533 4104 2815 4186 prendre
2859 4121 2936 4169 en
2979 4103 3175 4171 bonne
3205 4110 3367 4188 part
3406 4125 3471 4172 ce
3500 4106 3664 4188 petit
3703 4105 3890 4172 livret
3939 4111 4000 4172 et
4041 4126 4118 4173 en
4152 4107 4322 4189 faire
4366 4113 4472 4174 ton

413 4222 707 4309 prouffit.
796 4220 898 4286 La
929 4220 1100 4302 pain:
1144 4218 1232 4283 du
1280 4216 1588 4301 Seiyneur
1632 4215 1819 4282 Iesus
1862 4214 2075 4283 Christ
2117 4216 2237 4281 soit
2280 4235 2462 4298 avecq
2506 4220 2621 4300 toy.
2710 4215 2935 4281 Amen.

742 4330 935 4413 Quae
988 4330 1098 4396 hic
1155 4329 1237 4394 de
1287 4328 1561 4413 psalmis
1618 4351 1659 4394 a
1710 4350 1782 4394 se
1832 4328 2213 4413 conquisitis
2275 4325 2433 4395 dicit
2486 4333 2680 4393 autor
2733 4327 2859 4394 hoc
2915 4329 3173 4395 efficere
3219 4327 3561 4409 videntur,
3623 4329 3917 4394 carmina
3959 4329 4031 4395 i‘n
4077 4331 4201 4396 isto
4244 4330 4471 4398 libello

424 4446 718 4526 collecta,
765 4466 842 4511 eo
884 4451 1182 4526 tempore
1226 4461 1355 4525 quo
1397 4441 1690 4525 primum
1731 4440 1858 4507 hoc
1898 4442 2241 4520 scribebat,
2286 4437 2586 4505 nondum
2628 4439 2829 4505 simul
2873 4439 3050 4506 edita
3105 4441 3323 4507 fuisse.
3416 4411 3757 4525 Quidquid
3781 4441 3908 4520 ·sit,
3953 4448 4317 4525 sequuntur
4358 4440 4472 4508 fol.

432 4561 729 4625 17--112
774 4553 1027 4623 Psalmi
1074 4554 1200 4619 1100
1244 4552 1436 4619 titulo
1479 4552 1807 4637 insigniti:
1852 4561 2294 4618 PSEAVLMES
2336 4561 2440 4616 EN
2491 4560 2877 4617 FRANCOYS
2920 4561 3069 4616 PAR
3114 4561 3176 4616 C.
3213 4561 3487 4618 MAROT.
3577 4549 3882 4638 Singulis
3932 4553 4320 4637 praefigitur
4362 4573 4471 4619 ar-

427 4676 825 4758 gumentum
868 4665 1184 4756 gallicum
1226 4672 1294 4730 et
1330 4665 1592 4731 rubrica
1631 4663 1860 4745 latina,
1904 4665 1947 4730 i.
1997 4686 2053 4730 0.
2096 4664 2313 4747 prima
2352 4663 2667 4747 cuiusque
2709 4662 2917 4732 verba
2957 4686 3042 4729 ex
3085 4664 3387 4730 versione
3421 4664 3699 4750 vulgata
3731 4684 3853 4747 pro
3890 4685 4071 4730 more
4105 4664 4477 4748 desumpta.

428 4783 855 4867 Argumenta
899 4779 1286 4862 plerumque
1330 4776 1618 4858 psalmos
1658 4797 1743 4842 ex
1787 4776 2065 4842 historia
2109 4774 2389 4844 Davidis
2444 4775 2797 4841 illustrant.
2886 4775 3082 4842 Unus
3127 4784 3353 4841 tamen
3398 4778 3544 4861 (79)
3581 4776 3667 4841 ad
3710 4777 4285 4860 persequutionem
4328 4779 4475 4844 An-

431 4892 636 4962 tiochi
676 4890 1050 4979 Epiphanis
1090 4888 1403 4968 refertur,
1457 4909 1625 4971 quae
1669 4895 1737 4954 et
1789 4896 2018 4973 postea
2061 4889 2326 4957 Calvini
2383 4887 2711 4954 sententia
2752 4885 2878 4951 fuit
2920 4887 2993 4952 in
3036 4888 3179 4953 01110
3223 4886 3721 4954 Commentario
3764 4886 4241 4955 commendata.
4332 4889 4474 4955 Ad·-

432 5013 595 5073 sunt
635 5004 876 5090 psalmi
918 4999 1370 5087 praecedentis
1416 4997 1718 5068 editionis
1764 5021 1993 5066 omnes
2014 5008 2301 5084 praeter
2343 5021 2558 5091 unum
2603 4998 2787 5083 (113)
2832 4998 2905 5063 in
2948 4999 3133 5067 cuius
3176 4999 3396 5067 locum
3439 4997 3734 5065 eiusdem
3781 5000 3997 5066 versio
4048 4999 4178 5065 alia
4228 4999 4476 5066 substi-

431 5125 583 5185 tuta
625 5125 743 5183 est.
833 5116 1191 5182 Praeterea
1225 5133 1343 5178 suo
1385 5111 1527 5177 loco
1569 5111 1955 5182 inseruntur
1996 5112 2071 5178 hi
2104 5113 2447 5180 tredecim:
2497 5116 2598 5178 23.
2645 5115 2745 5177 33.
2793 5113 2897 5175 43.
2948 5114 3046 5176 50.
3097 5115 3197 5176 72.
3245 5116 3345 5176 79.
3394 5114 3496 5176 86.
3548 5115 3690 5176 101.
3743 5114 3885 5176 110.
3938 5115 4080 5176 118.
4133 5114 4273 5176 120.
4325 5113 4473 5178 128.

441 5233 605 5310 142,,
629 5237 700 5297 et
740 5229 813 5294 in
855 5228 988 5293 fine
1029 5232 1183 5311 post
1224 5232 1484 5292 caetera
1525 5225 1784 5291 cantica
1827 5245 2026 5310 supra
2066 5232 2428 5291 memorata
2470 5223 2601 5289 duo
2645 5244 2846 5304 nova,
2892 5223 3107 5289 versio
3143 5203 3355 5288 altera
3395 5223 3746 5309 Decalogi,
3793 5222 3981 5290 cuius
4019 5223 4115 5288 ita
4156 5221 4324 5289 duae
4359 5222 4473 5289 hio

434 5340 789 5421 habentur,
835 5346 903 5405 et
945 5336 1272 5405 Salutatio
1314 5337 1587 5405 Christo
1642 5334 1797 5404 Iesu
1853 5336 2045 5404 dicta.
2141 5338 2307 5404 Post
2361 5337 2690 5403 canticum
2733 5333 3092 5416 Simeonis,
3148 5332 3322 5417 quod
3375 5335 3666 5417 primum
3719 5334 3937 5402 locum
3985 5333 4241 5492 &tinet
4294 5336 4473 5401 inter
