4999 6179
1724 1053 2310 1157 IOANNES
2366 1057 3030 1162 CALVINUS

1318 1210 1897 1280 eLAmssmo
1944 1213 2180 1282 VIRO
2224 1217 2680 1286 PHILtPPo
2728 1221 3437 1291 MELANOTHONI.

663 1399 812 1465 Etsi
858 1419 980 1466 neo
1026 1399 1358 1485 singulare
1415 1399 1579 1466 illud
1620 1400 1847 1467 iudicii
1903 1402 2000 1468 tui
2047 1425 2357 1485 acumen,
2428 1406 2603 1491 quod
2646 1408 2791 1475 iure
2846 1409 3181 1476 mirantur
3227 1432 3475 1494 omnes,
3521 1414 3786 1500 ignoro,
3849 1424 3918 1482 et
3973 1417 4115 1483 eius
4154 1437 4393 1484 censu-

360 1532 502 1578 ram
519 1563 534 1591 ‚
596 1510 792 1577 sicuti
834 1532 957 1596 par
1001 1518 1132 1592 est,
1190 1530 1522 1578 revereor:
1585 1512 1883 1579 libellum
1930 1523 2154 1581 tamen
2197 1515 2376 1583 hunc
2417 1518 2474 1584 si
2528 1520 2842 1602 privatim
2889 1520 3012 1587 tibi
3066 1522 3421 1608 legendum
3475 1525 3809 1592 mitterem
3824 1578 3840 1607 ,
3896 1527 4104 1595 fretus
4148 1527 4391 1594 amoris

359 1643 515 1707 erga
557 1628 623 1689 te
665 1623 796 1688 mei
841 1622 988 1703 fide,
1034 1645 1167 1689 non
1212 1622 1408 1708 longa
1451 1624 1871 1690 excusatione
1916 1631 2154 1693 uterer.
2227 1628 2426 1696 Nunc
2470 1636 2693 1697 autem
2738 1635 2892 1717 quia
2935 1632 3195 1716 publice
3239 1635 3597 1703 inscribere
3636 1636 3756 1704 tibi
3799 1658 4001 1705 ausus
4045 1660 4212 1718 sum,
4257 1659 4392 1704 non

359 1733 695 1801 defiituros
741 1735 873 1801 scio
889 1787 906 1815 ‚
966 1737 1075 1818 qui
1137 1735 1527 1801 temeritatis
1570 1735 1642 1800 in
1687 1757 1762 1801 eo
1805 1757 1912 1802 me
1957 1746 2286 1805 accusent.
2374 1741 2630 1807 Eorum
2675 1744 2882 1829 igitur
2925 1766 3125 1812 causa
3169 1746 3341 1831 quod
3384 1768 3649 1815 necesse
3693 1748 3868 1832 apud
3902 1757 3978 1819 xte
4020 1769 4156 1815 non
4200 1756 4392 1829 esset,
4468 1798 4475 1803 -

357 1847 531 1913 unde
587 1847 758 1914 hanc
813 1846 1121 1914 fiduciam
1191 1847 1480 1932 ceperim
1494 1898 1510 1927 ,
1568 1847 1858 1914 breviter
1916 1869 2260 1932 exponam.
2352 1852 2708 1937 Principio,
2769 1875 2922 1920 eum
2979 1855 3101 1921 tibi
3145 1856 3392 1924 librum
3449 1860 3651 1926 offero
3664 1911 3681 1939 ,
3740 1880 3937 1943 quem
3991 1858 4233 1944 duplici
4274 1881 4393 1926 no-

352 1959 532 2024 mine
573 1958 693 2025 tibi
731 1966 995 2043 gratum
1034 1959 1174 2025 fore
1216 1964 1393 2025 certo
1441 1959 1625 2025 novi:
1682 1968 1824 2025 tum
1870 1960 2047 2043 quod
2100 1982 2209 2027 me
2253 1982 2437 2029 amas
2502 1972 2800 2031 autorem
2821 2017 2838 2045 ,
2896 1973 3040 2033 tum
3091 1969 3268 2050 quod
3321 1970 3472 2052 piae
3519 1991 3847 2053 sanaeque
3895 1969 4227 2038 doctrinae
4276 1971 4387 2037 de-

350 2071 712 2137 fensionem
756 2071 1072 2138 continet:
1120 2069 1306 2136 cuius
1351 2078 1425 2134 tu
1469 2090 1604 2136 non
1647 2070 1839 2138 modo
1886 2071 2402 2141 studiosissimus
2446 2096 2518 2141 es
2563 2076 2801 2157 cultor,
2847 2077 2965 2143 sed
3009 2079 3291 2145 eximius
3335 2081 3861 2165 fortissimusque
3905 2082 4168 2149 vindex.
4261 2083 4393 2148 Ac·
4470 2106 4477 2113 ·

351 2182 527 2248 cedit
582 2192 651 2249 et
705 2183 902 2248 tertia
959 2181 1436 2271 oqmmendatio
1453 2233 1468 2261 ,
1529 2202 1734 2265 eaque
1786 2205 1920 2250 non
1964 2184 2297 2270 vulgaris,
2344 2185 2519 2269 quod
2563 2188 2846 2272 simplex
2890 2209 2967 2256 ac
3012 2190 3345 2256 sincerum
3391 2198 3522 2271 est,
3579 2213 3705 2274 quo
3750 2200 3930 2273 utor,
3990 2192 4390 2260 defensionis

351 2317 576 2381 genus.
665 2293 1013 2377 Quantum
1057 2295 1235 2360 enim
1280 2306 1320 2359 a
1363 2294 1649 2361 versutis
1691 2295 2104 2380 obliquisque
2147 2296 2218 2362 in
2263 2295 2658 2381 disputando
2703 2301 2953 2367 artibus
2969 2352 2985 2381 ,
3032 2322 3200 2385 quae
3245 2302 3440 2369 claris
3486 2302 3727 2385 alioqui
3771 2305 4144 2388 apertiswe
4188 2303 4389 2370 rebus

347 2408 655 2475 tenebras
696 2407 1045 2486 obducant,
1093 2406 1175 2472 ab
1222 2405 1401 2472 omni
1448 2404 1726 2491 denique
1761 2407 1910 2474 fuco
1956 2415 2024 2473 et
2071 2408 2427 2492 sophistica
2470 2409 2810 2477 abhorres:
2854 2417 3116 2478 tantum
3151 2411 3271 2479 tibi
3314 2413 3531 2497 placet
3563 2412 3744 2480 nuda
3774 2414 4193 2499 ingenueque
4228 2436 4379 2499 per-

352 2520 684 2604 spicuitas,
729 2540 898 2603 quae
939 2538 1100 2598 rem,
1148 2518 1289 2584 sine
1333 2517 1489 2583 ullis
1535 2516 1918 2598 involucris,
1965 2527 2120 2584 ante
2164 2520 2384 2587 oculos
2430 2528 2680 2587 statuat
2725 2529 2919 2606 atque
2963 2530 3269 2608 exponat.
3337 2525 3560 2609 Atque
3604 2525 3770 2592 haec
3808 2532 3929 2591 tua
3970 2525 4206 2605 virtus,
4255 2526 4383 2593 sic-

348 2640 427 2697 ut
450 2640 551 2698 est
573 2630 706 2696 rari
737 2630 1039 2713 exempli,
1084 2630 1178 2694 ita
1204 2650 1517 2715 magnam
1551 2649 1746 2714 saepe
1791 2630 1958 2696 mihi
2003 2630 2506 2698 admirationem
2533 2633 2760 2713 movit,
2807 2633 2981 2718 quod
3015 2656 3221 2719 quum
3254 2634 3621 2703 incredibili
3658 2635 4062 2722 perspicacia
4083 2636 4384 2715 excellaS,

345 2744 764 2828 simplicitate
808 2749 1029 2808 tamen
1073 2740 1240 2807 nihil
1282 2741 1527 2808 habeas
1568 2742 1921 2825 antiquius.
1992 2741 2262 2809 Valebit
2302 2743 2511 2827 igitur
2551 2765 2687 2811 non
2730 2767 2966 2829 parum
3011 2753 3079 2812 et
3121 2746 3283 2814 haec
3327 2768 3545 2828 causa,
3582 2748 3736 2828 scio,
3783 2747 3867 2813 ad
3911 2747 4386 2815 conciliandam

349 2854 571 2922 libello
611 2855 909 2940 gratiam.
998 2854 1357 2919 Praeterea
1399 2853 1692 2932 memini,
1735 2853 1857 2919 has
1901 2861 1969 2918 te
2013 2853 2362 2939 aliquando
2401 2855 2570 2921 mihi
2615 2856 2964 2925 mandasse
3008 2864 3262 2942 partes,
3317 2866 3395 2924 ut
3433 2860 3490 2926 si
3534 2879 3655 2926 nos
3697 2858 4025 2926 lacessere
4076 2868 4385 2946 pergeret

346 2965 648 3052 Pighius,
694 2965 778 3032 ad
818 2964 1306 3050 reprimendam
1353 2965 1495 3031 eius
1538 2966 1941 3049 proterviam
1984 2962 2230 3050 aliquid
2275 2969 2772 3035 conscriberem.
2864 2966 3062 3050 Quod
3105 2974 3330 3036 tamen
3375 2977 3452 3035 ut
3493 2970 3709 3037 facere
3750 2992 3928 3038 nunc
3973 2970 4242 3037 demum
4283 2972 4385 3035 in-

346 3079 653 3162 ciperem,
698 3099 833 3145 non
869 3076 1062 3144 modo
1109 3083 1225 3143 tua
1269 3076 1618 3143 autoritate
1663 3075 2004 3158 adductus,
2051 3076 2168 3145 sed
2209 3078 2353 3146 eius
2397 3100 2652 3163 quoque
2694 3080 3112 3164 improbitate
3156 3080 3532 3166 compulsus
3574 3081 3686 3147 fui.
3776 3081 4002 3149 Libris
4047 3081 4226 3149 enim
4269 3080 4381 3148 de-

346 3213 490 3259 cem
535 3191 616 3256 de
671 3190 874 3257 libero
934 3189 1202 3256 arbitrio
1249 3196 1317 3254 et
1368 3188 1969 3288 praedestinatione
2012 3211 2227 3273 nuper
2284 3190 2477 3257 editis
2493 3242 2510 3271 ,
2572 3191 2886 3275 quidquid
2931 3191 3013 3258 de
3057 3191 3162 3258 his
3204 3194 3404 3260 rebus
3460 3192 3874 3277 prodideram
3888 3245 3905 3274 ‚
3964 3214 4098 3260 non
4139 3194 4380 3261 iudicio

349 3311 466 3370 aut
513 3301 800 3384 delectu,
857 3300 972 3368 sed
1015 3321 1202 3367 mera
1242 3300 1584 3384 pugnandi
1629 3298 1902 3366 libidine
1917 3352 1934 3381 ‚
1989 3302 2464 3368 confutandum
2510 3303 2829 3388 suscepit:
2889 3302 3001 3368 ubi
3046 3302 3207 3369 adeo
3250 3303 3640 3384 insolenter,
3696 3310 3965 3389 tamque
4009 3305 4241 3372 effreni
4285 3307 4382 3371 fe-

347 3417 523 3481 rocia
542 3466 559 3494 ,
604 3413 920 3482 adversus
963 3433 1196 3497 puram
1249 3433 1445 3495 quam
1492 3419 1757 3478 tuemur
1799 3414 2063 3496 pietatis
2108 3413 2474 3479 doctrinam
2519 3435 2590 3480 se
2633 3413 2854 3495 iactat,
2900 3421 2978 3480 ut
3019 3435 3363 3482 occurrere
3409 3416 3628 3500 aliquo
3672 3415 3864 3483 modo
3906 3423 4131 3483 tantae
4171 3416 4384 3484 homi-

345 3527 454 3593 nis
502 3526 907 3611 petulantiae
961 3525 1086 3591 nisi
1132 3524 1397 3590 silentio
1449 3523 1730 3607 prodere
1768 3524 2008 3592 vellem
2054 3523 2306 3591 Christi
2350 3525 2662 3610 gloriam,
2718 3547 2983 3593 necesse
3027 3526 3388 3593 habuerim.
3479 3527 3873 3595 Postulabat
3918 3535 4138 3595 autem
4183 3528 4380 3594 huius

347 3639 721 3724 argumenti
777 3637 1079 3704 tractatio
1135 3636 1285 3721 plus
1340 3636 1675 3721 aliquanto
1732 3643 1799 3702 et
1851 3636 1967 3703 otii
2036 3643 2104 3703 et
2153 3638 2484 3721 temporis.
2579 3636 2717 3703 Sed
2774 3638 2929 3722 quia
2969 3637 3276 3705 videbam
3331 3637 3397 3703 id
3454 3645 3720 3723 captare
3765 3639 4245 3721 adversarium,
4304 3647 4380 3705 ut

346 3750 406 3816 si
451 3749 698 3816 diutius
741 3747 1076 3814 differrem
1091 3799 1107 3827 ,
1163 3748 1288 3814 hac
1328 3769 1477 3813 mea
1517 3768 1708 3814 mora
1752 3747 1836 3814 ad
1878 3747 2289 3832 occupandos
2332 3747 2730 3832 praeiudicio
2774 3748 3058 3834 quodam
3102 3750 3447 3817 hominum
3492 3751 3747 3816 animos
3790 3752 4190 3831 abuteretur,
4236 3771 4377 3815 ma-

347 3863 444 3928 lui
489 3857 738 3945 aliquid
783 3861 911 3928 cito
958 3860 1147 3939 dare,
1205 3857 1317 3924 vel
1361 3860 1582 3924 minus
1626 3858 2066 3939 elaboratum,
2112 3879 2313 3944 quam
2358 3860 2635 3927 tacendo
2677 3861 2835 3944 pati,
2882 3868 2984 3943 ut,
3044 3881 3196 3928 cum
3240 3863 3448 3929 bonae
3493 3881 3726 3928 causae
3771 3861 4142 3945 dispendiO,
4188 3862 4376 3927 inani

349 3972 668 4039 eiusmodi
709 3973 1026 4039 iactantia
1065 3972 1412 4037 frueretur.
1476 3969 1872 4055 Quanquam
1918 3971 2012 4036 sic
2055 3970 2222 4036 mihi
2262 3971 2613 4038 festinasse
2656 3971 2905 4052 videor,
2950 3979 3026 4037 ut
3067 3949 3342 4038 minime
3388 3980 3612 4039 tamen
3653 3971 4226 4057 praecipitaverim
4272 3974 4374 4036 ni-

343 4087 476 4151 mia
516 4085 868 4152 celeritate.
959 4082 1154 4166 Quod
1198 4084 1376 4149 enim
1419 4083 1843 4166 praecipuum
1887 4089 2046 4162 erat,
2093 4090 2569 4167 consequutum
2612 4105 2718 4150 me
2744 4085 2794 4169 ¹)
2834 4104 3080 4168 magna
3123 4104 3208 4149 ex
3251 4090 3459 4169 parte,
3507 4104 3714 4167 spero,
3760 4081 4106 4148 iudicabis:
4154 4089 4229 4147 ut
4274 4082 4373 4148 di-

346 4217 588 4276 cerem,
643 4203 964 4281 quantum
1005 4194 1088 4261 ad
1150 4193 1564 4280 repellendas
1620 4194 1981 4262 adversarii
2025 4194 2389 4261 calumnias
2445 4197 2606 4262 satis
2650 4203 2839 4262 esset.
2929 4195 3023 4262 Et
3066 4203 3289 4282 tamen
3332 4195 3504 4261 hanc
3548 4193 4038 4260 exeusationem
4081 4202 4374 4277 praeter-

293 4301 298 4309 ’
346 4310 611 4375 mittere
655 4330 788 4374 non
833 4308 1149 4393 oportuit:
1206 4328 1404 4391 quam
1461 4307 1517 4371 si
1576 4312 1649 4372 tu
1707 4327 1826 4390 pro
1879 4307 2126 4392 insigni
2185 4312 2300 4373 tua
2354 4306 2768 4373 humanitate
2812 4308 3117 4390 recipies,
3177 4306 3358 4372 viam
3402 4305 3549 4371 aliis
3588 4304 4021 4385 monstrabis,
4077 4325 4162 4371 ne
4204 4305 4376 4370 mihi

347 4441 416 4486 se
459 4421 815 4505 iniquiores
860 4418 1248 4504 praebeant,
1307 4426 1423 4485 aut
1464 4418 1686 4483 minus
1730 4418 2065 4503 benignos.
2156 4418 2332 4484 Mihi
2375 4425 2552 4484 certe
2596 4419 2858 4503 saepius
2901 4419 2971 4484 in
3014 4424 3301 4484 mentem
3347 4418 3553 4498 venit,
3600 4416 3680 4482 de
3723 4416 4096 4484 conditione
4139 4424 4369 4482 nostra

351 4534 534 4615 queri
589 4531 765 4616 quod
802 4539 990 4597 tanta
1045 4529 1458 4612 negotiorum
1473 4581 1489 4610 ,
1546 4549 1716 4613 quae
1772 4528 2052 4595 subinde
2095 4528 2285 4596 nobis
2343 4530 2766 4615 ingeruntur,
2824 4536 2892 4597 et
2930 4527 3355 4595 multitudine
3393 4527 3609 4594 obruti
3626 4579 3642 4607 ,
3700 4535 3768 4593 et
3822 4528 4209 4595 assiduitate
4252 4547 4367 4611 op-

345 4644 576 4729 pressi,
623 4650 691 4709 et
733 4643 1056 4709 varietate
1100 4641 1415 4721 distracti,
1459 4640 1653 4725 idque
1698 4640 1875 4707 domi
1918 4642 2117 4707 simul
2158 4648 2226 4707 et
2265 4641 2446 4721 foris,
2488 4662 2624 4706 non
2666 4642 2995 4725 possimus
3041 4640 3125 4707 ad
3181 4661 3389 4706 unum
3435 4639 3681 4723 aliquid
3726 4639 4058 4725 agendum
4111 4638 4364 4705 animos

350 4756 885 4841 diligentiamque
939 4751 1280 4820 intendere
1295 4805 1313 4833 ,
1370 4752 1484 4819 sed
1527 4751 1659 4819 huc
1703 4751 1857 4820 inde
1900 4759 2215 4838 perpetuo
2258 4752 2579 4820 cursitare
2623 4773 2966 4838 cogamur:
3014 4752 3187 4820 sicut
3229 4752 3343 4836 qui
3382 4753 3583 4819 variis
3626 4759 3694 4818 et
3736 4750 4026 4835 operosis
4069 4749 4365 4817 ministe-

348 4868 464 4934 riis
519 4866 827 4934 destinati
840 4917 858 4946 ,
929 4864 1166 4950 quibus
1223 4863 1420 4930 simul
1478 4861 1794 4930 obeundis
1852 4885 2265 4950 nequaquam
2317 4864 2452 4929 sint
2505 4883 2724 4947 pares,
2795 4863 2952 4931 dum
3008 4863 3237 4931 eodem
3294 4869 3626 4930 momento
3680 4860 3969 4946 undique
4024 4868 4364 4946 urgentur,

347 5000 662 5064 quorsum
713 4998 784 5045 se
827 4985 1084 5045 vertere
1143 4975 1451 5057 debeant,
1507 4996 1667 5060 prae
1710 4975 2094 5044 lassitudine
2138 4975 2457 5043 nesciunt.
2546 4975 2815 5043 Interea
2869 4977 3237 5062 quicunque
3291 4996 3375 5041 ex
3431 4972 3727 5041 hostibus
3782 4994 3901 5040 nos
3942 4972 4216 5060 aggredi
4257 4975 4363 5039 in-

348 5091 655 5169 stituunt,
705 5090 786 5156 ab
831 5089 977 5156 aliis
1019 5089 1323 5157 omnibus
1366 5089 1542 5155 curis
1585 5088 1782 5155 soluti
1827 5110 1902 5157 ac
1945 5089 2136 5157 vacui
2182 5089 2250 5154 in
2297 5087 2430 5154 alta
2483 5107 2644 5172 pace
2658 5139 2676 5168 ,
2735 5086 2951 5172 quoad
2991 5087 3285 5168 libuerit,
3333 5086 3417 5152 ad
3459 5082 3921 5152 instruendum
3962 5085 4120 5154 belli
4163 5106 4366 5170 appa-

353 5235 520 5242 --..——-.--.
535 5233 816 5241 -——-——-..-.—.
871 5233 948 5238 ..ῂ
991 5232 1082 5238 m-
1103 5233 1114 5236 -

665 5304 724 5370 1)
762 5320 864 5374 me,
901 5304 1046 5359 deest
1081 5305 1142 5359 in
1176 5304 1428 5360 omnibus
1461 5303 1580 5359 cdd.
1615 5308 1836 5383 praeter
1861 5304 2184 5372 principem.
3852 5383 3954 5437 15*
