4999 6179
2035 455 2779 557 PRoLEeoimNu
2975 530 2986 541 ,
3891 456 3914 524 5
4213 465 4470 536 xm·

376 649 815 728 habebamus,
882 654 1033 714 utro
1084 646 1506 731 potissimum
1565 644 1732 713 duce
1787 653 2127 715 uteremur
2188 648 2262 713 in
2328 654 2554 715 nostro
2609 654 2802 714 textu
2867 646 3242 715 recudendo
3255 702 3272 730 ,
3340 628 3636 737 ambigui
3689 651 4044 722 haesimus.
4158 653 4416 725 Verum
4439 670 4464 681 ··

376 785 465 830 611
507 783 637 847 quo
680 758 1243 853 stuttgardianum
1288 757 1628 841 exemplar
1682 760 1842 825 anni
1891 762 2055 843 1542
2102 760 2285 825 nacti
2327 780 2591 840 sumus,
2636 779 2752 851 res·
2788 759 2979 826 nobis
3031 760 3171 827 iam
3214 762 3376 829 satis
3421 764 3734 848 expedita
3774 765 4059 833 videtur.
4151 765 4432 836 Scflicet

376 877 453 943 in
495 875 669 945 serie
710 894 942 940 rerum
983 879 1053 938 et
1091 870 1529 937 formularum
1569 870 1735 938 haec
1779 877 2008 937 nostra
2048 860 2320 937 omnino
2364 892 2520 938 cum
2562 870 2849 938 editione
2890 873 3192 959 principe
3234 874 3424 957 facit,
3480 876 3770 962 adeoque
3822 879 4014 961 plura
4058 879 4142 945 ab
4185 900 4265 946 ea
4305 882 4424 950 ab·

379 995 539 1056 sunt
579 1006 747 1071 quae
802 983 1075 1051 exhibet
1125 983 1688 1068 argentoratensis
1742 982 1913 1062 liber
1954 1004 2151 1067 quem
2210 1004 2412 1067 supra
2442 982 2969 1075 ‘locupletiorem
3022 992 3091 1052 et
3141 987 3224 1054 ab
3270 987 3521 1054 editore
3564 989 3895 1057 Garnerio
3941 998 4209 1058 auctum
4252 992 4426 1061 dixi·-

380 1123 553 1167 mus.
643 1099 730 1164 In
772 1098 917 1182 ipso
959 1117 1119 1164 vero
1162 1101 1355 1161 textu
1414 1093 2001 1178 deprehenduntur
2051 1092 2378 1178 plurimae
2436 1096 2752 1165 lectiones
2795 1097 3135 1164 variantes
3179 1120 3341 1183 quas
3381 1100 3537 1166 libri
3579 1122 3984 1187 genevenses
4026 1108 4424 1188 posteriores

377 1214 522 1280 fere
586 1231 815 1277 omnes
880 1208 1190 1291 deinceps
1252 1216 1623 1274 servarunt.
1712 1206 1942 1273 Facile
1995 1228 2080 1272 ex
2131 1205 2238 1273 his
2296 1208 2542 1275 efficies
2558 1260 2574 1288 ,
2635 1209 3045 1293 singularem
3097 1209 3284 1276 illam
3338 1212 3739 1281 Knoblochii
3795 1213 4153 1282 editionem
4206 1221 4422 1285 coetui

381 1324 747 1393 Gallorum.
778 1320 1304 1406 argentoratensi
1350 1318 1752 1402 peculiarem
1795 1318 2024 1398 fuisse,
2084 1325 2380 1385 nostram
2433 1341 2593 1386 vero
2637 1319 3113 1388 Girardianam
3167 1343 3412 1390 novam
3468 1325 3754 1409 aliquam
3799 1325 4067 1394 Calvini
4111 1328 4425 1398 exhibere

382 1434 923 1522 recognitionem.
1024 1432 1128 1498 Ne
1183 1451 1345 1498 vero
1400 1431 1546 1515 quis
1596 1429 1845 1497 iudicet
1898 1450 2019 1496 nos
2085 1431 2287 1497 talem
2331 1432 2707 1515 opinionem
2761 1433 3088 1516 professos
3103 1485 3121 1513 ‚
3174 1454 3614 1520 praepropere
3669 1437 4120 1506 calvinianum
4175 1443 4425 1527 aliquid

384 1547 861 1635 suppressisse,
928 1544 1381 1611 additamenta
1444 1543 2013 1627 argentoratensis.
2067 1543 2319 1623 omnia,
2377 1551 2446 1608 et
2495 1543 2832 1611 variantes
2882 1545 3196 1612 lectiones
3249 1546 3358 1612 vel
3410 1548 3689 1615 minoris
3746 1552 4067 1618 momenti
4133 1557 4425 1642 margini

384 1661 695 1730 editionis
746 1666 1010 1725 nostrae
1065 1654 1515 1724 commisimus
1530 1704 1546 1732 ,
1613 1675 1740 1737 quo
1795 1654 2051 1720 facilius
2093 1655 2225 1721 viri
2268 1653 2443 1721 docti
2456 1707 2472 1736 ,
2529 1657 2642 1740 qui
2683 1677 2908 1722 rerum
2953 1657 3412 1743 liturgicarum
3455 1659 3800 1727 historiam
3843 1664 4187 1748 speciatim
4231 1667 4426 1735 inda-

387 1782 655 1862 garunt,
700 1768 875 1854 quod
913 1769 1103 1836 nobis
1147 1767 1422 1833 dubium
1463 1787 1607 1832 esse
1647 1767 1860 1848 potuit
1903 1787 2027 1833 sua
2068 1766 2407 1833 illustrent
2448 1766 2836 1833 eruditione.
2928 1767 3128 1834 Oerte
3170 1771 3285 1853 qui
3343 1770 3473 1838 huc
3516 1793 3725 1855 usque
3769 1772 3850 1840 de
3895 1775 4171 1845 historia
4214 1781 4422 1847 eccle-

388 1883 656 1954 siastica
693 1880 1220 1967 argentoratensi
1263 1880 1670 1962 scripserunt
1685 1929 1699 1956 ,
1743 1877 1994 1944 librum
2035 1887 2337 1944 nostrum
2378 1899 2516 1944 non
2558 1885 3013 1962 respexerunt,
3051 1886 3250 1965 atque
3292 1882 3408 1949 ubi
3450 1883 3532 1947 de
3561 1884 3874 1952 Gamerii
3916 1888 4068 1954 fatis
4113 1895 4180 1955 et
4221 1893 4432 1974 gestis

389 2004 633 2084 agunt,
683 1995 840 2061 huic
891 1994 1167 2059 minime
1209 1998 1434 2074 partes
1489 1989 1740 2074 aliquas
1797 1991 2138 2075 assignant
2178 1990 2254 2055 in
2307 1988 2757 2073 componendo
2800 1992 2913 2057 vel
2969 1990 3222 2063 edendo
3265 1993 3435 2060 libro
3479 1994 3592 2060 illo
3636 1996 3963 2083 liturgico,
4055 2000 4153 2067 Of.
4202 2002 4431 2069 Roeh-

388 2109 588 2179 richii
643 2109 717 2174 T.
776 2106 868 2172 Π.
925 2125 1076 2190 pag.
1124 2106 1225 2169 69.
1328 2100 1634 2182 Maeder,
1692 2101 1986 2168 Notice
2043 2102 2516 2186 historique
2571 2123 2710 2167 sur
2763 2102 2842 2168 la
2892 2104 3288 2231 paroisse·
3327 2106 3729 2175 reformee
3773 2109 3866 2175 de
3911 2108 4423 2201 Strasbourg

396 2216 582 2288 1853.
628 2241 776 2305 pag.
825 2222 883 2283 8.

706 2331 813 2397 De
856 2329 1131 2394 caeteris
1172 2325 1570 2393 editionibus
1613 2325 1867 2409 gallicis
1910 2346 2073 2410 quas
2115 2325 2529 2408 inspeximus
2582 2346 2719 2391 non
2763 2333 2865 2392 est
2907 2324 3083 2409 quod
3126 2334 3194 2391 te
3245 2326 3545 2410 pluribus
3590 2346 3940 2396 moremur.
4033 2332 4256 2418 Supra
4295 2339 4433 2405 iam

393 2466 625 2514 omnes
666 2441 1123 2511 recensuimus
1167 2459 1373 2523 quum
1415 2434 1497 2503 de
1541 2436 1961 2504 Oatechismo
2006 2456 2371 2522 ageremus.
2462 2436 2643 2503 Sunt
2691 2457 2806 2503 eae
2849 2437 3004 2504 hae:
3041 2443 3083 2513 ‚1
3097 2441 3143 2504 ⁰.
3191 2438 3557 2522 Exemplar
3598 2438 3915 2524 ἀκέφαλον,
3961 2441 4076 2509 11111
4119 2447 4436 2533 Liturgia

395 2536 617 2628 eistat
668 2577 817 2641 pag.
863 2556 1089 2617 1—43.
1182 2553 1272 2616 2⁰.
1331 2549 1555 2616 Biblia
1607 2548 1849 2633 gallica
1901 2570 1958 2615 a.
2002 2552 2185 2614 1559.
2279 2550 2369 2614 3⁰.
2417 2548 2640 2614 Editio
2699 2549 3013 2633 bilinguis
3066 2570 3122 2613 a.
3188 2554 3371 2615 1561.
3464 2553 3557 2616 4⁰.
3615 2551 3879 2620 Novum
3925 2555 4433 2627 Testamentum

370 2658 713 2759 'gallicum
757 2689 813 2733 a.
868 2669 1052 2730 1562.
1144 2668 1235 2727 5⁰.
1283 2661 1683 2728 Psalterium
1727 2659 2039 2744 gallicum
2078 2681 2137 2725 a.
2188 2664 2372 2725 1563.
2461 2659 2656 2727 Adde
2698 2661 2955 2745 Corpus
2997 2662 3340 2729 Bezanum
3379 2683 3528 2748 pag.
3577 2667 3920 2730 248—257
3966 2673 4035 2732 et
4076 2667 4435 2737 editionem

393 2765 696 2850 eiusdem
737 2777 1153 2846 Stoerianam
1198 2794 1347 2861 pag.
1395 2775 1757 2838 277-288,
1846 2771 2276 2839 Recentiores
2319 2793 2481 2856 quas
2521 2772 2748 2856 plures
2791 2772 3202 2869 possidemus
3242 2773 3386 2841 hoc.
3410 2775 3553 2841 loco
3594 2776 4010 2875 negligimus.
4115 2779 4439 2848 Veterem

246 2902 257 2909 ·
394 2895 599 2963 etiam
643 2890 1016 2959 versionem
1058 2887 1338 2953 latinam
1379 2887 1437 2952 si
1478 2885 1691 2951 fusius
1733 2889 2174 2950 tractaremus
2218 2884 2339 2949 vix
2381 2904 2620 2969 operae
2661 2885 2948 2968 pretium
2990 2886 3231 2952 facturi
3276 2887 3465 2954 nobis
3508 2866 3914 2969 videremur,
3961 2891 4204 2976 quippe
4249 2894 4450 2962 6111118·

393 3026 556 3075 usus
598 3003 802 3087 vulgo
844 3002 981 3067 fere
1024 2999 1248 3065 nullus
1293 3018 1436 3064 6886
1476 2995 1793 3065 debuerit.
1884 2993 2003 3061 Ad·
2034 3016 2273 3061 manus
2316 3002 2542 3062 tamen
2585 2996 2941 3065 habuimus
2980 2998 3511 3082 antiquissimum
3550 2999 3722 3084 quod
3765 3001 4056 3069 nancisci
4097 3005 4440 3088 potuimus

396 3115 741 3203 exemplar
778 3111 1218 3180 bibliothecae
1256 3106 1817 3190 stancofurtensis,
1861 3108 2052 3176 cuius
2098 3109 2328 3175 titulus
2373 3117 2476 3177 est
2518 3108 2652 3175 1116.

707 3233 1318 3330 FORMVLA
1394 3232 1406 3338 Ι
1476 3244 2328 3340 SAORAMEN'PORVM
2400 3240 2413 3346 Ι
2473 3231 3368 3362 administrandorum·²
3431 3237 3521 3317 in
3580 3266 3828 3326 Vsum
3904 3238 4107 3355 Ec-1
4129 3241 4437 3329 clesiae

398 3375 935 3460 Gemellensis
1001 3372 1500 3485 conscripta,
1568 3369 1581 3475 1
1646 3383 1912 3451 Dudum
1965 3405 2007 3449 a
2065 3384 2307 3449 Ioanne
2354 3381 2621 3449 Caluino
2668 3381 2910 3447 Gallice
2962 3384 3331 3466 conscripta,
3384 3385 3396 3468 Ι
3443 3371 3611 3452 nm
3663 3388 3735 3452 in
3789 3387 4096 3456 Latinum
4147 3412 4444 3460 conversa
4535 3383 4544 3388 ’

250 3497 259 3504 ’
391 3498 473 3565 ab
517 3500 647 3568 alio
688 3501 1004 3584 quopiam.
1042 3495 1054 3582 Ι
1091 3505 1396 3576 (Emblema
1439 3505 1709 3561 anchorae
1745 3522 1866 3563 cum
1912 3501 2201 3575 serpente.)
2247 3493 2722 3576 GENEVAE,
2775 3494 2786 3579 Ι
2840 3491 2952 3559 Ex
2993 3493 3251 3577 officma
3295 3494 3566 3564 Ioannis
3624 3496 3927 3583 Orispini.
3983 3501 3994 3589 Ι
4046 3502 4141 3569 Μ.
4167 3503 4253 3570 D.
4278 3502 4438 3572 LII.

28 5927 63 6158 5—-ffl
28 5889 31 5896 .
28 5825 31 5858 ,-

707 3613 960 3679 Forma
1002 3616 1105 3677 est
1149 3605 1381 3675 eadem
1423 3628 1500 3674 ac
1542 3605 1948 3674 Oatechismi
1993 3629 2033 3673 a
2071 3606 2380 3690 Crispino
2425 3628 2481 3672 a.
2537 3609 2694 3670 1551
2746 3603 2935 3687 editi,
2980 3608 3441 3691 quaterniones
3487 3609 3616 3676 duo
3661 3611 3773 3692 (A.
3809 3612 3935 3696 Β),
3988 3614 4270 3700 paginae
4314 3639 4440 3683 nu-

391 3733 687 3790 meratae
731 3724 1009 3808 triginta
1053 3729 1125 3788 et
1166 3741 1319 3799 una,
1365 3718 1601 3785 ultima
1644 3742 1870 3786 vacua.
1961 3718 2317 3786 Caeterum
2362 3717 2592 3784 eadem
2638 3717 2855 3784 versio
2898 3739 3135 3785 recusa
3187 3726 3288 3786 est
3341 3721 3413 3785 in
3468 3722 3775 3789 omnibus
3819 3723 4254 3792 Tractatuum
4300 3748 4445 3794 cor-

392 3834 700 3920 poribus;
745 3833 921 3918 apud
965 3833 1340 3901 Gallasium
1382 3854 1531 3917 pag.
1574 3837 1936 3913 205-215,
1983 3832 2158 3916 apud
2202 3832 2453 3897 Bezam
2487 3851 2639 3916 pag.
2679 3832 2933 3894 55-62
2994 3830 3193 3914 (1597
3230 3835 3378 3916 pag.
3415 3835 3704 3913 43--49;
3758 3839 3912 3900 1611
3955 3856 4104 3922 pag.
4132 3841 4447 3926 38—43),

397 3946 685 4031 denique
729 3947 801 4011 in
843 3946 1132 4012 editione
1176 3944 1750 4012 amstelodamensi
1794 3964 1941 4030 pag.
1986 3946 2261 4009 32-37,

714 4220 852 4287 Sed
917 4227 1275 4305 antequam
1329 4220 1414 4286 ad
1471 4220 1602 4286 alia
1645 4227 2060 4287 transeamus
2116 4216 2442 4282 monitum
2496 4225 2562 4284 te
2622 4216 2933 4296 velimus,
2990 4214 3311 4284 benevole
3364 4216 3595 4298 lector,
3653 4217 3920 4284 dubiam
3971 4218 4189 4287 adhuc
4232 4222 4447 4291 videri

397 4354 595 4420 posse
638 4331 1018 4398 traditionis
1060 4332 1261 4416 vulgo
1303 4339 1605 4416 receptae
1647 4330 1849 4398 fidem
1863 4383 1878 4411 ,
1936 4327 2300 4398 secundum
2340 4350 2540 4412 quam
2585 4328 2852 4396 Calvini
2906 4328 3157 4393 autoris
3209 4348 3452 4394 nomen
3506 4328 3664 4395 huic
3712 4330 3932 4397 libello
3988 4333 4293 4419 liturgico
4335 4335 4443 4401 in·

399 4445 735 4514 scribitur.
829 4443 1029 4510 Oerte
1080 4440 1485 4509 Oolladonus
1540 4464 1765 4528 quem,
1821 4451 2084 4510 tacente
2123 4442 2332 4522 Beza,
2393 4440 2930 4525 antiquissimum
2973 4446 3041 4506 et
3084 4439 3328 4523 alioqui
3369 4438 3769 4507 fidissimum
3812 4441 3895 4508 de
3935 4443 4131 4511 rebus
4175 4445 4443 4514 Calvini

398 4564 644 4624 testem
702 4555 887 4621 adire
941 4575 1292 4637 possumus
1306 4606 1321 4633 ,
1381 4555 1581 4621 aliam
1636 4555 1855 4639 potius
1914 4554 2318 4621 collectionis
2361 4551 2798 4618 formularum
2838 4551 3164 4637 originem
3215 4544 3431 4620 fuisse
3479 4554 3758 4622 innuere
3801 4554 4091 4636 videtur,
4149 4555 4446 4642 aliasque

397 4669 636 4736 Nostri
678 4674 902 4752 partes
944 4668 1017 4731 in
1059 4688 1139 4732 ea
1182 4666 1581 4733 adornanda.
1673 4664 1788 4732 Sic
1833 4668 2010 4733 enim
2054 4666 2284 4732 scribit
2327 4662 2412 4730 ad
2458 4684 2515 4728 a.
2570 4667 2733 4728 1543
2779 4662 2908 4746 (ed.
2952 4662 3284 4728 Franklin
3328 4683 3393 4746 p.
3436 4668 3514 4727 57
3553 4667 3749 4752 seq.):
3809 4665 3878 4731 ll
3915 4667 4219 4733 recueillit
4261 4673 4444 4737 aussi

400 4800 484 4847 en
524 4785 681 4846 ceste
725 4757 952 4844 asesme
993 4778 1218 4859 ambe,
1266 4799 1439 4860 pour
1493 4779 1727 4861 l’usaqe
1772 4779 1849 4844 de
1907 4777 2171 4862 l'Eylise
2215 4776 2293 4841 de
2341 4775 2618 4856 Geneve,
2671 4775 2740 4840 la
2778 4774 2978 4856 forme
3031 4774 3143 4840 des
3184 4775 3441 4855 prieres
3482 4777 3972 4860 eccle-siastiques
4012 4798 4156 4844 avec
4199 4781 4266 4847 la
4307 4803 4444 4848 ma-

399 4893 579 4959 m'ere
621 4890 1099 4956 &administra
1143 4889 1231 4956 les
1279 4887 1646 4956 Saercmens
1689 4894 1746 4956 et
1785 4891 2049 4956 celebrer
2092 4890 2150 4956 le
2189 4888 2478 4971 mariaqe
2522 4892 2579 4952 et
2616 4906 2709 4951 un
2749 4885 3262 4952 advertissement
3300 4886 3377 4952 de
3418 4887 3485 4952 la
3516 4889 3699 4954 visite
3731 4888 3840 4954 des
3873 4888 4174 4972 malades,
4211 4913 4442 4962 comme

398 5001 812 5085 mourdhuy
854 5002 911 5068 ze
954 5007 1087 5068 tout
1123 5022 1191 5068 sc
1232 5008 1352 5066 met
1385 5021 1529 5067 avec
1561 5002 1651 5068 les
1696 5000 2069 5080 Psmmoe,
2126 4999 2532 5084 accompayne
2576 4999 2759 5064 d’wne
2800 4996 2949 5062 belle
2985 4997 3249 5079 preface
3289 4998 3484 5081 faicte
3513 5019 3649 5081 par
3692 5000 3804 5081 luy
3845 5020 4091 5083 mcsme,
4134 5002 4216 5068 οὐ
4256 5005 4308 5069 il
4349 5013 4442 5071 est

384 5114 588 5201 paru
630 5114 706 5180 de
748 5113 987 5197 l'usaqe
1028 5113 1106 5178 dc
1147 5112 1399 5181 obanter
1440 5114 1607 5179 dans
1650 5113 2031 5181 l’assemblbe
2059 5112 2365 5195 publique
2401 5112 2479 5178 de
2520 5110 2799 5194 l'Eylise.
2885 5108 3096 5175 Vides
3139 5130 3295 5175 eum
3336 5130 3472 5174 non
3516 5107 3598 5174 de
3641 5113 4028 5195 conscriptis
4073 5136 4114 5180 a
4156 5115 4439 5184 Calvino

396 5225 724 5305 formulis,
801 5222 917 5289 scd
971 5231 1236 5291 tautum
1289 5225 1370 5292 de
1413 5225 1701 5293 collectis
1746 5225 1993 5305 dicere,
2032 5224 2354 5290 nimirum
2395 5222 2641 5290 talibus
2683 5243 2854 5307 quae
2896 5222 3029 5287 iam
3073 5228 3270 5286 antea
3311 5241 3431 5303 pro
3475 5222 3784 5289 concione
3828 5224 4096 5290 recitari
4138 5227 4442 5295 solebant

400 5338 633 5407 variae
681 5342 751 5402 et
805 5356 846 5399 a
899 5336 1178 5405 diversis
1235 5340 1634 5425 compositae
1648 5391 1664 5419 ,
1720 5358 2126 5423 quarumque
2184 5357 2346 5402 usas
2390 5335 2708 5402 Genevae
2751 5341 2819 5401 et
2873 5333 2945 5400 in
2998 5334 3160 5400 locis
3202 5331 3439 5398 vicinis
3482 5332 3780 5400 obtinere
3824 5333 4139 5401 debuerat
4180 5359 4265 5405 ex
4308 5362 4440 5425 quo

620 5437 841 5494 Gazam
868 5455 1055 5507 opera.
1120 5442 1235 5497 ναι.
1280 5445 1378 5499 Π.
3990 5435 4035 5494 ⁰
