4999 6179
678 459 802 521 119

851 712 1050 779 Ceste
1098 734 1293 800 grace
1336 722 1441 781 est
1453 663 2033 798 -Lgllffiinplie
2078 712 2638 780 indifferemment

675 821 763 866 en
799 799 991 866 tous?

1516 904 1784 957 n’mm.

849 973 915 1039 N
917 994 1022 1039 on.
1083 972 1215 1039 Car
1248 971 1583 1057 plusieurs
1617 971 2114 1037 l'aneantissent
2146 992 2266 1054 par
2307 970 2455 1037 leur
2486 992 2637 1054 per-

676 1060 941 1125 versite.
1028 1059 1095 1124 N
1095 1059 1465 1125 eantmoins
1508 1060 1568 1124 si
1610 1080 1695 1153 66
1739 1058 1934 1124 161666
1975 1079 2095 1141 666
2139 1058 2202 1122 16
2247 1055 2638 1123 Sacrement

679 1144 931 1210 d’avoir
989 1145 1145 1211 telle
1198 1153 1437 1210 nature
1451 1196 1468 1225 ,
1529 1145 1826 1211 combien
1867 1144 2025 1228 qu’il
2068 1148 2183 1229 n'y
2231 1144 2329 1209 ait
2370 1164 2497 1227 que
2539 1141 2637 1209 les

677 1228 907 1297 fideles
952 1232 1064 1314 661
1106 1251 1190 1296 66
1225 1240 1489 1297 sentent
1528 1229 1855 1297 l'cfficace.

1465 1352 1533 1387 nn
1565 1352 1825 1387 mmm
1944 1336 1957 1353 '

843 1403 951 1468 La
996 1402 1456 1487 regeneration
1499 1400 1661 1467 dont
1701 1401 2073 1486 prend-elle
2118 1422 2191 1467 sa
2238 1400 2469 1470 vertu?

1524 1503 1793 1558 n'mfflr.

849 1571 958 1639 De
1001 1574 1069 1639 la
1107 1581 1287 1639 mort
1327 1580 1396 1639 et
1435 1574 1878 1639 resurrection
1924 1572 2008 1637 de
2053 1572 2299 1639 Christ.
2359 1571 2524 1638 'Car
2564 1593 2639 1637 sa

675 1667 852 1725 mort
887 1679 927 1724 a
961 1667 1136 1727 cesto
1169 1667 1382 1738 vertu,
1425 1681 1551 1743 que
1587 1681 1708 1742 par
1740 1659 1929 1726 icelle
1964 1667 2191 1724 nostre
2226 1658 2381 1724 vieil
2416 1658 2636 1724 Adam

677 1753 780 1812 est
844 1747 1137 1825 crucifie,
1204 1754 1272 1811 et
1325 1754 1548 1811 nostre
1600 1754 1836 1811 nature
1894 1746 2173 1811 viticuse
2227 1754 2328 1810 est
2382 1765 2635 1811 comme

676 1832 1025 1910 ensevelie,
1072 1852 1239 1915 pour
1279 1833 1537 1896 n’avoir
1578 1832 1729 1915 plus
1770 1833 2053 1916 vigueur
2097 1830 2177 1895 de
2220 1852 2474 1915 regner.
2543 1831 2636 1896 Et

675 1918 743 1983 la
776 1927 1150 1983 nouveaute
1184 1918 1265 1982 de
1300 1916 1428 1995 vie,
1469 1939 1635 2001 pour
1672 1939 1918 2001 suyvre
1953 1918 2021 1983 16
2055 1919 2285 1983 1661166
2322 1915 2403 1982 (16
2437 1918 2631 1997 Dion,

674 2004 954 2087 procede
999 2003 1081 2068 de
1123 2004 1191 2068 la
1232 2004 1688 2069 resurrection.

843 2260 1198 2325 Comment
1249 2252 1425 2327 ceste
1464 2211 1896 2346 agamugsrgghs
1938 2260 2225 2325 est-elle
2282 2260 2630 2344 appliquee

670 2367 760 2411 au
803 2347 1158 2430 Baptesme
1172 2345 1204 2409 ?

1513 2449 1782 2503 n’nunn‘r.

841 2519 1101 2583 Entant
1154 2538 1280 2601 que
1337 2539 1502 2584 nous
1559 2538 1842 2584 sommes
1903 2516 1971 2581 la
2027 2524 2257 2583 vestuz
2302 2516 2383 2583 de
2440 2518 2630 2584 Iesus

668 2603 928 2682 Christ,
986 2613 1055 2670 et
1096 2626 1143 2687 y
1199 2624 1513 2669 recevons
1569 2624 1690 2668 son
1734 2603 1994 2685 Esprit:
2053 2611 2460 2687 moyennant
2503 2625 2629 2687 que

669 2712 838 2755 nous
879 2710 965 2754 ne
1010 2711 1177 2754 nous
1222 2688 1534 2753 rendions
1578 2710 1697 2772 pas
1752 2688 2059 2772 indignes
2104 2688 2219 2754 des
2262 2711 2629 2772 promesses

664 2777 779 2860 qui
824 2797 990 2841 nous
1035 2798 1083 2860 y
1126 2782 1278 2840 sont
1320 2775 1630 2840 donnees.

1433 2897 1500 2931 u:
1534 2896 1791 2931 mmm.
1811 2878 1855 2942 ι)

839 2946 948 3013 De
1001 2954 1225 3013 nostre
1279 2952 1485 3025 coste,
1540 2946 1690 3029 quel
1745 2955 1845 3011 est
1898 2945 1962 3010 le
2018 2946 2232 3012 droict
2288 2968 2490 3032 usage
2535 2947 2627 3013 du

661 3033 1069 3119 Baptesme?

1545 3135 1559 3163 2

840 3210 959 3285 [fol.
1000 3210 1109 3286 61]
1153 3205 1217 3270 11
1260 3204 1395 3289 gist
1430 3155 1543 3270 en»
1555 3154 1825 3290 ffixret
1858 3226 1942 3270 en
1980 3166 2393 3290 1666616666.
2449 3205 2631 3273 Ο’661

665 3313 791 3375 666
834 3314 999 3357 6666
1042 3313 1114 3358 66
1165 3311 1285 3356 666
1330 3291 1612 3356 certains
1657 3291 1905 3358 d'avoir
1956 3300 2181 3358 nostro
2223 3300 2457 3375 purete
2493 3294 2627 3377 spi-

663 3378 930 3443 rituelle
973 3399 1057 3443 66
1159 3378 1345 3457 brist,
1392 3386 1459 3443 et
1500 3378 1794 3443 sentions
1830 3399 1914 3443 en
1954 3400 2121 3444 nous
2158 3387 2226 3444 et
2261 3377 2627 3445 declarions

665 3471 709 3529 a
751 3485 871 3529 noz
927 3464 1278 3547 prochains
1332 3483 1456 3546 par
1498 3485 1791 3543 (661-166,
1852 3484 1978 3548 666
2022 3463 2303 3547 1Ἐ661·11
2346 3465 2626 3550 d'iceluy

663 3549 887 3615 habite
944 3572 1026 3616 en
1070 3571 1265 3629 nous,
1321 3569 1490 3634 pour
1530 3551 1850 3615 mortifier
1892 3572 2010 3614 666
2065 3572 2338 3635 6166166
2396 3549 2623 3633 desire,

659 3637 802 3702 afin
842 3634 922 3701 de
967 3657 1134 3701 nous
1178 3637 1342 3702 faire
1375 3637 1625 3720 ‘suyvre
1667 3636 1734 3701 la
1776 3636 2043 3701 volunte
2088 3635 2169 3702 de
2211 3635 2406 3703 Dieu.

1423 3929 1491 3963 m
1525 3912 1849 3976 meumst)

839 3980 1006 4046 Puis
1071 4001 1197 4063 666
1260 3978 1400 4044 6616
1457 4002 1504 4063 y
1562 3989 1663 4044 661
1715 4001 1786 4044 16
1831 3980 1962 4046 uis:
2031 3987 2362 4047 comment
2414 3989 2622 4047 est-ce

666 4067 862 4149 qu'on
906 4066 1164 4149 baptise
1206 4064 1307 4132 166
1350 4066 1519 4150 66116
1562 4067 1791 4132 enfans

1507 4169 1776 4222 L‘nnrm.

836 4237 900 4302 11
942 4243 1116 4303 n'est
1168 4260 1288 4322 pas
1334 4237 1471 4303 dict
1509 4259 1634 4321 que
1679 4238 1743 4302 16
1785 4238 1964 4323 Foy,
2011 4244 2078 4302 et
2119 4237 2186 4303 16
2228 4245 2622 4321 1666616666

667 4323 960 4409 doyvent
1012 4325 1342 4389 tousiours
1399 4322 1711 4407 precedet
1756 4325 1823 4389 16
1875 4325 2208 4406 reception
2252 4324 2343 4388 du
2388 4323 2622 4391 86616-

662 4420 878 4476 ment:
932 4410 1098 4475 mais
1154 4410 1520 4475 seulement
1574 4410 1716 4476 6616
1759 4411 1894 4475 (1611
1937 4422 2110 4476 estre
2153 4432 2239 4475 en
2296 4432 2464 4476 ceux
2509 4411 2622 4494 qui

669 4517 754 4561 66
811 4504 962 4562 6661
1011 4495 1330 4578 capables.
1418 4495 1480 4558 Il
1536 4496 1718 4560 suffit
1760 4495 1926 4561 (1666
1969 4517 2099 4579 666
2143 4495 2239 4561 166
2293 4497 2464 4580 66116
2504 4518 2622 4561 en-

669 4583 818 4648 fans
875 4579 1262 4665 produisent
1318 4588 1385 4645 et
1439 4579 1894 4646 demonstrent
1957 4582 2021 4649 16
2086 4583 2285 4648 fruict
2340 4581 2421 4648 de
2475 4583 2624 4649 leur

670 4670 1041 4751 baptesme,
1100 4687 1292 4751 apres
1335 4672 1510 4732 estre
1552 4688 1765 4733 venuz
1821 4689 1905 4734 en
1950 4689 2110 4753 eage
2165 4667 2245 4734 de
2280 4670 2623 4755 congnois·

663 4774 880 4820 66666.

979 5041 1036 5109 1)
1079 5042 1169 5096 lei
1200 5058 1496 5099 cummeneo
1526 5044 1576 5098 le
1608 5041 1693 5098 50.
1730 5044 2017 5101 dimmwloe
2049 5046 2198 5101 dane
2242 5045 2318 5100 les
2351 5043 2474 5101 edd.
2510 5045 2578 5100 de
2623 5043 2774 5100 1558.
2823 5044 2976 5100 1561.
3012 5044 3166 5099 1563.
3205 5044 3359 5100 1566.

1996 456 2126 523 LE
2166 454 2770 524 OATEOHISME
2804 453 2934 521 DE
2970 454 3372 522 GENEVE.

4572 456 4685 521 120

2919 713 3028 778 An
3045 714 3414 796 promiscue
3432 713 3505 778 in
3527 662 4167 796 ossssffimplem
4184 711 4347 778 haec
4368 711 4614 796 gratia?
4633 712 4684 796 ε)

3644 921 3796 957 PUER-

2916 973 3031 1050 [fol.
3069 976 3177 1052 74]
3212 971 3416 1045 Multi
3460 970 3619 1037 dum
3651 971 3750 1036 illi
3790 992 3910 1036 666
3939 969 4267 1053 pravitate
4296 968 4477 1037 viam
4508 990 4685 1053 prae-

2739 1053 3044 1135 cludunt,
3102 1058 3400 1123 efficiunt
3452 1065 3530 1122 ut
3585 1057 3710 1124 sibi
3756 1058 3846 1121 sit
3890 1056 4127 1122 inanis.
4215 1056 4323 1121 Ita
4376 1076 4512 1121 non
4564 1056 4684 1123 nisi

2740 1141 2825 1206 ad
2876 1141 3102 1208 fideles
3146 1144 3319 1210 66166
3361 1144 3668 1227 pervenit
3709 1143 3979 1209 fructus.
4068 1143 4352 1221 Verum,
4395 1141 4550 1208 inde
4589 1142 4686 1209 ni-

2740 1227 2841 1293 hil
2883 1230 3279 1295 sacramenti
3322 1236 3598 1295 naturae
3641 1228 3913 1295 decedit.

3598 1350 3858 1387 mm

2912 1400 3357 1485 Regeneratio
3403 1408 3628 1467 autem
3665 1399 3885 1466 unde?

2912 1573 2978 1637 A
3022 1581 3231 1637 morte
3276 1570 3532 1638 Christi
3578 1523 4163 1639 etri-{Zurreotione
4207 1571 4421 1637 simul.
4509 1572 4685 1638 Haec

2740 1658 2915 1721 enim
2959 1659 3061 1723 vis
3106 1658 3333 1723 subest
3365 1659 3507 1723 eius
3551 1661 3769 1737 morti,
3816 1668 3892 1724 ut
3932 1678 4052 1741 per
4082 1678 4227 1723 eam
4271 1657 4688 1742 crucifigatur

2740 1753 2929 1809 vetus
2987 1745 3182 1809 homo
3235 1754 3494 1823 noster,
3557 1752 3624 1809 61
3691 1753 3971 1811 naturae
4041 1751 4305 1809 nostrae
4372 1745 4686 1811 vitiositas

2739 1830 3218 1911 quodammodo
3253 1831 3627 1912 sepeliatur,
3674 1851 3761 1895 ne
3805 1830 4087 1912 amplius
4127 1830 4350 1914 vigeat
4383 1829 4455 1895 in
4490 1830 4684 1897 nobis.

2739 1914 2931 1995 Quod
2992 1925 3217 1982 autem
3270 1917 3703 1981 reformamur
3757 1918 3827 1981 in
3884 1938 4123 1984 novam
4164 1918 4365 1982 vitam
4410 1916 4497 1981 ad
4543 1916 4685 1981 obe-

2738 2000 3056 2067 diendum
3098 2004 3229 2068 Dei
3285 2001 3604 2080 iustitiae,
3664 2003 3734 2067 id
3786 2012 3887 2069 est
3943 2002 4446 2068 resurrectionis
4499 2003 4685 2068 bene-

2736 2088 2978 2153 ficium.

3589 2209 3852 2244 mm

2910 2256 3259 2338 Quomodo
3302 2279 3422 2342 per
3456 2257 3856 2342 baptismum
3899 2261 4087 2326 nobis
4133 2260 4292 2326 haec
4326 2260 4496 2327 bona
4541 2281 4686 2327 con-

2737 2343 3093 2409 feruntur?

3637 2466 3790 2504 PUBB.

2910 2515 3089 2597 Quia
3144 2517 3273 2582 nisi
3330 2517 3797 2598 promissiones
3839 2516 3975 2583 illic
4040 2517 4231 2582 nobis
4287 2516 4542 2584 oblatas
4594 2539 4689 2583 re-

2735 2600 3031 2684 spuendo
3084 2604 3524 2668 infructuosas
3568 2601 3925 2683 reddimus,
3972 2604 4300 2669 vescimur
4312 2606 4373 2687 ⁴)
4408 2603 4687 2683 Christo,

2734 2688 3005 2772 eiusque
3041 2689 3276 2772 spiritu
3321 2687 3663 2753 donamur.

3579 2896 3841 2931 mxuma.

2902 2945 3110 3011 Nobis
3153 2967 3313 3011 vero
3357 2946 3516 3033 quid
3551 2945 3880 3031 agendum
3924 2956 4044 3027 est,
4091 2956 4168 3012 61
4208 2949 4334 3013 rite
4369 2948 4687 3032 baptismo

2733 3030 3039 3097 utamur?

3635 3156 3790 3191 Pm-

2904 3205 3155 3270 Rectus
3199 3205 3508 3288 baptismi
3546 3227 3709 3272 usus
3751 3207 3824 3270 in
3868 3206 3999 3274 fide
4042 3212 4111 3271 et
4159 3206 4566 3290 poenitentia
4605 3205 4688 3272 si-

2734 3297 2842 3355 tus
2885 3298 3011 3355 est:
3056 3290 3181 3357 hoc
3225 3299 3353 3372 est,
3398 3301 3480 3357 ut
3524 3300 3895 3358 statuamus
3938 3293 4226 3376 primum
4269 3301 4447 3358 certa
4491 3291 4687 3358 animi

2729 3375 2994 3455 fiducia,
3053 3398 3175 3443 nos
3232 3379 3313 3443 ab
3369 3379 3672 3444 omnibus
3726 3378 4006 3444 maculis
4064 3378 4318 3445 Christi
4371 3379 4688 3464 sanguine

2728 3469 3059 3547 purgatos,
3105 3461 3254 3528 Deo
3296 3463 3586 3546 placere:
3635 3462 3870 3530 deinde
3917 3473 3988 3529 ut
4018 3465 4322 3548 spiritum
4367 3466 4509 3531 eius
4544 3486 4687 3530 sen-

2729 3550 2972 3613 tiamus
3020 3549 3152 3632 ipsi
3207 3550 3278 3614 in
3346 3550 3533 3617 nobis
3588 3550 3920 3616 habitare:
3989 3559 4186 3634 atque
4246 3550 4315 3616 id
4384 3550 4688 3635 operibus

2728 3634 2901 3718 apud
2946 3635 3110 3701 alios
3154 3634 3594 3703 declaremus:
3651 3644 3856 3719 utque
3900 3637 4159 3703 assidue
4202 3658 4322 3703 nos
4365 3638 4437 3718 16
4482 3634 4683 3703 166(11-

2728 3720 2932 3786 tanda
2987 3728 3132 3785 tum
3186 3722 3406 3789 carnis
3455 3722 3984 3804 mortificatione,
4042 3732 4187 3790 tum
4229 3724 4518 3790 iustitiae
4561 3720 4687 3788 Dei

2729 3806 3102 3874 obedientia
3144 3828 3584 3875 exerceamus.

2902 3974 2979 4045 Si
3038 3978 3202 4044 haec
3269 3929 3861 4063 mqujrunfflmmxd
3933 3979 4305 4065 legitimum
4372 3978 4684 4065 baptismi

2727 4085 2939 4143 usum,
2981 4065 3094 4147 qui
3137 4066 3214 4130 fit
3253 4074 3332 4130 ut
3370 4066 3657 4136 infantes
3699 4063 4144 4149 baptizemus?

3627 4187 3782 4223 mn.

2898 4237 2963 4302 N
2966 4257 3056 4301 on
3113 4243 3215 4301 est
3270 4257 3566 4316 necesse,
3624 4246 3702 4301 ut
3754 4237 4157 4322 baptismum
4212 4259 4472 4322 semper
4523 4237 4682 4304 fides

2726 4331 2797 4389 et
2844 4323 3254 4408 poenitentia
3315 4321 3741 4406 praecedant:
3805 4323 3922 4389 66(1
3990 4324 4070 4389 ab
4141 4323 4278 4390 illis
4296 4327 4355 4409 ὅ)
4422 4333 4683 4390 tantum

2726 4412 3113 4494 exiguntur,
3171 4409 3280 4490 qui
3324 4429 3445 4492 per
3488 4419 3768 4474 aetatem
3811 4409 3950 4474 iam
3996 4418 4154 4476 sunt
4196 4411 4537 4494 utriusque
4581 4428 4683 4475 66-

2725 4516 2934 4579 66666.
3002 4492 3186 4560 Satis
3230 4516 3385 4579 ergo
3428 4495 3648 4573 fuerit,
3695 4495 3754 4561 si
3787 4495 4095 4575 infantes,
4137 4503 4488 4583 postquam
4532 4495 4684 4562 ado-

2724 4581 3025 4660 leverint,
3071 4580 3386 4664 baptismi
3429 4582 3535 4646 sui
3579 4582 3718 4646 vim
3766 4591 4092 4648 exserant.

3640 5045 3700 5110 2)
3740 5046 3820 5100 Le
3855 5042 3940 5099 50.
3978 5045 4279 5101 dimanche.
4311 5072 4380 5082 —
4416 5046 4506 5101 Du
4542 5044 4683 5112 Bap-

668 5121 856 5252 aalma
860 5111 1009 5237 e(1323¹⁵
1031 5112 1210 5235 {eltfign
1216 5112 1429 5235 gnsaus,
1470 5141 1538 5151 —
1586 5113 1698 5170 Les
1743 5130 2052 5183 promesses
2101 5115 2174 5171 du
2219 5114 2419 5185 peuple
2468 5114 2694 5171 d'Israel
2738 5123 2865 5170 sont
2911 5115 3201 5171 estendues
3248 5132 3351 5185 par
3384 5121 3508 5171 tout
3541 5115 3594 5170 le
3630 5115 3842 5171 monde.
3888 5143 3955 5153 —
3999 5114 4050 5168 A
4084 5114 4264 5183 quelle
4299 5113 4579 5170 condition
4615 5128 4684 5167 on

976 5248 1037 5316 3)
1082 5248 1233 5304 Edd.
1276 5263 1412 5305 recc-
1454 5251 1739 5307 manuales
1784 5251 2059 5307 scribunt.-
2107 5251 2358 5307 effectum
2413 5268 2569 5307 suum
2612 5252 2781 5308 habet
2825 5252 2963 5307 haec
3009 5254 3200 5321 gratia.
3476 5250 3538 5318 4)
3593 5249 3688 5306 Sic
3717 5251 3979 5320 princeps
4011 5258 4063 5308 et
4096 5252 4282 5308 Incidi.
4321 5249 4472 5306 1550.
4552 5249 4682 5305 Gae-

665 5325 816 5375 terae
849 5334 1062 5374 omnes.-
1107 5318 1382 5374 vestimur.

653 5388 966 5445 emendant.

1683 5317 1893 5389 mm
1944 5322 2210 5391 princepe
2252 5322 2533 5391 acptum
2567 5322 2715 5377 alim
2758 5322 3034 5378 ombunt:
3094 5321 3244 5390 aliis,
3293 5318 4683 5392 quodrezmaevelinilusvdiniismamdo
