<?xml version="1.0" encoding="UTF-8"?>
<!DOCTYPE html PUBLIC "-//W3C//DTD XHTML 1.0 Transitional//EN"
    "http://www.w3.org/TR/xhtml1/DTD/xhtml1-transitional.dtd">
<html xmlns="http://www.w3.org/1999/xhtml" xml:lang="en" lang="en">
 <head>
  <title>
</title>
<meta http-equiv="Content-Type" content="text/html;charset=utf-8" />
  <meta name='ocr-system' content='tesseract 3.04.00' />
  <meta name='ocr-capabilities' content='ocr_page ocr_carea ocr_par ocr_line ocrx_word'/>
</head>
<body>
  <div class='ocr_page' id='page_1' title='image "./ioanniscalvinio00horsgoog_0214.png"; bbox 0 0 4999 6179; ppageno 0'>
   <div class='ocr_carea' id='block_1_1' title="bbox 553 467 674 531">
    <p class='ocr_par' dir='ltr' id='par_1_1' title="bbox 553 467 674 531">
     <span class='ocr_line' id='line_1_1' title="bbox 553 467 674 531; baseline -0.017 0"><span class='ocrx_word' id='word_1_1' title='bbox 553 467 674 531; x_wconf 82' lang='lat'>351</span> 
     </span>
    </p>
   </div>
   <div class='ocr_carea' id='block_1_2' title="bbox 552 638 2532 5462">
    <p class='ocr_par' dir='ltr' id='par_1_2' title="bbox 552 638 2526 3473">
     <span class='ocr_line' id='line_1_2' title="bbox 552 638 2507 728; baseline -0.009 -8"><span class='ocrx_word' id='word_1_2' title='bbox 552 676 700 720; x_wconf 92' lang='lat' dir='ltr'>mus</span> <span class='ocrx_word' id='word_1_3' title='bbox 754 651 998 718; x_wconf 88' lang='lat' dir='ltr'>malam</span> <span class='ocrx_word' id='word_1_4' title='bbox 1053 670 1227 728; x_wconf 85' lang='lat' dir='ltr'>esse,</span> <span class='ocrx_word' id='word_1_5' title='bbox 1289 647 1498 713; x_wconf 81' lang='lat' dir='ltr'>videri</span> <span class='ocrx_word' id='word_1_6' title='bbox 1543 647 1713 712; x_wconf 89' lang='lat' dir='ltr'>forte</span> <span class='ocrx_word' id='word_1_7' title='bbox 1758 667 1908 712; x_wconf 91' lang='lat' dir='ltr'>cum</span> <span class='ocrx_word' id='word_1_8' title='bbox 1966 644 2099 708; x_wconf 92' lang='lat' dir='ltr'>illis</span> <span class='ocrx_word' id='word_1_9' title='bbox 2153 643 2397 708; x_wconf 88' lang='lat' dir='ltr'>habere</span> <span class='ocrx_word' id='word_1_10' title='bbox 2437 638 2507 704; x_wconf 92' lang='lat' dir='ltr'>id</span> 
     </span>
     <span class='ocr_line' id='line_1_3' title="bbox 553 723 2507 824; baseline -0.008 -18"><span class='ocrx_word' id='word_1_11' title='bbox 553 760 901 807; x_wconf 91' lang='lat' dir='ltr'>commune</span> <span class='ocrx_word' id='word_1_12' title='bbox 955 737 1022 802; x_wconf 92' lang='lat' dir='ltr'>in</span> <span class='ocrx_word' id='word_1_13' title='bbox 1078 735 1362 820; x_wconf 91' lang='lat' dir='ltr'>speciem</span> <span class='ocrx_word' id='word_1_14' title='bbox 1415 753 1769 817; x_wconf 73' lang='lat' dir='ltr'><strong>possemus.</strong></span> <span class='ocrx_word' id='word_1_15' title='bbox 1873 731 2129 824; x_wconf 61' lang='lat' dir='ltr'>Verum</span> <span class='ocrx_word' id='word_1_16' title='bbox 2145 782 2159 807; x_wconf 90' lang='lat'>,</span> <span class='ocrx_word' id='word_1_17' title='bbox 2219 723 2507 793; x_wconf 89' lang='lat' dir='ltr'>secundo</span> 
     </span>
     <span class='ocr_line' id='line_1_4' title="bbox 553 814 2509 901; baseline -0.008 -9"><span class='ocrx_word' id='word_1_18' title='bbox 553 825 790 892; x_wconf 88' lang='lat' dir='ltr'>deinde</span> <span class='ocrx_word' id='word_1_19' title='bbox 837 823 1052 901; x_wconf 87' lang='lat' dir='ltr'>verbo,</span> <span class='ocrx_word' id='word_1_20' title='bbox 1099 830 1359 887; x_wconf 87' lang='lat' dir='ltr'>tantum</span> <span class='ocrx_word' id='word_1_21' title='bbox 1401 821 1577 884; x_wconf 87' lang='lat' dir='ltr'>inter</span> <span class='ocrx_word' id='word_1_22' title='bbox 1612 839 1731 884; x_wconf 90' lang='lat' dir='ltr'>nos</span> <span class='ocrx_word' id='word_1_23' title='bbox 1768 837 1909 883; x_wconf 87' lang='lat' dir='ltr'>esse</span> <span class='ocrx_word' id='word_1_24' title='bbox 1952 814 2348 882; x_wconf 82' lang='lat' dir='ltr'>discriminis</span> <span class='ocrx_word' id='word_1_25' title='bbox 2390 833 2509 895; x_wconf 93' lang='lat' dir='ltr'>pa-</span> 
     </span>
     <span class='ocr_line' id='line_1_5' title="bbox 552 898 2510 998; baseline -0.007 -21"><span class='ocrx_word' id='word_1_26' title='bbox 552 913 688 979; x_wconf 89' lang='lat' dir='ltr'>lam</span> <span class='ocrx_word' id='word_1_27' title='bbox 742 912 1051 987; x_wconf 87' lang='lat' dir='ltr'>facimus,</span> <span class='ocrx_word' id='word_1_28' title='bbox 1110 915 1185 973; x_wconf 91' lang='lat' dir='ltr'>ut</span> <span class='ocrx_word' id='word_1_29' title='bbox 1236 928 1320 971; x_wconf 89' lang='lat' dir='ltr'>ne</span> <span class='ocrx_word' id='word_1_30' title='bbox 1377 906 1652 970; x_wconf 87' lang='lat' dir='ltr'>minima</span> <span class='ocrx_word' id='word_1_31' title='bbox 1703 902 1966 988; x_wconf 92' lang='lat' dir='ltr'>quidem</span> <span class='ocrx_word' id='word_1_32' title='bbox 2023 901 2307 984; x_wconf 92' lang='lat' dir='ltr'>suspicio</span> <span class='ocrx_word' id='word_1_33' title='bbox 2350 898 2510 998; x_wconf 72' lang='lat' dir='ltr'>hae-</span> 
     </span>
     <span class='ocr_line' id='line_1_6' title="bbox 553 984 2512 1083; baseline -0.009 -19"><span class='ocrx_word' id='word_1_34' title='bbox 553 1007 713 1065; x_wconf 90' lang='lat' dir='ltr'>reat.</span> <span class='ocrx_word' id='word_1_35' title='bbox 805 997 980 1061; x_wconf 86' lang='lat' dir='ltr'>Nam</span> <span class='ocrx_word' id='word_1_36' title='bbox 1032 1014 1236 1078; x_wconf 90' lang='lat' dir='ltr'>quum</span> <span class='ocrx_word' id='word_1_37' title='bbox 1289 992 1389 1056; x_wconf 91' lang='lat' dir='ltr'>illi</span> <span class='ocrx_word' id='word_1_38' title='bbox 1446 989 1858 1056; x_wconf 78' lang='lat' dir='ltr'>essentialem</span> <span class='ocrx_word' id='word_1_39' title='bbox 1918 989 1985 1052; x_wconf 90' lang='lat' dir='ltr'>in</span> <span class='ocrx_word' id='word_1_40' title='bbox 2043 994 2278 1052; x_wconf 89' lang='lat' dir='ltr'>natura</span> <span class='ocrx_word' id='word_1_41' title='bbox 2321 984 2512 1083; x_wconf 61' lang='lat' dir='ltr'>mali-</span> 
     </span>
     <span class='ocr_line' id='line_1_7' title="bbox 555 1072 2512 1159; baseline -0.01 -7"><span class='ocrx_word' id='word_1_42' title='bbox 555 1086 717 1151; x_wconf 87' lang='lat' dir='ltr'>tiam</span> <span class='ocrx_word' id='word_1_43' title='bbox 784 1081 1214 1157; x_wconf 89' lang='lat' dir='ltr'>constituant,</span> <span class='ocrx_word' id='word_1_44' title='bbox 1273 1098 1545 1159; x_wconf 89' lang='lat' dir='ltr'>eamque</span> <span class='ocrx_word' id='word_1_45' title='bbox 1599 1076 1681 1142; x_wconf 90' lang='lat' dir='ltr'>ab</span> <span class='ocrx_word' id='word_1_46' title='bbox 1736 1077 1877 1159; x_wconf 88' lang='lat' dir='ltr'>ipso</span> <span class='ocrx_word' id='word_1_47' title='bbox 1932 1073 2279 1140; x_wconf 75' lang='lat' dir='ltr'>creationis</span> <span class='ocrx_word' id='word_1_48' title='bbox 2321 1072 2512 1135; x_wconf 79' lang='lat' dir='ltr'>initio</span> 
     </span>
     <span class='ocr_line' id='line_1_8' title="bbox 555 1161 2513 1248; baseline -0.008 -13"><span class='ocrx_word' id='word_1_49' title='bbox 555 1171 758 1236; x_wconf 90' lang='lat' dir='ltr'>talem</span> <span class='ocrx_word' id='word_1_50' title='bbox 799 1167 1127 1233; x_wconf 75' lang='lat' dir='ltr'>exstitisse</span> <span class='ocrx_word' id='word_1_51' title='bbox 1170 1164 1637 1248; x_wconf 82' lang='lat' dir='ltr'>imaginentur,</span> <span class='ocrx_word' id='word_1_52' title='bbox 1682 1161 1887 1227; x_wconf 88' lang='lat' dir='ltr'>nostri</span> <span class='ocrx_word' id='word_1_53' title='bbox 1936 1182 2016 1224; x_wconf 91' lang='lat' dir='ltr'>ex</span> <span class='ocrx_word' id='word_1_54' title='bbox 2055 1165 2333 1223; x_wconf 87' lang='lat' dir='ltr'>naturae</span> <span class='ocrx_word' id='word_1_55' title='bbox 2369 1177 2513 1221; x_wconf 89' lang='lat' dir='ltr'>cor-</span> 
     </span>
     <span class='ocr_line' id='line_1_9' title="bbox 554 1249 2514 1340; baseline -0.009 -18"><span class='ocrx_word' id='word_1_56' title='bbox 554 1256 863 1340; x_wconf 83' lang='lat' dir='ltr'>ruptione</span> <span class='ocrx_word' id='word_1_57' title='bbox 919 1253 1154 1317; x_wconf 83' lang='lat' dir='ltr'>vitium</span> <span class='ocrx_word' id='word_1_58' title='bbox 1208 1271 1352 1315; x_wconf 89' lang='lat' dir='ltr'>esse</span> <span class='ocrx_word' id='word_1_59' title='bbox 1408 1249 1766 1314; x_wconf 89' lang='lat' dir='ltr'>definiunt:</span> <span class='ocrx_word' id='word_1_60' title='bbox 1824 1256 2125 1310; x_wconf 85' lang='lat' dir='ltr'>naturam</span> <span class='ocrx_word' id='word_1_61' title='bbox 2176 1263 2333 1307; x_wconf 82' lang='lat' dir='ltr'>vero</span> <span class='ocrx_word' id='word_1_62' title='bbox 2377 1262 2514 1305; x_wconf 91' lang='lat' dir='ltr'>non</span> 
     </span>
     <span class='ocr_line' id='line_1_10' title="bbox 555 1329 2514 1422; baseline -0.01 -12"><span class='ocrx_word' id='word_1_63' title='bbox 555 1341 816 1411; x_wconf 89' lang='lat' dir='ltr'>coelesti</span> <span class='ocrx_word' id='word_1_64' title='bbox 861 1339 1079 1422; x_wconf 89' lang='lat' dir='ltr'>aliquo</span> <span class='ocrx_word' id='word_1_65' title='bbox 1122 1337 1402 1414; x_wconf 89' lang='lat' dir='ltr'>influxu,</span> <span class='ocrx_word' id='word_1_66' title='bbox 1445 1333 1560 1400; x_wconf 93' lang='lat' dir='ltr'>sed</span> <span class='ocrx_word' id='word_1_67' title='bbox 1597 1332 1967 1397; x_wconf 87' lang='lat' dir='ltr'>voluntario</span> <span class='ocrx_word' id='word_1_68' title='bbox 2002 1330 2287 1394; x_wconf 89' lang='lat' dir='ltr'>hominis</span> <span class='ocrx_word' id='word_1_69' title='bbox 2323 1329 2514 1411; x_wconf 88' lang='lat' dir='ltr'>lapsu</span> 
     </span>
     <span class='ocr_line' id='line_1_11' title="bbox 555 1419 2514 1512; baseline -0.01 -16"><span class='ocrx_word' id='word_1_70' title='bbox 555 1439 932 1512; x_wconf 86' lang='lat' dir='ltr'>corruptam</span> <span class='ocrx_word' id='word_1_71' title='bbox 988 1423 1219 1501; x_wconf 89' lang='lat' dir='ltr'>fuisse,</span> <span class='ocrx_word' id='word_1_72' title='bbox 1280 1428 1661 1487; x_wconf 75' lang='lat' dir='ltr'>constanter</span> <span class='ocrx_word' id='word_1_73' title='bbox 1711 1419 2131 1502; x_wconf 85' lang='lat' dir='ltr'>profitentur:</span> <span class='ocrx_word' id='word_1_74' title='bbox 2195 1426 2267 1479; x_wconf 89' lang='lat' dir='ltr'>ut</span> <span class='ocrx_word' id='word_1_75' title='bbox 2310 1434 2514 1497; x_wconf 89' lang='lat' dir='ltr'>quum</span> 
     </span>
     <span class='ocr_line' id='line_1_12' title="bbox 553 1500 2514 1600; baseline -0.009 -20"><span class='ocrx_word' id='word_1_76' title='bbox 553 1514 889 1600; x_wconf 88' lang='lat' dir='ltr'>quaeritur</span> <span class='ocrx_word' id='word_1_77' title='bbox 932 1509 1091 1575; x_wconf 88' lang='lat' dir='ltr'>mali</span> <span class='ocrx_word' id='word_1_78' title='bbox 1135 1527 1362 1587; x_wconf 89' lang='lat' dir='ltr'>causa,</span> <span class='ocrx_word' id='word_1_79' title='bbox 1410 1526 1542 1570; x_wconf 91' lang='lat' dir='ltr'>non</span> <span class='ocrx_word' id='word_1_80' title='bbox 1588 1513 1777 1570; x_wconf 88' lang='lat' dir='ltr'>extra</span> <span class='ocrx_word' id='word_1_81' title='bbox 1820 1525 1941 1568; x_wconf 89' lang='lat' dir='ltr'>nos</span> <span class='ocrx_word' id='word_1_82' title='bbox 1978 1504 2189 1579; x_wconf 87' lang='lat' dir='ltr'>exire,</span> <span class='ocrx_word' id='word_1_83' title='bbox 2236 1500 2351 1565; x_wconf 91' lang='lat' dir='ltr'>sed</span> <span class='ocrx_word' id='word_1_84' title='bbox 2396 1520 2514 1563; x_wconf 92' lang='lat' dir='ltr'>no-</span> 
     </span>
     <span class='ocr_line' id='line_1_13' title="bbox 555 1588 2516 1678; baseline -0.01 -11"><span class='ocrx_word' id='word_1_85' title='bbox 555 1601 657 1669; x_wconf 89' lang='lat' dir='ltr'>bis</span> <span class='ocrx_word' id='word_1_86' title='bbox 701 1606 910 1664; x_wconf 86' lang='lat' dir='ltr'>totam</span> <span class='ocrx_word' id='word_1_87' title='bbox 964 1595 1228 1678; x_wconf 90' lang='lat' dir='ltr'>culpam</span> <span class='ocrx_word' id='word_1_88' title='bbox 1277 1595 1607 1676; x_wconf 90' lang='lat' dir='ltr'>imputare</span> <span class='ocrx_word' id='word_1_89' title='bbox 1653 1589 2022 1656; x_wconf 83' lang='lat' dir='ltr'>debeamus.</span> <span class='ocrx_word' id='word_1_90' title='bbox 2117 1588 2244 1652; x_wconf 88' lang='lat' dir='ltr'>Hic</span> <span class='ocrx_word' id='word_1_91' title='bbox 2288 1593 2516 1650; x_wconf 90' lang='lat' dir='ltr'>noster</span> 
     </span>
     <span class='ocr_line' id='line_1_14' title="bbox 557 1673 2514 1755; baseline -0.011 -1"><span class='ocrx_word' id='word_1_92' title='bbox 557 1693 659 1754; x_wconf 89' lang='lat' dir='ltr'>est</span> <span class='ocrx_word' id='word_1_93' title='bbox 718 1705 872 1752; x_wconf 91' lang='lat' dir='ltr'>cum</span> <span class='ocrx_word' id='word_1_94' title='bbox 927 1680 1312 1755; x_wconf 86' lang='lat' dir='ltr'>Valentino,</span> <span class='ocrx_word' id='word_1_95' title='bbox 1368 1679 1738 1753; x_wconf 77' lang='lat' dir='ltr'>Marcione,</span> <span class='ocrx_word' id='word_1_96' title='bbox 1796 1682 1864 1740; x_wconf 89' lang='lat' dir='ltr'>et</span> <span class='ocrx_word' id='word_1_97' title='bbox 1909 1673 2317 1739; x_wconf 87' lang='lat' dir='ltr'>Manichaeis</span> <span class='ocrx_word' id='word_1_98' title='bbox 2361 1692 2514 1736; x_wconf 91' lang='lat' dir='ltr'>con-</span> 
     </span>
     <span class='ocr_line' id='line_1_15' title="bbox 556 1763 2513 1852; baseline -0.01 -13"><span class='ocrx_word' id='word_1_99' title='bbox 556 1792 817 1840; x_wconf 89' lang='lat' dir='ltr'>sensus:</span> <span class='ocrx_word' id='word_1_100' title='bbox 865 1775 1187 1852; x_wconf 90' lang='lat' dir='ltr'>quantum</span> <span class='ocrx_word' id='word_1_101' title='bbox 1220 1765 1470 1831; x_wconf 89' lang='lat' dir='ltr'>scilieet</span> <span class='ocrx_word' id='word_1_102' title='bbox 1514 1764 1686 1827; x_wconf 89' lang='lat' dir='ltr'>inter</span> <span class='ocrx_word' id='word_1_103' title='bbox 1721 1763 1944 1847; x_wconf 87' lang='lat' dir='ltr'>ignem</span> <span class='ocrx_word' id='word_1_104' title='bbox 1986 1769 2052 1825; x_wconf 88' lang='lat' dir='ltr'>et</span> <span class='ocrx_word' id='word_1_105' title='bbox 2086 1779 2323 1843; x_wconf 90' lang='lat' dir='ltr'>aquam</span> <span class='ocrx_word' id='word_1_106' title='bbox 2359 1776 2513 1821; x_wconf 88' lang='lat' dir='ltr'>con-</span> 
     </span>
     <span class='ocr_line' id='line_1_16' title="bbox 557 1844 2514 1932; baseline -0.01 -7"><span class='ocrx_word' id='word_1_107' title='bbox 557 1859 758 1926; x_wconf 80' lang='lat' dir='ltr'>venit.</span> <span class='ocrx_word' id='word_1_108' title='bbox 851 1854 928 1920; x_wconf 77' lang='lat' dir='ltr'>Si</span> <span class='ocrx_word' id='word_1_109' title='bbox 983 1853 1182 1919; x_wconf 88' lang='lat' dir='ltr'>fidem</span> <span class='ocrx_word' id='word_1_110' title='bbox 1239 1849 1366 1917; x_wconf 91' lang='lat' dir='ltr'>sibi</span> <span class='ocrx_word' id='word_1_111' title='bbox 1409 1850 1552 1932; x_wconf 91' lang='lat' dir='ltr'>quis</span> <span class='ocrx_word' id='word_1_112' title='bbox 1610 1848 1753 1913; x_wconf 92' lang='lat' dir='ltr'>fieri</span> <span class='ocrx_word' id='word_1_113' title='bbox 1800 1853 2012 1931; x_wconf 90' lang='lat' dir='ltr'>petat,</span> <span class='ocrx_word' id='word_1_114' title='bbox 2064 1844 2353 1928; x_wconf 88' lang='lat' dir='ltr'>primum</span> <span class='ocrx_word' id='word_1_115' title='bbox 2398 1863 2514 1907; x_wconf 68' lang='lat' dir='ltr'>ex,-</span> 
     </span>
     <span class='ocr_line' id='line_1_17' title="bbox 559 1930 2513 2019; baseline -0.01 -9"><span class='ocrx_word' id='word_1_116' title='bbox 559 1951 740 2010; x_wconf 93' lang='lat' dir='ltr'>stant</span> <span class='ocrx_word' id='word_1_117' title='bbox 791 1940 942 2007; x_wconf 88' lang='lat' dir='ltr'>libri</span> <span class='ocrx_word' id='word_1_118' title='bbox 1005 1938 1210 2004; x_wconf 81' lang='lat' dir='ltr'>nostri</span> <span class='ocrx_word' id='word_1_119' title='bbox 1229 1988 1244 2013; x_wconf 98' lang='lat'>,</span> <span class='ocrx_word' id='word_1_120' title='bbox 1309 1935 1538 2019; x_wconf 91' lang='lat' dir='ltr'>optimi</span> <span class='ocrx_word' id='word_1_121' title='bbox 1594 1942 1661 1998; x_wconf 91' lang='lat' dir='ltr'>et</span> <span class='ocrx_word' id='word_1_122' title='bbox 1713 1930 2213 2015; x_wconf 75' lang='lat' dir='ltr'>locupletissimi</span> <span class='ocrx_word' id='word_1_123' title='bbox 2278 1935 2513 1995; x_wconf 88' lang='lat' dir='ltr'>testes:</span> 
     </span>
     <span class='ocr_line' id='line_1_18' title="bbox 560 2015 2517 2106; baseline -0.008 -12"><span class='ocrx_word' id='word_1_124' title='bbox 560 2028 797 2096; x_wconf 89' lang='lat' dir='ltr'>deinde</span> <span class='ocrx_word' id='word_1_125' title='bbox 849 2025 1021 2091; x_wconf 89' lang='lat' dir='ltr'>nihil</span> <span class='ocrx_word' id='word_1_126' title='bbox 1073 2023 1181 2090; x_wconf 87' lang='lat' dir='ltr'>hic</span> <span class='ocrx_word' id='word_1_127' title='bbox 1235 2022 1446 2106; x_wconf 88' lang='lat' dir='ltr'>leges,</span> <span class='ocrx_word' id='word_1_128' title='bbox 1504 2018 1678 2103; x_wconf 90' lang='lat' dir='ltr'>quod</span> <span class='ocrx_word' id='word_1_129' title='bbox 1731 2040 1864 2083; x_wconf 91' lang='lat' dir='ltr'>non</span> <span class='ocrx_word' id='word_1_130' title='bbox 1919 2018 2062 2102; x_wconf 89' lang='lat' dir='ltr'>ipse</span> <span class='ocrx_word' id='word_1_131' title='bbox 2104 2015 2387 2099; x_wconf 78' lang='lat' dir='ltr'>Pighius</span> <span class='ocrx_word' id='word_1_132' title='bbox 2432 2035 2517 2078; x_wconf 89' lang='lat' dir='ltr'>ex</span> 
     </span>
     <span class='ocr_line' id='line_1_19' title="bbox 558 2105 2519 2189; baseline -0.01 -7"><span class='ocrx_word' id='word_1_133' title='bbox 558 2137 710 2182; x_wconf 91' lang='lat' dir='ltr'>mea</span> <span class='ocrx_word' id='word_1_134' title='bbox 764 2111 1194 2179; x_wconf 88' lang='lat' dir='ltr'>Institutione</span> <span class='ocrx_word' id='word_1_135' title='bbox 1248 2108 1494 2173; x_wconf 89' lang='lat' dir='ltr'>recitet.</span> <span class='ocrx_word' id='word_1_136' title='bbox 1600 2105 1828 2189; x_wconf 89' lang='lat' dir='ltr'>Neque</span> <span class='ocrx_word' id='word_1_137' title='bbox 1881 2114 2107 2169; x_wconf 88' lang='lat' dir='ltr'>tamen</span> <span class='ocrx_word' id='word_1_138' title='bbox 2175 2107 2519 2167; x_wconf 90' lang='lat' dir='ltr'>contentus</span> 
     </span>
     <span class='ocr_line' id='line_1_20' title="bbox 560 2186 2520 2286; baseline -0.01 -18"><span class='ocrx_word' id='word_1_139' title='bbox 560 2222 754 2286; x_wconf 88' lang='lat' dir='ltr'>pares</span> <span class='ocrx_word' id='word_1_140' title='bbox 809 2217 932 2264; x_wconf 90' lang='lat' dir='ltr'>nos</span> <span class='ocrx_word' id='word_1_141' title='bbox 988 2206 1125 2262; x_wconf 91' lang='lat' dir='ltr'>tam</span> <span class='ocrx_word' id='word_1_142' title='bbox 1178 2191 1480 2259; x_wconf 86' lang='lat' dir='ltr'>absurdis</span> <span class='ocrx_word' id='word_1_143' title='bbox 1532 2190 1911 2257; x_wconf 91' lang='lat' dir='ltr'>hominibus</span> <span class='ocrx_word' id='word_1_144' title='bbox 1965 2188 2229 2265; x_wconf 88' lang='lat' dir='ltr'>fecisse,</span> <span class='ocrx_word' id='word_1_145' title='bbox 2285 2186 2520 2250; x_wconf 85' lang='lat' dir='ltr'>maiori</span> 
     </span>
     <span class='ocr_line' id='line_1_21' title="bbox 561 2276 2517 2365; baseline -0.011 -9"><span class='ocrx_word' id='word_1_146' title='bbox 561 2285 1010 2355; x_wconf 84' lang='lat' dir='ltr'>exsecratione</span> <span class='ocrx_word' id='word_1_147' title='bbox 1065 2280 1299 2365; x_wconf 88' lang='lat' dir='ltr'>dignos</span> <span class='ocrx_word' id='word_1_148' title='bbox 1342 2299 1488 2344; x_wconf 90' lang='lat' dir='ltr'>esse</span> <span class='ocrx_word' id='word_1_149' title='bbox 1547 2278 1818 2343; x_wconf 86' lang='lat' dir='ltr'>elamat:</span> <span class='ocrx_word' id='word_1_150' title='bbox 1874 2276 2030 2359; x_wconf 88' lang='lat' dir='ltr'>quia</span> <span class='ocrx_word' id='word_1_151' title='bbox 2071 2281 2278 2339; x_wconf 90' lang='lat' dir='ltr'>totam</span> <span class='ocrx_word' id='word_1_152' title='bbox 2320 2278 2517 2336; x_wconf 89' lang='lat' dir='ltr'>natu-</span> 
     </span>
     <span class='ocr_line' id='line_1_22' title="bbox 560 2358 2517 2459; baseline -0.01 -19"><span class='ocrx_word' id='word_1_153' title='bbox 560 2395 705 2440; x_wconf 89' lang='lat' dir='ltr'>ram</span> <span class='ocrx_word' id='word_1_154' title='bbox 751 2371 1155 2437; x_wconf 86' lang='lat' dir='ltr'>damnemus.</span> <span class='ocrx_word' id='word_1_155' title='bbox 1212 2366 1484 2459; x_wconf 76' lang='lat' dir='ltr'>Nempe,</span> <span class='ocrx_word' id='word_1_156' title='bbox 1523 2384 1725 2448; x_wconf 90' lang='lat' dir='ltr'>quum</span> <span class='ocrx_word' id='word_1_157' title='bbox 1763 2381 1899 2425; x_wconf 91' lang='lat' dir='ltr'>non</span> <span class='ocrx_word' id='word_1_158' title='bbox 1936 2360 2158 2441; x_wconf 92' lang='lat' dir='ltr'>aliqua</span> <span class='ocrx_word' id='word_1_159' title='bbox 2191 2358 2292 2425; x_wconf 91' lang='lat' dir='ltr'>sui</span> <span class='ocrx_word' id='word_1_160' title='bbox 2327 2364 2517 2441; x_wconf 87' lang='lat' dir='ltr'>parte</span> 
     </span>
     <span class='ocr_line' id='line_1_23' title="bbox 561 2445 2517 2543; baseline -0.009 -18"><span class='ocrx_word' id='word_1_161' title='bbox 561 2461 759 2525; x_wconf 89' lang='lat' dir='ltr'>homo</span> <span class='ocrx_word' id='word_1_162' title='bbox 815 2455 1214 2541; x_wconf 85' lang='lat' dir='ltr'>peccaverit,</span> <span class='ocrx_word' id='word_1_163' title='bbox 1271 2451 1389 2518; x_wconf 91' lang='lat' dir='ltr'>sed</span> <span class='ocrx_word' id='word_1_164' title='bbox 1442 2458 1653 2527; x_wconf 89' lang='lat' dir='ltr'>totus,</span> <span class='ocrx_word' id='word_1_165' title='bbox 1713 2446 1872 2530; x_wconf 88' lang='lat' dir='ltr'>quid</span> <span class='ocrx_word' id='word_1_166' title='bbox 1916 2445 2159 2510; x_wconf 90' lang='lat' dir='ltr'>mirum</span> <span class='ocrx_word' id='word_1_167' title='bbox 2202 2445 2257 2543; x_wconf 80' lang='lat' dir='ltr'>si</span> <span class='ocrx_word' id='word_1_168' title='bbox 2303 2465 2373 2511; x_wconf 90' lang='lat' dir='ltr'>se</span> <span class='ocrx_word' id='word_1_169' title='bbox 2416 2450 2517 2508; x_wconf 89' lang='lat' dir='ltr'>to·</span> 
     </span>
     <span class='ocr_line' id='line_1_24' title="bbox 562 2531 2514 2624; baseline -0.01 -12"><span class='ocrx_word' id='word_1_170' title='bbox 562 2554 707 2611; x_wconf 89' lang='lat' dir='ltr'>tum</span> <span class='ocrx_word' id='word_1_171' title='bbox 764 2543 1021 2609; x_wconf 89' lang='lat' dir='ltr'>dicatur</span> <span class='ocrx_word' id='word_1_172' title='bbox 1074 2536 1482 2624; x_wconf 78' lang='lat' dir='ltr'>perdidisse?</span> <span class='ocrx_word' id='word_1_173' title='bbox 1583 2532 1720 2600; x_wconf 78' lang='lat' dir='ltr'>Sed</span> <span class='ocrx_word' id='word_1_174' title='bbox 1760 2531 2160 2616; x_wconf 88' lang='lat' dir='ltr'>permultum</span> <span class='ocrx_word' id='word_1_175' title='bbox 2217 2537 2514 2609; x_wconf 80' lang='lat' dir='ltr'>interest,</span> 
     </span>
     <span class='ocr_line' id='line_1_25' title="bbox 560 2614 2519 2706; baseline -0.01 -7"><span class='ocrx_word' id='word_1_176' title='bbox 560 2630 959 2699; x_wconf 83' lang='lat' dir='ltr'>accersitone</span> <span class='ocrx_word' id='word_1_177' title='bbox 987 2644 1107 2691; x_wconf 90' lang='lat' dir='ltr'>sua</span> <span class='ocrx_word' id='word_1_178' title='bbox 1143 2623 1336 2706; x_wconf 88' lang='lat' dir='ltr'>culpa</span> <span class='ocrx_word' id='word_1_179' title='bbox 1355 2622 1538 2701; x_wconf 83' lang='lat' dir='ltr'>vitio,</span> <span class='ocrx_word' id='word_1_180' title='bbox 1573 2620 1742 2686; x_wconf 85' lang='lat' dir='ltr'>sicut</span> <span class='ocrx_word' id='word_1_181' title='bbox 1775 2617 2118 2697; x_wconf 84' lang='lat' dir='ltr'>tradimus,</span> <span class='ocrx_word' id='word_1_182' title='bbox 2144 2638 2229 2682; x_wconf 90' lang='lat' dir='ltr'>an</span> <span class='ocrx_word' id='word_1_183' title='bbox 2253 2614 2519 2681; x_wconf 84' lang='lat' dir='ltr'>aliunde</span> 
     </span>
     <span class='ocr_line' id='line_1_26' title="bbox 562 2700 2519 2793; baseline -0.01 -9"><span class='ocrx_word' id='word_1_184' title='bbox 562 2718 690 2784; x_wconf 89' lang='lat' dir='ltr'>sibi</span> <span class='ocrx_word' id='word_1_185' title='bbox 724 2714 954 2793; x_wconf 87' lang='lat' dir='ltr'>indito,</span> <span class='ocrx_word' id='word_1_186' title='bbox 991 2712 1160 2778; x_wconf 90' lang='lat' dir='ltr'>sicut</span> <span class='ocrx_word' id='word_1_187' title='bbox 1182 2709 1467 2775; x_wconf 81' lang='lat' dir='ltr'>delirant</span> <span class='ocrx_word' id='word_1_188' title='bbox 1504 2706 1621 2784; x_wconf 89' lang='lat' dir='ltr'>illi,</span> <span class='ocrx_word' id='word_1_189' title='bbox 1663 2705 1917 2771; x_wconf 91' lang='lat' dir='ltr'>dicatur</span> <span class='ocrx_word' id='word_1_190' title='bbox 1952 2703 2266 2769; x_wconf 88' lang='lat' dir='ltr'>laborare.</span> <span class='ocrx_word' id='word_1_191' title='bbox 2323 2700 2519 2783; x_wconf 81' lang='lat' dir='ltr'>Quod</span> 
     </span>
     <span class='ocr_line' id='line_1_27' title="bbox 560 2787 2520 2880; baseline -0.009 -12"><span class='ocrx_word' id='word_1_192' title='bbox 560 2805 619 2870; x_wconf 87' lang='lat' dir='ltr'>si</span> <span class='ocrx_word' id='word_1_193' title='bbox 661 2800 1006 2866; x_wconf 89' lang='lat' dir='ltr'>hominum</span> <span class='ocrx_word' id='word_1_194' title='bbox 1048 2795 1408 2880; x_wconf 87' lang='lat' dir='ltr'>patrocinio</span> <span class='ocrx_word' id='word_1_195' title='bbox 1451 2813 1616 2877; x_wconf 91' lang='lat' dir='ltr'>opus</span> <span class='ocrx_word' id='word_1_196' title='bbox 1660 2802 1778 2870; x_wconf 90' lang='lat' dir='ltr'>est,</span> <span class='ocrx_word' id='word_1_197' title='bbox 1823 2788 2277 2879; x_wconf 87' lang='lat' dir='ltr'>Augustinum</span> <span class='ocrx_word' id='word_1_198' title='bbox 2317 2787 2520 2853; x_wconf 89' lang='lat' dir='ltr'>habe-</span> 
     </span>
     <span class='ocr_line' id='line_1_28' title="bbox 562 2875 2521 2960; baseline -0.009 -6"><span class='ocrx_word' id='word_1_199' title='bbox 562 2909 710 2955; x_wconf 90' lang='lat' dir='ltr'>mus</span> <span class='ocrx_word' id='word_1_200' title='bbox 753 2886 993 2951; x_wconf 90' lang='lat' dir='ltr'>horum</span> <span class='ocrx_word' id='word_1_201' title='bbox 1038 2881 1338 2947; x_wconf 90' lang='lat' dir='ltr'>omnium</span> <span class='ocrx_word' id='word_1_202' title='bbox 1378 2885 1525 2960; x_wconf 79' lang='lat' dir='ltr'>[pag.</span> <span class='ocrx_word' id='word_1_203' title='bbox 1571 2882 1717 2957; x_wconf 84' lang='lat'>165]</span> <span class='ocrx_word' id='word_1_204' title='bbox 1761 2884 2074 2941; x_wconf 89' lang='lat' dir='ltr'>autorem.</span> <span class='ocrx_word' id='word_1_205' title='bbox 2146 2875 2251 2939; x_wconf 86' lang='lat' dir='ltr'>De</span> <span class='ocrx_word' id='word_1_206' title='bbox 2293 2894 2521 2940; x_wconf 87' lang='lat' dir='ltr'>neces-</span> 
     </span>
     <span class='ocr_line' id='line_1_29' title="bbox 563 2960 2524 3045; baseline -0.009 -4"><span class='ocrx_word' id='word_1_207' title='bbox 563 2975 736 3042; x_wconf 88' lang='lat' dir='ltr'>sario</span> <span class='ocrx_word' id='word_1_208' title='bbox 780 2978 895 3037; x_wconf 91' lang='lat' dir='ltr'>aut</span> <span class='ocrx_word' id='word_1_209' title='bbox 936 2968 1205 3036; x_wconf 82' lang='lat' dir='ltr'>fortuito</span> <span class='ocrx_word' id='word_1_210' title='bbox 1248 2987 1473 3031; x_wconf 90' lang='lat' dir='ltr'>rerum</span> <span class='ocrx_word' id='word_1_211' title='bbox 1516 2973 1778 3043; x_wconf 85' lang='lat' dir='ltr'>eventu,</span> <span class='ocrx_word' id='word_1_212' title='bbox 1820 2960 1991 3026; x_wconf 90' lang='lat' dir='ltr'>nihil</span> <span class='ocrx_word' id='word_1_213' title='bbox 2033 2961 2102 3025; x_wconf 90' lang='lat' dir='ltr'>in</span> <span class='ocrx_word' id='word_1_214' title='bbox 2145 2960 2524 3045; x_wconf 90' lang='lat' dir='ltr'>praesentia</span> 
     </span>
     <span class='ocr_line' id='line_1_30' title="bbox 563 3046 2521 3146; baseline -0.009 -17"><span class='ocrx_word' id='word_1_215' title='bbox 563 3060 893 3146; x_wconf 85' lang='lat' dir='ltr'>attingere</span> <span class='ocrx_word' id='word_1_216' title='bbox 940 3055 1185 3141; x_wconf 88' lang='lat' dir='ltr'>placet:</span> <span class='ocrx_word' id='word_1_217' title='bbox 1256 3075 1340 3120; x_wconf 88' lang='lat' dir='ltr'>ne</span> <span class='ocrx_word' id='word_1_218' title='bbox 1395 3073 1501 3119; x_wconf 88' lang='lat' dir='ltr'>res</span> <span class='ocrx_word' id='word_1_219' title='bbox 1558 3050 1854 3116; x_wconf 76' lang='lat' dir='ltr'>diversas</span> <span class='ocrx_word' id='word_1_220' title='bbox 1918 3046 2318 3132; x_wconf 90' lang='lat' dir='ltr'>implicando</span> <span class='ocrx_word' id='word_1_221' title='bbox 2375 3066 2521 3113; x_wconf 93' lang='lat' dir='ltr'>ora—</span> 
     </span>
     <span class='ocr_line' id='line_1_31' title="bbox 563 3131 2524 3217; baseline -0.009 -2"><span class='ocrx_word' id='word_1_222' title='bbox 563 3147 764 3214; x_wconf 84' lang='lat' dir='ltr'>tionis</span> <span class='ocrx_word' id='word_1_223' title='bbox 808 3144 1044 3213; x_wconf 90' lang='lat' dir='ltr'>seriem</span> <span class='ocrx_word' id='word_1_224' title='bbox 1089 3140 1490 3210; x_wconf 88' lang='lat' dir='ltr'>conturbem.</span> <span class='ocrx_word' id='word_1_225' title='bbox 1560 3135 1918 3202; x_wconf 88' lang='lat' dir='ltr'>Hominem</span> <span class='ocrx_word' id='word_1_226' title='bbox 1962 3135 2055 3201; x_wconf 84' lang='lat' dir='ltr'>sic</span> <span class='ocrx_word' id='word_1_227' title='bbox 2100 3133 2367 3217; x_wconf 88' lang='lat' dir='ltr'>quidem</span> <span class='ocrx_word' id='word_1_228' title='bbox 2411 3131 2524 3198; x_wconf 92' lang='lat' dir='ltr'>do-</span> 
     </span>
     <span class='ocr_line' id='line_1_32' title="bbox 564 3219 2525 3316; baseline -0.008 -16"><span class='ocrx_word' id='word_1_229' title='bbox 564 3254 787 3300; x_wconf 89' lang='lat' dir='ltr'>cemus</span> <span class='ocrx_word' id='word_1_230' title='bbox 827 3232 935 3316; x_wconf 88' lang='lat' dir='ltr'>agi</span> <span class='ocrx_word' id='word_1_231' title='bbox 977 3227 1109 3294; x_wconf 91' lang='lat' dir='ltr'>Dei</span> <span class='ocrx_word' id='word_1_232' title='bbox 1148 3226 1381 3313; x_wconf 85' lang='lat' dir='ltr'>gratia,</span> <span class='ocrx_word' id='word_1_233' title='bbox 1425 3237 1502 3290; x_wconf 89' lang='lat' dir='ltr'>ut</span> <span class='ocrx_word' id='word_1_234' title='bbox 1545 3233 1769 3289; x_wconf 87' lang='lat' dir='ltr'>tamen</span> <span class='ocrx_word' id='word_1_235' title='bbox 1815 3220 2011 3286; x_wconf 90' lang='lat' dir='ltr'>simul</span> <span class='ocrx_word' id='word_1_236' title='bbox 2055 3227 2236 3305; x_wconf 87' lang='lat' dir='ltr'>agat:</span> <span class='ocrx_word' id='word_1_237' title='bbox 2285 3219 2380 3286; x_wconf 91' lang='lat' dir='ltr'>sic</span> <span class='ocrx_word' id='word_1_238' title='bbox 2424 3227 2525 3284; x_wconf 90' lang='lat' dir='ltr'>ta-</span> 
     </span>
     <span class='ocr_line' id='line_1_33' title="bbox 563 3306 2526 3415; baseline -0.008 -30"><span class='ocrx_word' id='word_1_239' title='bbox 563 3341 722 3386; x_wconf 89' lang='lat' dir='ltr'>men</span> <span class='ocrx_word' id='word_1_240' title='bbox 776 3319 994 3401; x_wconf 87' lang='lat' dir='ltr'>ipsum</span> <span class='ocrx_word' id='word_1_241' title='bbox 1048 3334 1274 3415; x_wconf 76' lang='lat' dir='ltr'>agere,</span> <span class='ocrx_word' id='word_1_242' title='bbox 1326 3320 1400 3377; x_wconf 93' lang='grc' dir='ltr'>ιιι</span> <span class='ocrx_word' id='word_1_243' title='bbox 1456 3331 1657 3395; x_wconf 91' lang='lat' dir='ltr'>penes</span> <span class='ocrx_word' id='word_1_244' title='bbox 1716 3309 1844 3373; x_wconf 92' lang='lat' dir='ltr'>Dei</span> <span class='ocrx_word' id='word_1_245' title='bbox 1898 3308 2201 3390; x_wconf 87' lang='lat' dir='ltr'>spiritum</span> <span class='ocrx_word' id='word_1_246' title='bbox 2257 3313 2393 3371; x_wconf 88' lang='lat' dir='ltr'>tota</span> <span class='ocrx_word' id='word_1_247' title='bbox 2438 3306 2526 3371; x_wconf 90' lang='lat' dir='ltr'>sit</span> 
     </span>
     <span class='ocr_line' id='line_1_34' title="bbox 567 3397 1616 3473; baseline -0.011 0"><span class='ocrx_word' id='word_1_248' title='bbox 567 3426 643 3473; x_wconf 83' lang='lat' dir='ltr'>ac</span> <span class='ocrx_word' id='word_1_249' title='bbox 688 3412 953 3469; x_wconf 90' lang='lat' dir='ltr'>maneat</span> <span class='ocrx_word' id='word_1_250' title='bbox 991 3400 1267 3467; x_wconf 78' lang='lat' dir='ltr'>actlonis</span> <span class='ocrx_word' id='word_1_251' title='bbox 1312 3397 1616 3465; x_wconf 86' lang='lat' dir='ltr'>efficacia.</span> 
     </span>
    </p>

    <p class='ocr_par' dir='ltr' id='par_1_3' title="bbox 566 3477 2532 5462">
     <span class='ocr_line' id='line_1_35' title="bbox 737 3477 2524 3572; baseline -0.008 -17"><span class='ocrx_word' id='word_1_252' title='bbox 737 3492 962 3572; x_wconf 82' lang='lat' dir='ltr'>Atque</span> <span class='ocrx_word' id='word_1_253' title='bbox 1005 3495 1080 3553; x_wconf 91' lang='lat' dir='ltr'>ut</span> <span class='ocrx_word' id='word_1_254' title='bbox 1121 3492 1452 3571; x_wconf 86' lang='lat' dir='ltr'>appareat,</span> <span class='ocrx_word' id='word_1_255' title='bbox 1498 3495 1814 3566; x_wconf 89' lang='lat' dir='ltr'>quantam</span> <span class='ocrx_word' id='word_1_256' title='bbox 1851 3500 1932 3544; x_wconf 90' lang='lat' dir='ltr'>ex</span> <span class='ocrx_word' id='word_1_257' title='bbox 1970 3477 2332 3544; x_wconf 87' lang='lat' dir='ltr'>mentiendi</span> <span class='ocrx_word' id='word_1_258' title='bbox 2368 3499 2524 3544; x_wconf 89' lang='lat' dir='ltr'>con-</span> 
     </span>
     <span class='ocr_line' id='line_1_36' title="bbox 567 3564 2525 3650; baseline -0.009 -7"><span class='ocrx_word' id='word_1_259' title='bbox 567 3574 915 3644; x_wconf 87' lang='lat' dir='ltr'>suetudine</span> <span class='ocrx_word' id='word_1_260' title='bbox 957 3573 1293 3638; x_wconf 86' lang='lat' dir='ltr'>licentiam</span> <span class='ocrx_word' id='word_1_261' title='bbox 1330 3569 1799 3650; x_wconf 88' lang='lat' dir='ltr'>audaciamque</span> <span class='ocrx_word' id='word_1_262' title='bbox 1821 3564 1944 3631; x_wconf 92' lang='lat' dir='ltr'>sibi</span> <span class='ocrx_word' id='word_1_263' title='bbox 1968 3565 2363 3649; x_wconf 86' lang='lat' dir='ltr'>acquisierit,</span> <span class='ocrx_word' id='word_1_264' title='bbox 2389 3585 2525 3628; x_wconf 93' lang='lat' dir='ltr'>non</span> 
     </span>
     <span class='ocr_line' id='line_1_37' title="bbox 566 3649 2526 3738; baseline -0.008 -9"><span class='ocrx_word' id='word_1_265' title='bbox 566 3662 760 3729; x_wconf 90' lang='lat' dir='ltr'>modo</span> <span class='ocrx_word' id='word_1_266' title='bbox 804 3683 927 3727; x_wconf 90' lang='lat' dir='ltr'>sua</span> <span class='ocrx_word' id='word_1_267' title='bbox 977 3656 1316 3725; x_wconf 86' lang='lat' dir='ltr'>mendacia</span> <span class='ocrx_word' id='word_1_268' title='bbox 1367 3655 1588 3738; x_wconf 89' lang='lat' dir='ltr'>aliquo</span> <span class='ocrx_word' id='word_1_269' title='bbox 1640 3651 1874 3719; x_wconf 85' lang='lat' dir='ltr'>saltem</span> <span class='ocrx_word' id='word_1_270' title='bbox 1932 3651 2145 3717; x_wconf 90' lang='lat' dir='ltr'>colore</span> <span class='ocrx_word' id='word_1_271' title='bbox 2200 3649 2526 3715; x_wconf 89' lang='lat' dir='ltr'>obducere</span> 
     </span>
     <span class='ocr_line' id='line_1_38' title="bbox 567 3734 2524 3824; baseline -0.009 -9"><span class='ocrx_word' id='word_1_272' title='bbox 567 3748 734 3815; x_wconf 87' lang='lat' dir='ltr'>nihil</span> <span class='ocrx_word' id='word_1_273' title='bbox 778 3753 994 3824; x_wconf 90' lang='lat' dir='ltr'>curat,</span> <span class='ocrx_word' id='word_1_274' title='bbox 1052 3742 1169 3810; x_wconf 89' lang='lat' dir='ltr'>sed</span> <span class='ocrx_word' id='word_1_275' title='bbox 1222 3765 1308 3808; x_wconf 92' lang='lat' dir='ltr'>ne</span> <span class='ocrx_word' id='word_1_276' title='bbox 1351 3742 1458 3808; x_wconf 92' lang='lat' dir='ltr'>cui</span> <span class='ocrx_word' id='word_1_277' title='bbox 1502 3741 1729 3824; x_wconf 91' lang='lat' dir='ltr'>ignota</span> <span class='ocrx_word' id='word_1_278' title='bbox 1779 3739 1942 3817; x_wconf 90' lang='lat' dir='ltr'>sint,</span> <span class='ocrx_word' id='word_1_279' title='bbox 1999 3759 2082 3801; x_wconf 86' lang='lat' dir='ltr'>ex</span> <span class='ocrx_word' id='word_1_280' title='bbox 2125 3756 2276 3801; x_wconf 89' lang='lat' dir='ltr'>mea</span> <span class='ocrx_word' id='word_1_281' title='bbox 2318 3734 2524 3798; x_wconf 87' lang='lat' dir='ltr'>Insti-</span> 
     </span>
     <span class='ocr_line' id='line_1_39' title="bbox 568 3820 2524 3921; baseline -0.009 -20"><span class='ocrx_word' id='word_1_282' title='bbox 568 3836 822 3901; x_wconf 86' lang='lat' dir='ltr'>tutione</span> <span class='ocrx_word' id='word_1_283' title='bbox 877 3831 1110 3909; x_wconf 88' lang='lat' dir='ltr'>refert,</span> <span class='ocrx_word' id='word_1_284' title='bbox 1167 3850 1334 3912; x_wconf 91' lang='lat' dir='ltr'>quae</span> <span class='ocrx_word' id='word_1_285' title='bbox 1388 3849 1467 3893; x_wconf 91' lang='lat' dir='ltr'>ea</span> <span class='ocrx_word' id='word_1_286' title='bbox 1520 3827 1594 3890; x_wconf 88' lang='lat' dir='ltr'>in</span> <span class='ocrx_word' id='word_1_287' title='bbox 1651 3831 1961 3908; x_wconf 87' lang='lat' dir='ltr'>promptu</span> <span class='ocrx_word' id='word_1_288' title='bbox 2001 3828 2300 3920; x_wconf 73' lang='lat' dir='ltr'>arguant.</span> <span class='ocrx_word' id='word_1_289' title='bbox 2357 3820 2524 3921; x_wconf 37' lang='lat' dir='ltr'>‚Ne-</span> 
     </span>
     <span class='ocr_line' id='line_1_40' title="bbox 566 3906 2525 4007; baseline -0.009 -20"><span class='ocrx_word' id='word_1_290' title='bbox 566 3943 693 4005; x_wconf 88' lang='lat' dir='ltr'>que</span> <span class='ocrx_word' id='word_1_291' title='bbox 747 3920 923 3986; x_wconf 90' lang='lat' dir='ltr'>enim</span> <span class='ocrx_word' id='word_1_292' title='bbox 980 3918 1049 3981; x_wconf 90' lang='lat' dir='ltr'>in</span> <span class='ocrx_word' id='word_1_293' title='bbox 1105 3916 1432 3982; x_wconf 80' lang='lat' dir='ltr'>creatione</span> <span class='ocrx_word' id='word_1_294' title='bbox 1475 3912 1582 3978; x_wconf 86' lang='lat' dir='ltr'>vel</span> <span class='ocrx_word' id='word_1_295' title='bbox 1639 3931 1834 3993; x_wconf 87' lang='lat' dir='ltr'>opere</span> <span class='ocrx_word' id='word_1_296' title='bbox 1867 3906 2009 4007; x_wconf 36' lang='lat' dir='ltr'>,Dei</span> <span class='ocrx_word' id='word_1_297' title='bbox 2064 3917 2525 4007; x_wconf 72' lang='lat' dir='ltr'>constituimus</span> 
     </span>
     <span class='ocr_line' id='line_1_41' title="bbox 569 3995 2527 4093; baseline -0.009 -20"><span class='ocrx_word' id='word_1_298' title='bbox 569 4005 918 4093; x_wconf 75' lang='lat' dir='ltr'>pravitatis</span> <span class='ocrx_word' id='word_1_299' title='bbox 970 4009 1235 4068; x_wconf 87' lang='lat' dir='ltr'>nostrae</span> <span class='ocrx_word' id='word_1_300' title='bbox 1293 3999 1644 4083; x_wconf 87' lang='lat' dir='ltr'>originem,</span> <span class='ocrx_word' id='word_1_301' title='bbox 1703 3995 1818 4061; x_wconf 92' lang='lat' dir='ltr'>sed</span> <span class='ocrx_word' id='word_1_302' title='bbox 1861 4016 1932 4059; x_wconf 87' lang='lat' dir='ltr'>m</span> <span class='ocrx_word' id='word_1_303' title='bbox 1989 3995 2186 4077; x_wconf 77' lang='lat' dir='ltr'>primi</span> <span class='ocrx_word' id='word_1_304' title='bbox 2230 4001 2527 4076; x_wconf 72' lang='lat' dir='ltr'>parentis</span> 
     </span>
     <span class='ocr_line' id='line_1_42' title="bbox 569 4079 2527 4173; baseline -0.009 -14"><span class='ocrx_word' id='word_1_305' title='bbox 569 4092 782 4159; x_wconf 83' lang='lat' dir='ltr'>nostri</span> <span class='ocrx_word' id='word_1_306' title='bbox 845 4089 1066 4173; x_wconf 91' lang='lat' dir='ltr'>culpa:</span> <span class='ocrx_word' id='word_1_307' title='bbox 1135 4086 1307 4171; x_wconf 90' lang='lat' dir='ltr'>quod</span> <span class='ocrx_word' id='word_1_308' title='bbox 1363 4083 1739 4150; x_wconf 81' lang='lat' dir='ltr'>voluntaria</span> <span class='ocrx_word' id='word_1_309' title='bbox 1803 4079 2162 4145; x_wconf 88' lang='lat' dir='ltr'>defectione</span> <span class='ocrx_word' id='word_1_310' title='bbox 2216 4079 2527 4144; x_wconf 86' lang='lat' dir='ltr'>miseram</span> 
     </span>
     <span class='ocr_line' id='line_1_43' title="bbox 570 4165 2526 4248; baseline -0.008 -4"><span class='ocrx_word' id='word_1_311' title='bbox 570 4176 898 4245; x_wconf 86' lang='lat' dir='ltr'>serviendi</span> <span class='ocrx_word' id='word_1_312' title='bbox 944 4173 1383 4241; x_wconf 90' lang='lat' dir='ltr'>conditionem</span> <span class='ocrx_word' id='word_1_313' title='bbox 1439 4170 1564 4237; x_wconf 90' lang='lat' dir='ltr'>sibi</span> <span class='ocrx_word' id='word_1_314' title='bbox 1619 4167 2052 4244; x_wconf 86' lang='lat' dir='ltr'>contraxerit,</span> <span class='ocrx_word' id='word_1_315' title='bbox 2109 4185 2315 4248; x_wconf 92' lang='lat' dir='ltr'>quum</span> <span class='ocrx_word' id='word_1_316' title='bbox 2360 4165 2526 4230; x_wconf 89' lang='lat' dir='ltr'>liber</span> 
     </span>
     <span class='ocr_line' id='line_1_44' title="bbox 570 4252 2524 4334; baseline -0.007 -4"><span class='ocrx_word' id='word_1_317' title='bbox 570 4271 831 4331; x_wconf 89' lang='lat' dir='ltr'>creatus</span> <span class='ocrx_word' id='word_1_318' title='bbox 888 4269 1076 4327; x_wconf 89' lang='lat' dir='ltr'>esset.</span> <span class='ocrx_word' id='word_1_319' title='bbox 1179 4259 1326 4324; x_wconf 88' lang='lat' dir='ltr'>Hoc</span> <span class='ocrx_word' id='word_1_320' title='bbox 1381 4266 1600 4323; x_wconf 89' lang='lat' dir='ltr'>autem</span> <span class='ocrx_word' id='word_1_321' title='bbox 1656 4275 1864 4320; x_wconf 90' lang='lat' dir='ltr'>unum</span> <span class='ocrx_word' id='word_1_322' title='bbox 1921 4259 2050 4329; x_wconf 88' lang='lat' dir='ltr'>est,</span> <span class='ocrx_word' id='word_1_323' title='bbox 2107 4273 2235 4334; x_wconf 91' lang='lat' dir='ltr'>quo</span> <span class='ocrx_word' id='word_1_324' title='bbox 2293 4273 2332 4315; x_wconf 88' lang='lat' dir='ltr'>a</span> <span class='ocrx_word' id='word_1_325' title='bbox 2377 4252 2524 4316; x_wconf 85' lang='lat' dir='ltr'>Ma-</span> 
     </span>
     <span class='ocr_line' id='line_1_45' title="bbox 572 4337 2524 4418; baseline -0.008 -1"><span class='ocrx_word' id='word_1_326' title='bbox 572 4348 864 4418; x_wconf 88' lang='lat' dir='ltr'>nichaeis</span> <span class='ocrx_word' id='word_1_327' title='bbox 906 4358 974 4412; x_wconf 91' lang='lat' dir='ltr'>et</span> <span class='ocrx_word' id='word_1_328' title='bbox 1028 4344 1348 4410; x_wconf 90' lang='lat' dir='ltr'>similibus</span> <span class='ocrx_word' id='word_1_329' title='bbox 1399 4341 1796 4407; x_wconf 86' lang='lat' dir='ltr'>orthodoxos</span> <span class='ocrx_word' id='word_1_330' title='bbox 1841 4337 2211 4404; x_wconf 90' lang='lat' dir='ltr'>discernere</span> <span class='ocrx_word' id='word_1_331' title='bbox 2255 4345 2524 4402; x_wconf 87' lang='lat' dir='ltr'>conten-</span> 
     </span>
     <span class='ocr_line' id='line_1_46' title="bbox 571 4423 2524 4516; baseline -0.007 -13"><span class='ocrx_word' id='word_1_332' title='bbox 571 4447 679 4502; x_wconf 90' lang='lat' dir='ltr'>tus</span> <span class='ocrx_word' id='word_1_333' title='bbox 735 4445 833 4500; x_wconf 88' lang='lat' dir='ltr'>est</span> <span class='ocrx_word' id='word_1_334' title='bbox 890 4431 1323 4516; x_wconf 79' lang='lat' dir='ltr'>Augustinus.</span> <span class='ocrx_word' id='word_1_335' title='bbox 1422 4427 1629 4493; x_wconf 90' lang='lat' dir='ltr'>Vides</span> <span class='ocrx_word' id='word_1_336' title='bbox 1684 4445 1871 4510; x_wconf 90' lang='lat' dir='ltr'>ergo,</span> <span class='ocrx_word' id='word_1_337' title='bbox 1930 4429 2007 4487; x_wconf 93' lang='lat' dir='ltr'>ut</span> <span class='ocrx_word' id='word_1_338' title='bbox 2062 4424 2169 4489; x_wconf 90' lang='lat' dir='ltr'>hic</span> <span class='ocrx_word' id='word_1_339' title='bbox 2222 4423 2524 4502; x_wconf 87' lang='lat' dir='ltr'>furiosus,</span> 
     </span>
     <span class='ocr_line' id='line_1_47' title="bbox 570 4508 2526 4609; baseline -0.007 -21"><span class='ocrx_word' id='word_1_340' title='bbox 570 4529 917 4609; x_wconf 88' lang='lat' dir='ltr'>postquam</span> <span class='ocrx_word' id='word_1_341' title='bbox 961 4517 1163 4584; x_wconf 82' lang='lat' dir='ltr'>verbo</span> <span class='ocrx_word' id='word_1_342' title='bbox 1206 4537 1328 4581; x_wconf 91' lang='lat' dir='ltr'>nos</span> <span class='ocrx_word' id='word_1_343' title='bbox 1371 4513 1726 4592; x_wconf 84' lang='lat' dir='ltr'>damnavit,</span> <span class='ocrx_word' id='word_1_344' title='bbox 1774 4531 1845 4575; x_wconf 88' lang='lat' dir='ltr'>re</span> <span class='ocrx_word' id='word_1_345' title='bbox 1882 4510 2027 4593; x_wconf 90' lang='lat' dir='ltr'>ipsa</span> <span class='ocrx_word' id='word_1_346' title='bbox 2069 4508 2369 4593; x_wconf 89' lang='lat' dir='ltr'>protinus</span> <span class='ocrx_word' id='word_1_347' title='bbox 2411 4510 2526 4575; x_wconf 86' lang='lat' dir='ltr'>ab·</span> 
     </span>
     <span class='ocr_line' id='line_1_48' title="bbox 571 4594 2525 4686; baseline -0.008 -10"><span class='ocrx_word' id='word_1_348' title='bbox 571 4610 802 4676; x_wconf 81' lang='lat' dir='ltr'>solvat.</span> <span class='ocrx_word' id='word_1_349' title='bbox 905 4603 1102 4686; x_wconf 79' lang='lat' dir='ltr'>Quod</span> <span class='ocrx_word' id='word_1_350' title='bbox 1157 4612 1378 4667; x_wconf 90' lang='lat' dir='ltr'>autem</span> <span class='ocrx_word' id='word_1_351' title='bbox 1432 4607 1645 4664; x_wconf 89' lang='lat' dir='ltr'>totum</span> <span class='ocrx_word' id='word_1_352' title='bbox 1699 4596 2034 4661; x_wconf 90' lang='lat' dir='ltr'>hominem</span> <span class='ocrx_word' id='word_1_353' title='bbox 2086 4595 2182 4660; x_wconf 90' lang='lat' dir='ltr'>sic</span> <span class='ocrx_word' id='word_1_354' title='bbox 2221 4594 2525 4661; x_wconf 82' lang='lat' dir='ltr'>vitiatum</span> 
     </span>
     <span class='ocr_line' id='line_1_49' title="bbox 571 4680 2528 4769; baseline -0.009 -7"><span class='ocrx_word' id='word_1_355' title='bbox 571 4717 713 4762; x_wconf 82' lang='lat' dir='ltr'>esse</span> <span class='ocrx_word' id='word_1_356' title='bbox 769 4693 1073 4769; x_wconf 90' lang='lat' dir='ltr'>dicimus,</span> <span class='ocrx_word' id='word_1_357' title='bbox 1130 4696 1204 4753; x_wconf 92' lang='lat' dir='ltr'>ut</span> <span class='ocrx_word' id='word_1_358' title='bbox 1259 4685 1443 4752; x_wconf 90' lang='lat' dir='ltr'>nulla</span> <span class='ocrx_word' id='word_1_359' title='bbox 1497 4686 1600 4751; x_wconf 91' lang='lat' dir='ltr'>sui</span> <span class='ocrx_word' id='word_1_360' title='bbox 1653 4689 1841 4769; x_wconf 85' lang='lat' dir='ltr'>parte</span> <span class='ocrx_word' id='word_1_361' title='bbox 1891 4680 2225 4764; x_wconf 84' lang='lat' dir='ltr'>adspirare</span> <span class='ocrx_word' id='word_1_362' title='bbox 2283 4703 2400 4765; x_wconf 86' lang='lat' dir='ltr'>per</span> <span class='ocrx_word' id='word_1_363' title='bbox 2455 4703 2528 4747; x_wconf 91' lang='lat' dir='ltr'>se</span> 
     </span>
     <span class='ocr_line' id='line_1_50' title="bbox 573 4766 2528 4861; baseline -0.007 -15"><span class='ocrx_word' id='word_1_364' title='bbox 573 4780 658 4846; x_wconf 91' lang='lat' dir='ltr'>ad</span> <span class='ocrx_word' id='word_1_365' title='bbox 702 4781 920 4845; x_wconf 89' lang='lat' dir='ltr'>Deum</span> <span class='ocrx_word' id='word_1_366' title='bbox 972 4775 1203 4861; x_wconf 91' lang='lat' dir='ltr'>possit,</span> <span class='ocrx_word' id='word_1_367' title='bbox 1259 4795 1394 4840; x_wconf 89' lang='lat' dir='ltr'>non</span> <span class='ocrx_word' id='word_1_368' title='bbox 1438 4770 1616 4836; x_wconf 89' lang='lat' dir='ltr'>aliud</span> <span class='ocrx_word' id='word_1_369' title='bbox 1663 4768 2045 4847; x_wconf 85' lang='lat' dir='ltr'>asserimus,</span> <span class='ocrx_word' id='word_1_370' title='bbox 2106 4787 2305 4851; x_wconf 90' lang='lat' dir='ltr'>quam</span> <span class='ocrx_word' id='word_1_371' title='bbox 2348 4766 2528 4851; x_wconf 92' lang='lat' dir='ltr'>quod</span> 
     </span>
     <span class='ocr_line' id='line_1_51' title="bbox 574 4852 2528 4944; baseline -0.007 -12"><span class='ocrx_word' id='word_1_372' title='bbox 574 4871 857 4932; x_wconf 87' lang='lat' dir='ltr'>testatur</span> <span class='ocrx_word' id='word_1_373' title='bbox 901 4864 1116 4929; x_wconf 90' lang='lat' dir='ltr'>Deus:</span> <span class='ocrx_word' id='word_1_374' title='bbox 1172 4881 1300 4944; x_wconf 91' lang='lat' dir='ltr'>quo</span> <span class='ocrx_word' id='word_1_375' title='bbox 1353 4877 1547 4923; x_wconf 90' lang='lat' dir='ltr'>nemo</span> <span class='ocrx_word' id='word_1_376' title='bbox 1604 4855 1837 4920; x_wconf 91' lang='lat' dir='ltr'>melior</span> <span class='ocrx_word' id='word_1_377' title='bbox 1879 4852 1962 4919; x_wconf 89' lang='lat' dir='ltr'>de</span> <span class='ocrx_word' id='word_1_378' title='bbox 2014 4854 2283 4920; x_wconf 92' lang='lat' dir='ltr'>homine</span> <span class='ocrx_word' id='word_1_379' title='bbox 2323 4854 2528 4919; x_wconf 88' lang='lat' dir='ltr'>iudex</span> 
     </span>
     <span class='ocr_line' id='line_1_52' title="bbox 574 4938 2527 5031; baseline -0.006 -14"><span class='ocrx_word' id='word_1_380' title='bbox 574 4950 863 5020; x_wconf 86' lang='lat' dir='ltr'>inveniri</span> <span class='ocrx_word' id='word_1_381' title='bbox 904 4955 1117 5031; x_wconf 84' lang='lat' dir='ltr'>queat,</span> <span class='ocrx_word' id='word_1_382' title='bbox 1158 4966 1364 5030; x_wconf 92' lang='lat' dir='ltr'>quum</span> <span class='ocrx_word' id='word_1_383' title='bbox 1406 4942 1631 5008; x_wconf 91' lang='lat' dir='ltr'>nullus</span> <span class='ocrx_word' id='word_1_384' title='bbox 1665 4940 1916 5018; x_wconf 89' lang='lat' dir='ltr'>melius,</span> <span class='ocrx_word' id='word_1_385' title='bbox 1960 4938 2118 5025; x_wconf 75' lang='lat' dir='ltr'>quid</span> <span class='ocrx_word' id='word_1_386' title='bbox 2161 4940 2249 5006; x_wconf 89' lang='lat' dir='ltr'>sit</span> <span class='ocrx_word' id='word_1_387' title='bbox 2291 4939 2360 5004; x_wconf 89' lang='lat' dir='ltr'>in</span> <span class='ocrx_word' id='word_1_388' title='bbox 2407 4940 2527 5006; x_wconf 88' lang='lat' dir='ltr'>ho·</span> 
     </span>
     <span class='ocr_line' id='line_1_53' title="bbox 573 5027 2529 5116; baseline -0.007 -12"><span class='ocrx_word' id='word_1_389' title='bbox 573 5039 756 5104; x_wconf 91' lang='lat' dir='ltr'>mine</span> <span class='ocrx_word' id='word_1_390' title='bbox 770 5088 784 5112; x_wconf 91' lang='lat'>,</span> <span class='ocrx_word' id='word_1_391' title='bbox 843 5034 1124 5100; x_wconf 84' lang='lat' dir='ltr'>noverit.</span> <span class='ocrx_word' id='word_1_392' title='bbox 1223 5029 1566 5116; x_wconf 81' lang='lat' dir='ltr'>Siquidem</span> <span class='ocrx_word' id='word_1_393' title='bbox 1627 5034 1843 5093; x_wconf 91' lang='lat' dir='ltr'>totum</span> <span class='ocrx_word' id='word_1_394' title='bbox 1906 5027 2241 5093; x_wconf 88' lang='lat' dir='ltr'>hominem</span> <span class='ocrx_word' id='word_1_395' title='bbox 2309 5027 2529 5091; x_wconf 87' lang='lat' dir='ltr'>carnis</span> 
     </span>
     <span class='ocr_line' id='line_1_54' title="bbox 576 5112 2532 5203; baseline -0.006 -14"><span class='ocrx_word' id='word_1_396' title='bbox 576 5123 842 5189; x_wconf 89' lang='lat' dir='ltr'>nomine</span> <span class='ocrx_word' id='word_1_397' title='bbox 899 5117 1259 5203; x_wconf 87' lang='lat' dir='ltr'>designari,</span> <span class='ocrx_word' id='word_1_398' title='bbox 1317 5136 1454 5182; x_wconf 92' lang='lat' dir='ltr'>non</span> <span class='ocrx_word' id='word_1_399' title='bbox 1497 5121 1597 5182; x_wconf 89' lang='lat' dir='ltr'>est</span> <span class='ocrx_word' id='word_1_400' title='bbox 1639 5113 1904 5179; x_wconf 87' lang='lat' dir='ltr'>difficile</span> <span class='ocrx_word' id='word_1_401' title='bbox 1957 5112 2236 5198; x_wconf 89' lang='lat' dir='ltr'>probare</span> <span class='ocrx_word' id='word_1_402' title='bbox 2250 5163 2267 5191; x_wconf 93' lang='lat'>,</span> <span class='ocrx_word' id='word_1_403' title='bbox 2326 5133 2532 5194; x_wconf 86' lang='lat' dir='ltr'>quan-</span> 
     </span>
     <span class='ocr_line' id='line_1_55' title="bbox 579 5198 2527 5291; baseline -0.008 -14"><span class='ocrx_word' id='word_1_404' title='bbox 579 5208 885 5276; x_wconf 88' lang='lat' dir='ltr'>tumlibet</span> <span class='ocrx_word' id='word_1_405' title='bbox 928 5209 1306 5291; x_wconf 85' lang='lat' dir='ltr'>repugnent</span> <span class='ocrx_word' id='word_1_406' title='bbox 1350 5201 1759 5270; x_wconf 86' lang='lat' dir='ltr'>contentiosi.</span> <span class='ocrx_word' id='word_1_407' title='bbox 1833 5199 2008 5266; x_wconf 90' lang='lat' dir='ltr'>Nam</span> <span class='ocrx_word' id='word_1_408' title='bbox 2051 5198 2323 5284; x_wconf 90' lang='lat' dir='ltr'>quoties,</span> <span class='ocrx_word' id='word_1_409' title='bbox 2369 5217 2527 5265; x_wconf 92' lang='lat' dir='ltr'>eon-</span> 
     </span>
     <span class='ocr_line' id='line_1_56' title="bbox 575 5284 2530 5377; baseline -0.006 -15"><span class='ocrx_word' id='word_1_410' title='bbox 575 5296 782 5362; x_wconf 87' lang='lat' dir='ltr'>traria</span> <span class='ocrx_word' id='word_1_411' title='bbox 824 5292 1258 5377; x_wconf 85' lang='lat' dir='ltr'>oppositione,</span> <span class='ocrx_word' id='word_1_412' title='bbox 1303 5310 1455 5356; x_wconf 90' lang='lat' dir='ltr'>eum</span> <span class='ocrx_word' id='word_1_413' title='bbox 1498 5289 1734 5373; x_wconf 89' lang='lat' dir='ltr'>spiritu</span> <span class='ocrx_word' id='word_1_414' title='bbox 1775 5291 2212 5371; x_wconf 87' lang='lat' dir='ltr'>comparatur,</span> <span class='ocrx_word' id='word_1_415' title='bbox 2257 5284 2530 5369; x_wconf 85' lang='lat' dir='ltr'>spiritus</span> 
     </span>
     <span class='ocr_line' id='line_1_57' title="bbox 576 5371 2529 5462; baseline -0.005 -15"><span class='ocrx_word' id='word_1_416' title='bbox 576 5402 821 5448; x_wconf 86' lang='lat' dir='ltr'>nomen</span> <span class='ocrx_word' id='word_1_417' title='bbox 853 5378 1079 5462; x_wconf 90' lang='lat' dir='ltr'>procul</span> <span class='ocrx_word' id='word_1_418' title='bbox 1124 5377 1319 5443; x_wconf 91' lang='lat' dir='ltr'>dubio</span> <span class='ocrx_word' id='word_1_419' title='bbox 1372 5397 1490 5461; x_wconf 91' lang='lat' dir='ltr'>pro</span> <span class='ocrx_word' id='word_1_420' title='bbox 1533 5371 2051 5461; x_wconf 81' lang='lat' dir='ltr'>regenerationis</span> <span class='ocrx_word' id='word_1_421' title='bbox 2094 5371 2310 5456; x_wconf 88' lang='lat' dir='ltr'>gratia</span> <span class='ocrx_word' id='word_1_422' title='bbox 2351 5372 2529 5455; x_wconf 89' lang='lat' dir='ltr'>capi-</span> 
     </span>
    </p>
   </div>
   <div class='ocr_carea' id='block_1_3' title="bbox 1856 448 3269 522">
    <p class='ocr_par' dir='ltr' id='par_1_4' title="bbox 1856 448 3269 522">
     <span class='ocr_line' id='line_1_58' title="bbox 1856 448 3269 522; baseline -0.004 0"><span class='ocrx_word' id='word_1_423' title='bbox 1856 450 2386 522; x_wconf 77' lang='lat' dir='ltr'>RESPONSIO</span> <span class='ocrx_word' id='word_1_424' title='bbox 2430 450 2809 519; x_wconf 69' lang='lat' dir='ltr'><strong>CONTRA</strong></span> <span class='ocrx_word' id='word_1_425' title='bbox 2850 448 3269 518; x_wconf 76' lang='lat' dir='ltr'>PIGHIUM</span> 
     </span>
    </p>
   </div>
   <div class='ocr_carea' id='block_1_4' title="bbox 4438 447 4566 510">
    <p class='ocr_par' dir='ltr' id='par_1_5' title="bbox 4438 447 4566 510">
     <span class='ocr_line' id='line_1_59' title="bbox 4438 447 4566 510; baseline -0.023 0"><span class='ocrx_word' id='word_1_426' title='bbox 4438 447 4566 510; x_wconf 81' lang='lat'>352</span> 
     </span>
    </p>
   </div>
   <div class='ocr_carea' id='block_1_5' title="bbox 2611 635 4591 4943">
    <p class='ocr_par' dir='ltr' id='par_1_6' title="bbox 2611 635 4582 2682">
     <span class='ocr_line' id='line_1_60' title="bbox 2611 635 4569 722; baseline -0.001 -18"><span class='ocrx_word' id='word_1_427' title='bbox 2611 648 2738 704; x_wconf 87' lang='lat' dir='ltr'>tur.</span> <span class='ocrx_word' id='word_1_428' title='bbox 2827 639 3067 704; x_wconf 86' lang='lat' dir='ltr'>Restat</span> <span class='ocrx_word' id='word_1_429' title='bbox 3107 640 3344 722; x_wconf 88' lang='lat' dir='ltr'>igitur,</span> <span class='ocrx_word' id='word_1_430' title='bbox 3389 646 3467 703; x_wconf 90' lang='lat' dir='ltr'>ut</span> <span class='ocrx_word' id='word_1_431' title='bbox 3507 659 3657 705; x_wconf 91' lang='lat' dir='ltr'>caro</span> <span class='ocrx_word' id='word_1_432' title='bbox 3702 639 3817 718; x_wconf 88' lang='lat' dir='ltr'>sit,</span> <span class='ocrx_word' id='word_1_433' title='bbox 3875 636 4077 720; x_wconf 93' lang='lat' dir='ltr'>quod,</span> <span class='ocrx_word' id='word_1_434' title='bbox 4125 635 4421 702; x_wconf 90' lang='lat' dir='ltr'>nondum</span> <span class='ocrx_word' id='word_1_435' title='bbox 4462 656 4569 702; x_wconf 86' lang='lat' dir='ltr'>re-</span> 
     </span>
     <span class='ocr_line' id='line_1_61' title="bbox 2612 724 4569 810; baseline -0.003 -19"><span class='ocrx_word' id='word_1_436' title='bbox 2612 725 2905 810; x_wconf 89' lang='lat' dir='ltr'>generati</span> <span class='ocrx_word' id='word_1_437' title='bbox 2920 776 2938 804; x_wconf 91' lang='lat'>,</span> <span class='ocrx_word' id='word_1_438' title='bbox 2993 724 3311 790; x_wconf 90' lang='lat' dir='ltr'>habemus</span> <span class='ocrx_word' id='word_1_439' title='bbox 3363 746 3404 788; x_wconf 94' lang='lat' dir='ltr'>a</span> <span class='ocrx_word' id='word_1_440' title='bbox 3459 732 3717 791; x_wconf 87' lang='lat' dir='ltr'>natura.</span> <span class='ocrx_word' id='word_1_441' title='bbox 3816 724 3955 790; x_wconf 88' lang='lat' dir='ltr'>Nec</span> <span class='ocrx_word' id='word_1_442' title='bbox 3999 724 4126 789; x_wconf 89' lang='lat' dir='ltr'>alio</span> <span class='ocrx_word' id='word_1_443' title='bbox 4174 730 4569 808; x_wconf 87' lang='lat' dir='ltr'>argumento</span> 
     </span>
     <span class='ocr_line' id='line_1_62' title="bbox 2613 808 4571 894; baseline -0.001 -18"><span class='ocrx_word' id='word_1_444' title='bbox 2613 810 2847 894; x_wconf 89' lang='lat' dir='ltr'>probat</span> <span class='ocrx_word' id='word_1_445' title='bbox 2868 809 3194 890; x_wconf 86' lang='lat' dir='ltr'>Christus,</span> <span class='ocrx_word' id='word_1_446' title='bbox 3230 818 3533 894; x_wconf 89' lang='lat' dir='ltr'>oportere</span> <span class='ocrx_word' id='word_1_447' title='bbox 3572 830 3695 876; x_wconf 89' lang='lat' dir='ltr'>nos</span> <span class='ocrx_word' id='word_1_448' title='bbox 3733 812 4006 889; x_wconf 91' lang='lat' dir='ltr'>renasci,</span> <span class='ocrx_word' id='word_1_449' title='bbox 4045 809 4170 874; x_wconf 91' lang='lat' dir='ltr'>nisi</span> <span class='ocrx_word' id='word_1_450' title='bbox 4207 810 4363 892; x_wconf 89' lang='lat' dir='ltr'>quia</span> <span class='ocrx_word' id='word_1_451' title='bbox 4394 808 4571 893; x_wconf 92' lang='lat' dir='ltr'>quod</span> 
     </span>
     <span class='ocr_line' id='line_1_63' title="bbox 2613 894 4573 980; baseline 0.001 -19"><span class='ocrx_word' id='word_1_452' title='bbox 2613 903 2847 963; x_wconf 90' lang='lat' dir='ltr'>natum</span> <span class='ocrx_word' id='word_1_453' title='bbox 2890 902 2991 961; x_wconf 87' lang='lat' dir='ltr'>est</span> <span class='ocrx_word' id='word_1_454' title='bbox 3033 918 3116 961; x_wconf 84' lang='lat' dir='ltr'>ex</span> <span class='ocrx_word' id='word_1_455' title='bbox 3160 917 3374 975; x_wconf 85' lang='lat' dir='ltr'>carne,</span> <span class='ocrx_word' id='word_1_456' title='bbox 3413 917 3564 962; x_wconf 90' lang='lat' dir='ltr'>caro</span> <span class='ocrx_word' id='word_1_457' title='bbox 3605 903 3706 963; x_wconf 92' lang='lat' dir='ltr'>est</span> <span class='ocrx_word' id='word_1_458' title='bbox 3749 896 4010 976; x_wconf 91' lang='lat' dir='ltr'>(Ioann.</span> <span class='ocrx_word' id='word_1_459' title='bbox 4053 900 4109 975; x_wconf 87' lang='lat'>3,</span> <span class='ocrx_word' id='word_1_460' title='bbox 4150 896 4239 980; x_wconf 71' lang='lat'>5).</span> <span class='ocrx_word' id='word_1_461' title='bbox 4304 894 4382 962; x_wconf 84' lang='lat' dir='ltr'>Si</span> <span class='ocrx_word' id='word_1_462' title='bbox 4418 916 4573 979; x_wconf 86' lang='lat' dir='ltr'>pars</span> 
     </span>
     <span class='ocr_line' id='line_1_64' title="bbox 2615 982 4574 1067; baseline 0.001 -21"><span class='ocrx_word' id='word_1_463' title='bbox 2615 982 2877 1048; x_wconf 86' lang='lat' dir='ltr'>tantum</span> <span class='ocrx_word' id='word_1_464' title='bbox 2934 982 3219 1048; x_wconf 90' lang='lat' dir='ltr'>hominis</span> <span class='ocrx_word' id='word_1_465' title='bbox 3274 983 3445 1047; x_wconf 87' lang='lat' dir='ltr'>foret</span> <span class='ocrx_word' id='word_1_466' title='bbox 3498 1004 3676 1060; x_wconf 91' lang='lat' dir='ltr'>caro,</span> <span class='ocrx_word' id='word_1_467' title='bbox 3740 1003 3959 1048; x_wconf 91' lang='lat' dir='ltr'>nonne</span> <span class='ocrx_word' id='word_1_468' title='bbox 4014 983 4182 1048; x_wconf 87' lang='lat' dir='ltr'>ratio</span> <span class='ocrx_word' id='word_1_469' title='bbox 4237 982 4400 1049; x_wconf 86' lang='lat' dir='ltr'>haec</span> <span class='ocrx_word' id='word_1_470' title='bbox 4453 1004 4574 1067; x_wconf 88' lang='lat' dir='ltr'>per</span> 
     </span>
     <span class='ocr_line' id='line_1_65' title="bbox 2616 1068 4570 1153; baseline -0.001 -18"><span class='ocrx_word' id='word_1_471' title='bbox 2616 1089 2686 1135; x_wconf 91' lang='lat' dir='ltr'>se</span> <span class='ocrx_word' id='word_1_472' title='bbox 2730 1068 3188 1152; x_wconf 82' lang='lat' dir='ltr'>frangeretur?</span> <span class='ocrx_word' id='word_1_473' title='bbox 3279 1069 3364 1133; x_wconf 91' lang='lat' dir='ltr'>In</span> <span class='ocrx_word' id='word_1_474' title='bbox 3405 1077 3715 1153; x_wconf 88' lang='lat' dir='ltr'>promptu</span> <span class='ocrx_word' id='word_1_475' title='bbox 3762 1069 3940 1135; x_wconf 90' lang='lat' dir='ltr'>enim</span> <span class='ocrx_word' id='word_1_476' title='bbox 3984 1075 4159 1152; x_wconf 79' lang='lat' dir='ltr'>esset</span> <span class='ocrx_word' id='word_1_477' title='bbox 4201 1070 4570 1152; x_wconf 88' lang='lat' dir='ltr'>responsio:</span> 
     </span>
     <span class='ocr_line' id='line_1_66' title="bbox 2615 1154 4577 1238; baseline 0.001 -19"><span class='ocrx_word' id='word_1_478' title='bbox 2615 1162 2873 1238; x_wconf 86' lang='lat' dir='ltr'>partem</span> <span class='ocrx_word' id='word_1_479' title='bbox 2949 1154 3240 1221; x_wconf 89' lang='lat' dir='ltr'>hominis</span> <span class='ocrx_word' id='word_1_480' title='bbox 3318 1155 3854 1221; x_wconf 89' lang='lat' dir='ltr'>excellentiorem</span> <span class='ocrx_word' id='word_1_481' title='bbox 3973 1155 4154 1222; x_wconf 87' lang='lat' dir='ltr'>rocul</span> <span class='ocrx_word' id='word_1_482' title='bbox 4223 1154 4467 1221; x_wconf 89' lang='lat' dir='ltr'>distare</span> <span class='ocrx_word' id='word_1_483' title='bbox 4534 1178 4577 1220; x_wconf 92' lang='lat' dir='ltr'>a</span> 
     </span>
     <span class='ocr_line' id='line_1_67' title="bbox 2613 1176 4577 1325; baseline 0.001 -18"><span class='ocrx_word' id='word_1_484' title='bbox 2613 1262 2828 1308; x_wconf 89' lang='lat' dir='ltr'>carne.</span> <span class='ocrx_word' id='word_1_485' title='bbox 2920 1238 3068 1321; x_wconf 80' lang='lat' dir='ltr'>Quo</span> <span class='ocrx_word' id='word_1_486' title='bbox 3113 1247 3333 1306; x_wconf 91' lang='lat' dir='ltr'>autem</span> <span class='ocrx_word' id='word_1_487' title='bbox 3377 1241 3588 1325; x_wconf 92' lang='lat' dir='ltr'>elogio</span> <span class='ocrx_word' id='word_1_488' title='bbox 3630 1263 3898 1307; x_wconf 89' lang='lat' dir='ltr'>carnem</span> <span class='ocrx_word' id='word_1_489' title='bbox 3929 1176 4115 1308; x_wconf 41' lang='lat' dir='ltr'>{iane</span> <span class='ocrx_word' id='word_1_490' title='bbox 4158 1240 4577 1308; x_wconf 84' lang='lat' dir='ltr'>commendat</span> 
     </span>
     <span class='ocr_line' id='line_1_68' title="bbox 2616 1323 4577 1411; baseline 0 -19"><span class='ocrx_word' id='word_1_491' title='bbox 2616 1326 2912 1392; x_wconf 85' lang='lat' dir='ltr'>Paulus?</span> <span class='ocrx_word' id='word_1_492' title='bbox 3002 1323 3173 1406; x_wconf 79' lang='lat' dir='ltr'>Scio,</span> <span class='ocrx_word' id='word_1_493' title='bbox 3221 1326 3466 1410; x_wconf 91' lang='lat' dir='ltr'>inquit,</span> <span class='ocrx_word' id='word_1_494' title='bbox 3514 1327 3689 1411; x_wconf 91' lang='lat' dir='ltr'>quod</span> <span class='ocrx_word' id='word_1_495' title='bbox 3735 1349 3868 1392; x_wconf 90' lang='lat' dir='ltr'>non</span> <span class='ocrx_word' id='word_1_496' title='bbox 3912 1327 4168 1394; x_wconf 88' lang='lat' dir='ltr'>habitet</span> <span class='ocrx_word' id='word_1_497' title='bbox 4210 1328 4284 1392; x_wconf 91' lang='lat' dir='ltr'>in</span> <span class='ocrx_word' id='word_1_498' title='bbox 4321 1348 4458 1405; x_wconf 89' lang='lat' dir='ltr'>me,</span> <span class='ocrx_word' id='word_1_499' title='bbox 4503 1327 4577 1392; x_wconf 88' lang='lat' dir='ltr'>id</span> 
     </span>
     <span class='ocr_line' id='line_1_69' title="bbox 2617 1413 4573 1497; baseline 0 -19"><span class='ocrx_word' id='word_1_500' title='bbox 2617 1424 2734 1489; x_wconf 90' lang='lat' dir='ltr'>est,</span> <span class='ocrx_word' id='word_1_501' title='bbox 2780 1413 2852 1476; x_wconf 88' lang='lat' dir='ltr'>in</span> <span class='ocrx_word' id='word_1_502' title='bbox 2896 1434 3094 1477; x_wconf 88' lang='lat' dir='ltr'>carne</span> <span class='ocrx_word' id='word_1_503' title='bbox 3137 1433 3313 1492; x_wconf 88' lang='lat' dir='ltr'>mea,</span> <span class='ocrx_word' id='word_1_504' title='bbox 3360 1414 3604 1478; x_wconf 90' lang='lat' dir='ltr'>bonum</span> <span class='ocrx_word' id='word_1_505' title='bbox 3649 1414 3872 1497; x_wconf 86' lang='lat' dir='ltr'>(Rom.</span> <span class='ocrx_word' id='word_1_506' title='bbox 3915 1418 3972 1493; x_wconf 90' lang='lat'>7,</span> <span class='ocrx_word' id='word_1_507' title='bbox 4021 1413 4143 1496; x_wconf 87' lang='grc'>18).</span> <span class='ocrx_word' id='word_1_508' title='bbox 4233 1418 4382 1494; x_wconf 76' lang='lat' dir='ltr'>[pag.</span> <span class='ocrx_word' id='word_1_509' title='bbox 4425 1419 4573 1493; x_wconf 84' lang='grc'>166]</span> 
     </span>
     <span class='ocr_line' id='line_1_70' title="bbox 2616 1496 4578 1584; baseline 0.001 -22"><span class='ocrx_word' id='word_1_510' title='bbox 2616 1499 2815 1564; x_wconf 88' lang='lat' dir='ltr'>Item:</span> <span class='ocrx_word' id='word_1_511' title='bbox 2877 1496 3128 1563; x_wconf 80' lang='lat' dir='ltr'>Sensus</span> <span class='ocrx_word' id='word_1_512' title='bbox 3145 1550 3160 1575; x_wconf 98' lang='lat'>,</span> <span class='ocrx_word' id='word_1_513' title='bbox 3215 1507 3333 1564; x_wconf 92' lang='lat' dir='ltr'>aut</span> <span class='ocrx_word' id='word_1_514' title='bbox 3383 1499 3689 1584; x_wconf 85' lang='lat' dir='ltr'>cogitatio</span> <span class='ocrx_word' id='word_1_515' title='bbox 3746 1500 3965 1565; x_wconf 88' lang='lat' dir='ltr'>carnis</span> <span class='ocrx_word' id='word_1_516' title='bbox 3981 1550 3997 1578; x_wconf 93' lang='lat'>,</span> <span class='ocrx_word' id='word_1_517' title='bbox 4064 1499 4412 1566; x_wconf 86' lang='lat' dir='ltr'>inimicitia</span> <span class='ocrx_word' id='word_1_518' title='bbox 4472 1512 4578 1566; x_wconf 88' lang='lat' dir='ltr'>est</span> 
     </span>
     <span class='ocr_line' id='line_1_71' title="bbox 2617 1583 4577 1667; baseline 0.001 -18"><span class='ocrx_word' id='word_1_519' title='bbox 2617 1584 2936 1649; x_wconf 84' lang='lat' dir='ltr'>adversus</span> <span class='ocrx_word' id='word_1_520' title='bbox 2960 1585 3181 1649; x_wconf 91' lang='lat' dir='ltr'>Deum</span> <span class='ocrx_word' id='word_1_521' title='bbox 3214 1585 3436 1667; x_wconf 87' lang='lat' dir='ltr'>(Rom.</span> <span class='ocrx_word' id='word_1_522' title='bbox 3469 1590 3528 1664; x_wconf 90' lang='lat'>8,</span> <span class='ocrx_word' id='word_1_523' title='bbox 3557 1586 3643 1664; x_wconf 83' lang='lat'>7).</span> <span class='ocrx_word' id='word_1_524' title='bbox 3716 1583 3847 1667; x_wconf 80' lang='lat' dir='ltr'>Qui</span> <span class='ocrx_word' id='word_1_525' title='bbox 3886 1607 4152 1652; x_wconf 87' lang='lat' dir='ltr'>carnem</span> <span class='ocrx_word' id='word_1_526' title='bbox 4187 1585 4369 1651; x_wconf 89' lang='lat' dir='ltr'>omni</span> <span class='ocrx_word' id='word_1_527' title='bbox 4405 1586 4577 1650; x_wconf 92' lang='lat' dir='ltr'>bono</span> 
     </span>
     <span class='ocr_line' id='line_1_72' title="bbox 2620 1671 4580 1755; baseline 0.001 -21"><span class='ocrx_word' id='word_1_528' title='bbox 2620 1689 2897 1735; x_wconf 86' lang='lat' dir='ltr'>vacuam</span> <span class='ocrx_word' id='word_1_529' title='bbox 2933 1692 3075 1736; x_wconf 88' lang='lat' dir='ltr'>esse</span> <span class='ocrx_word' id='word_1_530' title='bbox 3111 1678 3414 1748; x_wconf 88' lang='lat' dir='ltr'>testatur,</span> <span class='ocrx_word' id='word_1_531' title='bbox 3452 1676 3521 1737; x_wconf 89' lang='lat' dir='ltr'>et</span> <span class='ocrx_word' id='word_1_532' title='bbox 3561 1691 3825 1737; x_wconf 85' lang='lat' dir='ltr'>causam</span> <span class='ocrx_word' id='word_1_533' title='bbox 3854 1672 4054 1737; x_wconf 87' lang='lat' dir='ltr'>simul</span> <span class='ocrx_word' id='word_1_534' title='bbox 4088 1671 4361 1750; x_wconf 86' lang='lat' dir='ltr'>indicat,</span> <span class='ocrx_word' id='word_1_535' title='bbox 4405 1671 4580 1755; x_wconf 89' lang='lat' dir='ltr'>quod</span> 
     </span>
     <span class='ocr_line' id='line_1_73' title="bbox 2619 1755 4581 1837; baseline 0.001 -17"><span class='ocrx_word' id='word_1_536' title='bbox 2619 1764 2760 1820; x_wconf 87' lang='lat' dir='ltr'>tota</span> <span class='ocrx_word' id='word_1_537' title='bbox 2804 1755 3067 1822; x_wconf 90' lang='lat' dir='ltr'>rebellis</span> <span class='ocrx_word' id='word_1_538' title='bbox 3113 1756 3202 1821; x_wconf 91' lang='lat' dir='ltr'>sit</span> <span class='ocrx_word' id='word_1_539' title='bbox 3245 1755 3376 1821; x_wconf 90' lang='lat' dir='ltr'>Dei</span> <span class='ocrx_word' id='word_1_540' title='bbox 3433 1758 3749 1837; x_wconf 87' lang='lat' dir='ltr'>iustitiae,</span> <span class='ocrx_word' id='word_1_541' title='bbox 3807 1766 3873 1823; x_wconf 88' lang='lat' dir='ltr'>et</span> <span class='ocrx_word' id='word_1_542' title='bbox 3915 1757 4084 1823; x_wconf 90' lang='lat' dir='ltr'>nihil</span> <span class='ocrx_word' id='word_1_543' title='bbox 4130 1778 4206 1823; x_wconf 94' lang='lat' dir='ltr'>co</span> <span class='ocrx_word' id='word_1_544' title='bbox 4257 1759 4418 1823; x_wconf 86' lang='lat' dir='ltr'>&#39;tare</span> <span class='ocrx_word' id='word_1_545' title='bbox 4463 1766 4581 1823; x_wconf 90' lang='lat' dir='ltr'>aut</span> 
     </span>
     <span class='ocr_line' id='line_1_74' title="bbox 2619 1841 4578 1928; baseline 0.002 -22"><span class='ocrx_word' id='word_1_546' title='bbox 2619 1841 2923 1907; x_wconf 88' lang='lat' dir='ltr'>meditari</span> <span class='ocrx_word' id='word_1_547' title='bbox 2979 1852 3201 1926; x_wconf 86' lang='lat' dir='ltr'>queat,</span> <span class='ocrx_word' id='word_1_548' title='bbox 3262 1843 3393 1909; x_wconf 88' lang='lat' dir='ltr'>nisi</span> <span class='ocrx_word' id='word_1_549' title='bbox 3445 1844 3592 1908; x_wconf 90' lang='lat' dir='ltr'>Deo</span> <span class='ocrx_word' id='word_1_550' title='bbox 3648 1844 4081 1909; x_wconf 88' lang='lat' dir='ltr'>eontrarium:</span> <span class='ocrx_word' id='word_1_551' title='bbox 4138 1845 4207 1908; x_wconf 91' lang='lat' dir='ltr'>ni</span> <span class='ocrx_word' id='word_1_552' title='bbox 4257 1844 4348 1907; x_wconf 91' lang='lat' dir='ltr'>ilo</span> <span class='ocrx_word' id='word_1_553' title='bbox 4405 1843 4578 1928; x_wconf 89' lang='lat' dir='ltr'>plus,</span> 
     </span>
     <span class='ocr_line' id='line_1_75' title="bbox 2621 1928 4580 2013; baseline 0.001 -20"><span class='ocrx_word' id='word_1_554' title='bbox 2621 1934 2738 1993; x_wconf 90' lang='lat' dir='ltr'>aut</span> <span class='ocrx_word' id='word_1_555' title='bbox 2777 1928 3016 2006; x_wconf 88' lang='lat' dir='ltr'>minus,</span> <span class='ocrx_word' id='word_1_556' title='bbox 3058 1950 3259 2013; x_wconf 90' lang='lat' dir='ltr'>quam</span> <span class='ocrx_word' id='word_1_557' title='bbox 3303 1949 3423 1995; x_wconf 91' lang='lat' dir='ltr'>nos</span> <span class='ocrx_word' id='word_1_558' title='bbox 3466 1928 3641 1994; x_wconf 91' lang='lat' dir='ltr'>dicit.</span> <span class='ocrx_word' id='word_1_559' title='bbox 3720 1930 3812 1995; x_wconf 82' lang='lat' dir='ltr'>Et</span> <span class='ocrx_word' id='word_1_560' title='bbox 3853 1952 3937 1996; x_wconf 91' lang='lat' dir='ltr'>ne</span> <span class='ocrx_word' id='word_1_561' title='bbox 3980 1931 4130 2013; x_wconf 92' lang='lat' dir='ltr'>quis</span> <span class='ocrx_word' id='word_1_562' title='bbox 4173 1933 4243 1995; x_wconf 91' lang='lat' dir='ltr'>in</span> <span class='ocrx_word' id='word_1_563' title='bbox 4286 1931 4427 2013; x_wconf 90' lang='lat' dir='ltr'>ipso</span> <span class='ocrx_word' id='word_1_564' title='bbox 4462 1929 4580 1995; x_wconf 89' lang='lat' dir='ltr'>ad-</span> 
     </span>
     <span class='ocr_line' id='line_1_76' title="bbox 2620 2014 4579 2101; baseline 0.002 -23"><span class='ocrx_word' id='word_1_565' title='bbox 2620 2014 2755 2079; x_wconf 89' lang='lat' dir='ltr'>huc</span> <span class='ocrx_word' id='word_1_566' title='bbox 2794 2015 3011 2080; x_wconf 90' lang='lat' dir='ltr'>carnis</span> <span class='ocrx_word' id='word_1_567' title='bbox 3055 2016 3321 2080; x_wconf 91' lang='lat' dir='ltr'>nomine</span> <span class='ocrx_word' id='word_1_568' title='bbox 3368 2015 3866 2099; x_wconf 82' lang='lat' dir='ltr'>ambiguitatem</span> <span class='ocrx_word' id='word_1_569' title='bbox 3910 2024 4150 2101; x_wconf 88' lang='lat' dir='ltr'>captet,</span> <span class='ocrx_word' id='word_1_570' title='bbox 4197 2017 4383 2099; x_wconf 89' lang='lat' dir='ltr'>prius</span> <span class='ocrx_word' id='word_1_571' title='bbox 4427 2016 4579 2081; x_wconf 91' lang='lat' dir='ltr'>nul-</span> 
     </span>
     <span class='ocr_line' id='line_1_77' title="bbox 2623 2100 4578 2186; baseline 0.002 -22"><span class='ocrx_word' id='word_1_572' title='bbox 2623 2100 2756 2165; x_wconf 92' lang='lat' dir='ltr'>lam</span> <span class='ocrx_word' id='word_1_573' title='bbox 2811 2120 3080 2184; x_wconf 90' lang='lat' dir='ltr'>prorsus</span> <span class='ocrx_word' id='word_1_574' title='bbox 3146 2102 3214 2166; x_wconf 92' lang='lat' dir='ltr'>in</span> <span class='ocrx_word' id='word_1_575' title='bbox 3280 2102 3547 2167; x_wconf 89' lang='lat' dir='ltr'>homine</span> <span class='ocrx_word' id='word_1_576' title='bbox 3601 2110 3858 2185; x_wconf 89' lang='lat' dir='ltr'>partem</span> <span class='ocrx_word' id='word_1_577' title='bbox 3924 2102 4312 2186; x_wconf 88' lang='lat' dir='ltr'>reliquerat,</span> <span class='ocrx_word' id='word_1_578' title='bbox 4375 2123 4578 2186; x_wconf 89' lang='lat' dir='ltr'>quam</span> 
     </span>
     <span class='ocr_line' id='line_1_78' title="bbox 2621 2185 4581 2274; baseline 0.002 -24"><span class='ocrx_word' id='word_1_579' title='bbox 2621 2207 2753 2251; x_wconf 89' lang='lat' dir='ltr'>non</span> <span class='ocrx_word' id='word_1_580' title='bbox 2799 2185 3207 2252; x_wconf 89' lang='lat' dir='ltr'>damnationi</span> <span class='ocrx_word' id='word_1_581' title='bbox 3251 2187 3649 2254; x_wconf 89' lang='lat' dir='ltr'>subiecisset.</span> <span class='ocrx_word' id='word_1_582' title='bbox 3740 2189 4040 2274; x_wconf 88' lang='lat' dir='ltr'>Legatur</span> <span class='ocrx_word' id='word_1_583' title='bbox 4084 2189 4417 2254; x_wconf 89' lang='lat' dir='ltr'>humanae</span> <span class='ocrx_word' id='word_1_584' title='bbox 4459 2209 4581 2253; x_wconf 89' lang='lat' dir='ltr'>na·</span> 
     </span>
     <span class='ocr_line' id='line_1_79' title="bbox 2621 2270 4580 2358; baseline 0.002 -23"><span class='ocrx_word' id='word_1_585' title='bbox 2621 2280 2808 2336; x_wconf 89' lang='lat' dir='ltr'>turae</span> <span class='ocrx_word' id='word_1_586' title='bbox 2852 2270 3220 2358; x_wconf 74' lang='lat' dir='ltr'>descriptio,</span> <span class='ocrx_word' id='word_1_587' title='bbox 3264 2295 3431 2357; x_wconf 90' lang='lat' dir='ltr'>quae</span> <span class='ocrx_word' id='word_1_588' title='bbox 3473 2275 3685 2357; x_wconf 82' lang='lat' dir='ltr'>capite</span> <span class='ocrx_word' id='word_1_589' title='bbox 3721 2274 3805 2339; x_wconf 89' lang='lat' dir='ltr'>ad</span> <span class='ocrx_word' id='word_1_590' title='bbox 3846 2275 4184 2341; x_wconf 89' lang='lat' dir='ltr'>Romanos</span> <span class='ocrx_word' id='word_1_591' title='bbox 4220 2275 4414 2340; x_wconf 87' lang='lat' dir='ltr'>tertio</span> <span class='ocrx_word' id='word_1_592' title='bbox 4459 2274 4580 2339; x_wconf 90' lang='lat' dir='ltr'>ha-</span> 
     </span>
     <span class='ocr_line' id='line_1_80' title="bbox 2621 2358 4582 2441; baseline 0.001 -17"><span class='ocrx_word' id='word_1_593' title='bbox 2621 2359 2841 2424; x_wconf 88' lang='lat' dir='ltr'>betur:</span> <span class='ocrx_word' id='word_1_594' title='bbox 2891 2358 3046 2441; x_wconf 89' lang='lat' dir='ltr'>quid</span> <span class='ocrx_word' id='word_1_595' title='bbox 3092 2359 3345 2426; x_wconf 89' lang='lat' dir='ltr'>homini</span> <span class='ocrx_word' id='word_1_596' title='bbox 3388 2378 3428 2424; x_wconf 89' lang='lat' dir='ltr'>a</span> <span class='ocrx_word' id='word_1_597' title='bbox 3471 2359 3889 2427; x_wconf 87' lang='lat' dir='ltr'>damnatione</span> <span class='ocrx_word' id='word_1_598' title='bbox 3940 2361 4238 2426; x_wconf 93' lang='lat' dir='ltr'>immune</span> <span class='ocrx_word' id='word_1_599' title='bbox 4292 2360 4430 2427; x_wconf 91' lang='lat' dir='ltr'>illic</span> <span class='ocrx_word' id='word_1_600' title='bbox 4475 2381 4582 2425; x_wconf 81' lang='lat' dir='ltr'>re·</span> 
     </span>
     <span class='ocr_line' id='line_1_81' title="bbox 2620 2443 4579 2531; baseline 0.002 -24"><span class='ocrx_word' id='word_1_601' title='bbox 2620 2443 2902 2527; x_wconf 85' lang='lat' dir='ltr'>linquit?</span> <span class='ocrx_word' id='word_1_602' title='bbox 2985 2444 3183 2527; x_wconf 81' lang='lat' dir='ltr'>Quod</span> <span class='ocrx_word' id='word_1_603' title='bbox 3236 2467 3392 2531; x_wconf 85' lang='lat' dir='ltr'>crgo</span> <span class='ocrx_word' id='word_1_604' title='bbox 3448 2445 3530 2511; x_wconf 88' lang='lat' dir='ltr'>de</span> <span class='ocrx_word' id='word_1_605' title='bbox 3584 2457 3862 2513; x_wconf 90' lang='lat' dir='ltr'>naturae</span> <span class='ocrx_word' id='word_1_606' title='bbox 3914 2456 4177 2513; x_wconf 88' lang='lat' dir='ltr'>nostrae</span> <span class='ocrx_word' id='word_1_607' title='bbox 4223 2446 4579 2511; x_wconf 82' lang='lat' dir='ltr'>vitiositate</span> 
     </span>
     <span class='ocr_line' id='line_1_82' title="bbox 2621 2531 4582 2681; baseline 0.002 -88"><span class='ocrx_word' id='word_1_608' title='bbox 2621 2531 3081 2681; x_wconf 55' lang='lat' dir='ltr'>ffionunciafi,</span> <span class='ocrx_word' id='word_1_609' title='bbox 3127 2550 3264 2596; x_wconf 91' lang='lat' dir='ltr'>non</span> <span class='ocrx_word' id='word_1_610' title='bbox 3304 2553 3524 2597; x_wconf 90' lang='lat' dir='ltr'>meum</span> <span class='ocrx_word' id='word_1_611' title='bbox 3569 2538 3699 2611; x_wconf 88' lang='lat' dir='ltr'>est,</span> <span class='ocrx_word' id='word_1_612' title='bbox 3746 2532 3862 2598; x_wconf 90' lang='lat' dir='ltr'>sed</span> <span class='ocrx_word' id='word_1_613' title='bbox 3906 2534 4178 2616; x_wconf 87' lang='lat' dir='ltr'>spiritus</span> <span class='ocrx_word' id='word_1_614' title='bbox 4223 2534 4433 2598; x_wconf 86' lang='lat' dir='ltr'>sancti</span> <span class='ocrx_word' id='word_1_615' title='bbox 4477 2533 4582 2597; x_wconf 90' lang='lat' dir='ltr'>iu-</span> 
     </span>
     <span class='ocr_line' id='line_1_83' title="bbox 2689 2637 2883 2682; baseline -0.01 0"><span class='ocrx_word' id='word_1_616' title='bbox 2689 2637 2883 2682; x_wconf 79' lang='lat' dir='ltr'>cium.</span> 
     </span>
    </p>

    <p class='ocr_par' dir='ltr' id='par_1_7' title="bbox 2623 2702 4591 4943">
     <span class='ocr_line' id='line_1_84' title="bbox 2793 2702 4584 2789; baseline 0.002 -22"><span class='ocrx_word' id='word_1_617' title='bbox 2793 2702 2973 2769; x_wconf 90' lang='lat' dir='ltr'>Hinc</span> <span class='ocrx_word' id='word_1_618' title='bbox 3018 2722 3174 2768; x_wconf 77' lang='lat' dir='ltr'>vero</span> <span class='ocrx_word' id='word_1_619' title='bbox 3217 2703 3391 2786; x_wconf 93' lang='lat' dir='ltr'>quod</span> <span class='ocrx_word' id='word_1_620' title='bbox 3436 2702 3672 2770; x_wconf 91' lang='lat' dir='ltr'>deinde</span> <span class='ocrx_word' id='word_1_621' title='bbox 3715 2704 3984 2771; x_wconf 88' lang='lat' dir='ltr'>subiicio</span> <span class='ocrx_word' id='word_1_622' title='bbox 4028 2705 4372 2789; x_wconf 87' lang='lat' dir='ltr'>consequi,</span> <span class='ocrx_word' id='word_1_623' title='bbox 4432 2704 4584 2789; x_wconf 91' lang='lat' dir='ltr'>quis</span> 
     </span>
     <span class='ocr_line' id='line_1_85' title="bbox 2624 2787 4585 2874; baseline 0.001 -21"><span class='ocrx_word' id='word_1_624' title='bbox 2624 2809 2755 2853; x_wconf 94' lang='lat' dir='ltr'>non</span> <span class='ocrx_word' id='word_1_625' title='bbox 2800 2787 3067 2855; x_wconf 83' lang='lat' dir='ltr'>videat?</span> <span class='ocrx_word' id='word_1_626' title='bbox 3156 2788 3222 2853; x_wconf 86' lang='lat' dir='ltr'>N</span> <span class='ocrx_word' id='word_1_627' title='bbox 3223 2809 3311 2853; x_wconf 92' lang='lat' dir='ltr'>on</span> <span class='ocrx_word' id='word_1_628' title='bbox 3362 2810 3505 2855; x_wconf 90' lang='lat' dir='ltr'>esse</span> <span class='ocrx_word' id='word_1_629' title='bbox 3556 2790 3630 2854; x_wconf 92' lang='lat' dir='ltr'>in</span> <span class='ocrx_word' id='word_1_630' title='bbox 3685 2791 3972 2857; x_wconf 90' lang='lat' dir='ltr'>hominis</span> <span class='ocrx_word' id='word_1_631' title='bbox 4018 2797 4344 2874; x_wconf 87' lang='lat' dir='ltr'>potestate</span> <span class='ocrx_word' id='word_1_632' title='bbox 4388 2799 4467 2855; x_wconf 92' lang='lat' dir='ltr'>ut</span> <span class='ocrx_word' id='word_1_633' title='bbox 4512 2811 4585 2856; x_wconf 90' lang='lat' dir='ltr'>se</span> 
     </span>
     <span class='ocr_line' id='line_1_86' title="bbox 2623 2873 4588 2958; baseline 0.002 -20"><span class='ocrx_word' id='word_1_634' title='bbox 2623 2885 2973 2958; x_wconf 88' lang='lat' dir='ltr'>praeparet</span> <span class='ocrx_word' id='word_1_635' title='bbox 3029 2873 3112 2939; x_wconf 87' lang='lat' dir='ltr'>ad</span> <span class='ocrx_word' id='word_1_636' title='bbox 3167 2874 3609 2958; x_wconf 90' lang='lat' dir='ltr'>recipiendam</span> <span class='ocrx_word' id='word_1_637' title='bbox 3662 2877 3791 2944; x_wconf 88' lang='lat' dir='ltr'>Dei</span> <span class='ocrx_word' id='word_1_638' title='bbox 3968 2879 4154 2957; x_wconf 88' lang='lat' dir='ltr'>tiam,</span> <span class='ocrx_word' id='word_1_639' title='bbox 4214 2874 4332 2943; x_wconf 88' lang='lat' dir='ltr'>sed</span> <span class='ocrx_word' id='word_1_640' title='bbox 4373 2883 4588 2942; x_wconf 90' lang='lat' dir='ltr'>totam</span> 
     </span>
     <span class='ocr_line' id='line_1_87' title="bbox 2625 2960 4587 3046; baseline 0 -19"><span class='ocrx_word' id='word_1_641' title='bbox 2625 2962 3128 3027; x_wconf 78' lang='lat' dir='ltr'>conversionem</span> <span class='ocrx_word' id='word_1_642' title='bbox 3198 2976 3343 3027; x_wconf 84' lang='lat' dir='ltr'>esse</span> <span class='ocrx_word' id='word_1_643' title='bbox 3399 2960 3648 3028; x_wconf 90' lang='lat' dir='ltr'>donum</span> <span class='ocrx_word' id='word_1_644' title='bbox 3714 2964 3842 3029; x_wconf 92' lang='lat' dir='ltr'>Dei</span> <span class='ocrx_word' id='word_1_645' title='bbox 3995 2961 4394 3046; x_wconf 80' lang='lat' dir='ltr'>Quanquam</span> <span class='ocrx_word' id='word_1_646' title='bbox 4459 2963 4587 3027; x_wconf 88' lang='lat' dir='ltr'>hoc</span> 
     </span>
     <span class='ocr_line' id='line_1_88' title="bbox 2628 3047 4587 3134; baseline 0.002 -20"><span class='ocrx_word' id='word_1_647' title='bbox 2628 3067 2883 3133; x_wconf 89' lang='lat' dir='ltr'>quoque</span> <span class='ocrx_word' id='word_1_648' title='bbox 2937 3056 3133 3134; x_wconf 89' lang='lat' dir='ltr'>caput</span> <span class='ocrx_word' id='word_1_649' title='bbox 3190 3047 3389 3115; x_wconf 89' lang='lat' dir='ltr'>habet</span> <span class='ocrx_word' id='word_1_650' title='bbox 3431 3068 3553 3116; x_wconf 90' lang='lat' dir='ltr'>sua</span> <span class='ocrx_word' id='word_1_651' title='bbox 3606 3055 3788 3116; x_wconf 87' lang='lat' dir='ltr'>certa</span> <span class='ocrx_word' id='word_1_652' title='bbox 3841 3056 3909 3115; x_wconf 85' lang='lat' dir='ltr'>et</span> <span class='ocrx_word' id='word_1_653' title='bbox 3955 3049 4135 3117; x_wconf 88' lang='lat' dir='ltr'>clara</span> <span class='ocrx_word' id='word_1_654' title='bbox 4184 3048 4587 3117; x_wconf 85' lang='lat' dir='ltr'>testimonia.</span> 
     </span>
     <span class='ocr_line' id='line_1_89' title="bbox 2629 3134 4589 3221; baseline 0.001 -20"><span class='ocrx_word' id='word_1_655' title='bbox 2629 3134 2802 3201; x_wconf 87' lang='lat' dir='ltr'>Nam</span> <span class='ocrx_word' id='word_1_656' title='bbox 2825 3156 3030 3218; x_wconf 91' lang='lat' dir='ltr'>quum</span> <span class='ocrx_word' id='word_1_657' title='bbox 3050 3135 3399 3215; x_wconf 90' lang='lat' dir='ltr'>Dominus,</span> <span class='ocrx_word' id='word_1_658' title='bbox 3445 3158 3565 3221; x_wconf 91' lang='lat' dir='ltr'>pro</span> <span class='ocrx_word' id='word_1_659' title='bbox 3609 3137 3801 3201; x_wconf 89' lang='lat' dir='ltr'>corde</span> <span class='ocrx_word' id='word_1_660' title='bbox 3843 3134 4120 3220; x_wconf 91' lang='lat' dir='ltr'>lapideo,</span> <span class='ocrx_word' id='word_1_661' title='bbox 4158 3134 4470 3201; x_wconf 87' lang='lat' dir='ltr'>daturum</span> <span class='ocrx_word' id='word_1_662' title='bbox 4513 3156 4589 3202; x_wconf 87' lang='lat' dir='ltr'>se</span> 
     </span>
     <span class='ocr_line' id='line_1_90' title="bbox 2627 3220 4582 3307; baseline -0.001 -20"><span class='ocrx_word' id='word_1_663' title='bbox 2627 3220 2815 3287; x_wconf 88' lang='lat' dir='ltr'>uobis</span> <span class='ocrx_word' id='word_1_664' title='bbox 2858 3242 2971 3287; x_wconf 92' lang='lat' dir='ltr'>cor</span> <span class='ocrx_word' id='word_1_665' title='bbox 3011 3241 3327 3288; x_wconf 88' lang='lat' dir='ltr'>carneum</span> <span class='ocrx_word' id='word_1_666' title='bbox 3367 3223 3727 3305; x_wconf 88' lang='lat' dir='ltr'>promittit,</span> <span class='ocrx_word' id='word_1_667' title='bbox 3771 3222 3916 3307; x_wconf 91' lang='lat' dir='ltr'>quis</span> <span class='ocrx_word' id='word_1_668' title='bbox 3952 3222 4439 3307; x_wconf 83' lang='lat' dir='ltr'>praeparationi</span> <span class='ocrx_word' id='word_1_669' title='bbox 4483 3220 4582 3286; x_wconf 92' lang='lat' dir='ltr'>lo-</span> 
     </span>
     <span class='ocr_line' id='line_1_91' title="bbox 2626 3305 4584 3391; baseline -0.001 -17"><span class='ocrx_word' id='word_1_670' title='bbox 2626 3329 2743 3374; x_wconf 89' lang='lat' dir='ltr'>cus</span> <span class='ocrx_word' id='word_1_671' title='bbox 2799 3308 3239 3391; x_wconf 85' lang='lat' dir='ltr'>relinquitur?</span> <span class='ocrx_word' id='word_1_672' title='bbox 3328 3305 3460 3388; x_wconf 79' lang='lat' dir='ltr'>Qui</span> <span class='ocrx_word' id='word_1_673' title='bbox 3528 3329 3613 3372; x_wconf 91' lang='lat' dir='ltr'>ex</span> <span class='ocrx_word' id='word_1_674' title='bbox 3665 3308 3932 3373; x_wconf 89' lang='lat' dir='ltr'>nolente</span> <span class='ocrx_word' id='word_1_675' title='bbox 4001 3309 4079 3373; x_wconf 91' lang='lat' dir='ltr'>fit</span> <span class='ocrx_word' id='word_1_676' title='bbox 4142 3307 4584 3387; x_wconf 78' lang='lat' dir='ltr'>voluntarius,</span> 
     </span>
     <span class='ocr_line' id='line_1_92' title="bbox 2627 3392 4588 3478; baseline 0 -19"><span class='ocrx_word' id='word_1_677' title='bbox 2627 3415 2711 3459; x_wconf 89' lang='lat' dir='ltr'>ex</span> <span class='ocrx_word' id='word_1_678' title='bbox 2754 3394 2982 3460; x_wconf 91' lang='lat' dir='ltr'>rebelli</span> <span class='ocrx_word' id='word_1_679' title='bbox 3017 3403 3085 3458; x_wconf 89' lang='lat' dir='ltr'>et</span> <span class='ocrx_word' id='word_1_680' title='bbox 3107 3394 3479 3459; x_wconf 88' lang='lat' dir='ltr'>contumaci</span> <span class='ocrx_word' id='word_1_681' title='bbox 3519 3402 3792 3477; x_wconf 89' lang='lat' dir='ltr'>paratus</span> <span class='ocrx_word' id='word_1_682' title='bbox 3827 3392 3911 3459; x_wconf 91' lang='lat' dir='ltr'>ad</span> <span class='ocrx_word' id='word_1_683' title='bbox 3945 3394 4349 3478; x_wconf 84' lang='lat' dir='ltr'>obsequium,</span> <span class='ocrx_word' id='word_1_684' title='bbox 4384 3414 4588 3477; x_wconf 88' lang='lat' dir='ltr'>quam</span> 
     </span>
     <span class='ocr_line' id='line_1_93' title="bbox 2628 3477 4588 3565; baseline 0.001 -20"><span class='ocrx_word' id='word_1_685' title='bbox 2628 3480 2751 3545; x_wconf 86' lang='lat' dir='ltr'>sibi</span> <span class='ocrx_word' id='word_1_686' title='bbox 2809 3479 3328 3563; x_wconf 90' lang='lat' dir='ltr'>praeparationis</span> <span class='ocrx_word' id='word_1_687' title='bbox 3386 3477 3648 3545; x_wconf 87' lang='lat' dir='ltr'>laudem</span> <span class='ocrx_word' id='word_1_688' title='bbox 3692 3479 4067 3565; x_wconf 87' lang='lat' dir='ltr'>arrogabit?</span> <span class='ocrx_word' id='word_1_689' title='bbox 4162 3480 4303 3547; x_wconf 88' lang='lat' dir='ltr'>Nee</span> <span class='ocrx_word' id='word_1_690' title='bbox 4360 3481 4588 3546; x_wconf 88' lang='lat' dir='ltr'>minus</span> 
     </span>
     <span class='ocr_line' id='line_1_94' title="bbox 2630 3565 4587 3650; baseline 0.001 -20"><span class='ocrx_word' id='word_1_691' title='bbox 2630 3566 2849 3631; x_wconf 83' lang='lat' dir='ltr'>verbis</span> <span class='ocrx_word' id='word_1_692' title='bbox 2893 3565 3025 3631; x_wconf 91' lang='lat' dir='ltr'>illis</span> <span class='ocrx_word' id='word_1_693' title='bbox 3070 3565 3494 3647; x_wconf 80' lang='lat' dir='ltr'>exprimitur:</span> <span class='ocrx_word' id='word_1_694' title='bbox 3551 3565 3877 3632; x_wconf 85' lang='lat' dir='ltr'>Inventus</span> <span class='ocrx_word' id='word_1_695' title='bbox 3930 3587 4080 3632; x_wconf 90' lang='lat' dir='ltr'>sum</span> <span class='ocrx_word' id='word_1_696' title='bbox 4125 3587 4166 3631; x_wconf 87' lang='lat' dir='ltr'>a</span> <span class='ocrx_word' id='word_1_697' title='bbox 4208 3586 4341 3632; x_wconf 91' lang='lat' dir='ltr'>non</span> <span class='ocrx_word' id='word_1_698' title='bbox 4385 3585 4587 3650; x_wconf 85' lang='lat' dir='ltr'>quae-</span> 
     </span>
     <span class='ocr_line' id='line_1_95' title="bbox 2627 3650 4590 3738; baseline 0.001 -23"><span class='ocrx_word' id='word_1_699' title='bbox 2627 3652 2927 3717; x_wconf 90' lang='lat' dir='ltr'>rentibus</span> <span class='ocrx_word' id='word_1_700' title='bbox 2973 3672 3080 3715; x_wconf 90' lang='lat' dir='ltr'>me</span> <span class='ocrx_word' id='word_1_701' title='bbox 3120 3650 3235 3734; x_wconf 91' lang='lat' dir='ltr'>(Is.</span> <span class='ocrx_word' id='word_1_702' title='bbox 3276 3656 3377 3730; x_wconf 86' lang='lat'>65,</span> <span class='ocrx_word' id='word_1_703' title='bbox 3417 3654 3505 3736; x_wconf 87' lang='lat'>2).</span> <span class='ocrx_word' id='word_1_704' title='bbox 3596 3652 3888 3719; x_wconf 76' lang='lat' dir='ltr'>Tametsi</span> <span class='ocrx_word' id='word_1_705' title='bbox 3932 3653 4105 3718; x_wconf 89' lang='lat' dir='ltr'>enim</span> <span class='ocrx_word' id='word_1_706' title='bbox 4162 3650 4243 3718; x_wconf 91' lang='lat' dir='ltr'>de</span> <span class='ocrx_word' id='word_1_707' title='bbox 4287 3653 4590 3738; x_wconf 86' lang='lat' dir='ltr'>gentium</span> 
     </span>
     <span class='ocr_line' id='line_1_96' title="bbox 2627 3736 4587 3822; baseline 0.002 -22"><span class='ocrx_word' id='word_1_708' title='bbox 2627 3738 2972 3804; x_wconf 85' lang='lat' dir='ltr'>vocatione</span> <span class='ocrx_word' id='word_1_709' title='bbox 3016 3736 3304 3820; x_wconf 90' lang='lat' dir='ltr'>loquitur</span> <span class='ocrx_word' id='word_1_710' title='bbox 3366 3738 3707 3822; x_wconf 88' lang='lat' dir='ltr'>propheta,</span> <span class='ocrx_word' id='word_1_711' title='bbox 3775 3739 3846 3803; x_wconf 92' lang='lat' dir='ltr'>in</span> <span class='ocrx_word' id='word_1_712' title='bbox 3902 3760 3984 3805; x_wconf 88' lang='lat' dir='ltr'>ea</span> <span class='ocrx_word' id='word_1_713' title='bbox 4038 3746 4264 3804; x_wconf 87' lang='lat' dir='ltr'>tamen</span> <span class='ocrx_word' id='word_1_714' title='bbox 4317 3739 4587 3804; x_wconf 80' lang='lat' dir='ltr'>univer-</span> 
     </span>
     <span class='ocr_line' id='line_1_97' title="bbox 2629 3822 4589 3911; baseline 0.001 -23"><span class='ocrx_word' id='word_1_715' title='bbox 2629 3822 2833 3889; x_wconf 90' lang='lat' dir='ltr'>salem</span> <span class='ocrx_word' id='word_1_716' title='bbox 2878 3830 3141 3891; x_wconf 87' lang='lat' dir='ltr'>nostrae</span> <span class='ocrx_word' id='word_1_717' title='bbox 3186 3825 3478 3888; x_wconf 91' lang='lat' dir='ltr'>omnium</span> <span class='ocrx_word' id='word_1_718' title='bbox 3523 3825 3883 3891; x_wconf 76' lang='lat' dir='ltr'>vocationis</span> <span class='ocrx_word' id='word_1_719' title='bbox 3927 3831 4166 3911; x_wconf 81' lang='lat' dir='ltr'>typum</span> <span class='ocrx_word' id='word_1_720' title='bbox 4202 3844 4589 3908; x_wconf 88' lang='lat' dir='ltr'>repraesen-</span> 
     </span>
     <span class='ocr_line' id='line_1_98' title="bbox 2628 3909 4589 3995; baseline 0.002 -22"><span class='ocrx_word' id='word_1_721' title='bbox 2628 3916 2742 3973; x_wconf 86' lang='lat' dir='ltr'>tat.</span> <span class='ocrx_word' id='word_1_722' title='bbox 2832 3909 2961 3974; x_wconf 89' lang='lat' dir='ltr'>Dei</span> <span class='ocrx_word' id='word_1_723' title='bbox 3017 3910 3223 3993; x_wconf 87' lang='lat' dir='ltr'>igitur</span> <span class='ocrx_word' id='word_1_724' title='bbox 3277 3918 3410 3989; x_wconf 88' lang='lat' dir='ltr'>est,</span> <span class='ocrx_word' id='word_1_725' title='bbox 3468 3932 3585 3975; x_wconf 91' lang='lat' dir='ltr'>nos</span> <span class='ocrx_word' id='word_1_726' title='bbox 3639 3912 4055 3995; x_wconf 83' lang='lat' dir='ltr'>praevenire,</span> <span class='ocrx_word' id='word_1_727' title='bbox 4104 3918 4179 3975; x_wconf 91' lang='lat' dir='ltr'>ut</span> <span class='ocrx_word' id='word_1_728' title='bbox 4217 3931 4342 3975; x_wconf 91' lang='lat' dir='ltr'>nos</span> <span class='ocrx_word' id='word_1_729' title='bbox 4385 3910 4467 3976; x_wconf 87' lang='lat' dir='ltr'>ad</span> <span class='ocrx_word' id='word_1_730' title='bbox 4513 3931 4589 3976; x_wconf 88' lang='lat' dir='ltr'>se</span> 
     </span>
     <span class='ocr_line' id='line_1_99' title="bbox 2629 3996 4591 4082; baseline 0.001 -20"><span class='ocrx_word' id='word_1_731' title='bbox 2629 4004 2986 4062; x_wconf 87' lang='lat' dir='ltr'>convertat.</span> <span class='ocrx_word' id='word_1_732' title='bbox 3088 3997 3227 4062; x_wconf 88' lang='lat' dir='ltr'>Nec</span> <span class='ocrx_word' id='word_1_733' title='bbox 3280 3997 3539 4061; x_wconf 88' lang='lat' dir='ltr'>mirum.</span> <span class='ocrx_word' id='word_1_734' title='bbox 3639 3996 3977 4079; x_wconf 80' lang='lat' dir='ltr'>Siquidem</span> <span class='ocrx_word' id='word_1_735' title='bbox 4034 4017 4243 4081; x_wconf 91' lang='lat' dir='ltr'>quum</span> <span class='ocrx_word' id='word_1_736' title='bbox 4297 3997 4591 4082; x_wconf 88' lang='lat' dir='ltr'>cogitare</span> 
     </span>
     <span class='ocr_line' id='line_1_100' title="bbox 2630 4081 4589 4167; baseline -0.001 -18"><span class='ocrx_word' id='word_1_737' title='bbox 2630 4082 2838 4149; x_wconf 91' lang='lat' dir='ltr'>multo</span> <span class='ocrx_word' id='word_1_738' title='bbox 2882 4084 3102 4148; x_wconf 87' lang='lat' dir='ltr'>minus</span> <span class='ocrx_word' id='word_1_739' title='bbox 3159 4082 3247 4147; x_wconf 89' lang='lat' dir='ltr'>sit</span> <span class='ocrx_word' id='word_1_740' title='bbox 3290 4104 3488 4165; x_wconf 90' lang='lat' dir='ltr'>quam</span> <span class='ocrx_word' id='word_1_741' title='bbox 3534 4082 3734 4160; x_wconf 86' lang='lat' dir='ltr'>velle,</span> <span class='ocrx_word' id='word_1_742' title='bbox 3791 4105 3875 4148; x_wconf 90' lang='lat' dir='ltr'>nc</span> <span class='ocrx_word' id='word_1_743' title='bbox 3919 4083 4045 4148; x_wconf 89' lang='lat' dir='ltr'>hoc</span> <span class='ocrx_word' id='word_1_744' title='bbox 4088 4081 4354 4167; x_wconf 90' lang='lat' dir='ltr'>quidem</span> <span class='ocrx_word' id='word_1_745' title='bbox 4397 4083 4589 4148; x_wconf 90' lang='lat' dir='ltr'>nobis</span> 
     </span>
     <span class='ocr_line' id='line_1_101' title="bbox 2630 4166 4588 4253; baseline -0.001 -18"><span class='ocrx_word' id='word_1_746' title='bbox 2630 4170 2955 4252; x_wconf 88' lang='lat' dir='ltr'>reliquum</span> <span class='ocrx_word' id='word_1_747' title='bbox 2997 4168 3251 4234; x_wconf 86' lang='lat' dir='ltr'>Paulus</span> <span class='ocrx_word' id='word_1_748' title='bbox 3304 4170 3488 4249; x_wconf 86' lang='lat' dir='ltr'>facit,</span> <span class='ocrx_word' id='word_1_749' title='bbox 3545 4177 3620 4233; x_wconf 90' lang='lat' dir='ltr'>ut</span> <span class='ocrx_word' id='word_1_750' title='bbox 3671 4168 3889 4234; x_wconf 90' lang='lat' dir='ltr'>idonei</span> <span class='ocrx_word' id='word_1_751' title='bbox 3937 4170 4142 4234; x_wconf 89' lang='lat' dir='ltr'>simus</span> <span class='ocrx_word' id='word_1_752' title='bbox 4198 4166 4282 4234; x_wconf 92' lang='lat' dir='ltr'>ad</span> <span class='ocrx_word' id='word_1_753' title='bbox 4338 4168 4588 4253; x_wconf 87' lang='lat' dir='ltr'>aliquid</span> 
     </span>
     <span class='ocr_line' id='line_1_102' title="bbox 2630 4253 4586 4340; baseline -0.002 -17"><span class='ocrx_word' id='word_1_754' title='bbox 2630 4255 2783 4323; x_wconf 90' lang='lat' dir='ltr'>boni</span> <span class='ocrx_word' id='word_1_755' title='bbox 2826 4253 3249 4340; x_wconf 86' lang='lat' dir='ltr'>cogitandum</span> <span class='ocrx_word' id='word_1_756' title='bbox 3296 4259 3362 4338; x_wconf 83' lang='lat'>(2</span> <span class='ocrx_word' id='word_1_757' title='bbox 3403 4254 3551 4320; x_wconf 86' lang='lat' dir='ltr'>Oor.</span> <span class='ocrx_word' id='word_1_758' title='bbox 3591 4258 3649 4335; x_wconf 86' lang='lat'>3,</span> <span class='ocrx_word' id='word_1_759' title='bbox 3691 4256 3777 4336; x_wconf 84' lang='lat'>5).</span> <span class='ocrx_word' id='word_1_760' title='bbox 3865 4255 4186 4335; x_wconf 89' lang='lat' dir='ltr'>Proinde,</span> <span class='ocrx_word' id='word_1_761' title='bbox 4241 4275 4391 4321; x_wconf 91' lang='lat' dir='ltr'>cum</span> <span class='ocrx_word' id='word_1_762' title='bbox 4435 4276 4586 4339; x_wconf 90' lang='lat' dir='ltr'>pro-</span> 
     </span>
     <span class='ocr_line' id='line_1_103' title="bbox 2630 4340 4587 4426; baseline 0 -19"><span class='ocrx_word' id='word_1_763' title='bbox 2630 4342 2831 4426; x_wconf 90' lang='lat' dir='ltr'>pheta</span> <span class='ocrx_word' id='word_1_764' title='bbox 2864 4341 3322 4420; x_wconf 86' lang='lat' dir='ltr'>confiteamur,</span> <span class='ocrx_word' id='word_1_765' title='bbox 3367 4362 3596 4406; x_wconf 91' lang='lat' dir='ltr'>omnes</span> <span class='ocrx_word' id='word_1_766' title='bbox 3638 4361 3756 4406; x_wconf 91' lang='lat' dir='ltr'>nos</span> <span class='ocrx_word' id='word_1_767' title='bbox 3799 4343 3972 4408; x_wconf 91' lang='lat' dir='ltr'>sicut</span> <span class='ocrx_word' id='word_1_768' title='bbox 4014 4363 4169 4407; x_wconf 83' lang='lat' dir='ltr'>oves</span> <span class='ocrx_word' id='word_1_769' title='bbox 4225 4340 4587 4421; x_wconf 87' lang='lat' dir='ltr'>aberrasse,</span> 
     </span>
     <span class='ocr_line' id='line_1_104' title="bbox 2630 4426 4587 4513; baseline -0.001 -20"><span class='ocrx_word' id='word_1_770' title='bbox 2630 4448 3162 4513; x_wconf 90' lang='lat' dir='ltr'>unumquemque</span> <span class='ocrx_word' id='word_1_771' title='bbox 3207 4426 3565 4493; x_wconf 90' lang='lat' dir='ltr'>declinasse</span> <span class='ocrx_word' id='word_1_772' title='bbox 3605 4428 3677 4492; x_wconf 93' lang='lat' dir='ltr'>in</span> <span class='ocrx_word' id='word_1_773' title='bbox 3723 4428 3897 4493; x_wconf 83' lang='lat' dir='ltr'>viam</span> <span class='ocrx_word' id='word_1_774' title='bbox 3940 4448 4154 4493; x_wconf 87' lang='lat' dir='ltr'>suam:</span> <span class='ocrx_word' id='word_1_775' title='bbox 4201 4435 4423 4512; x_wconf 73' lang='lat' dir='ltr'>quum·</span> <span class='ocrx_word' id='word_1_776' title='bbox 4445 4427 4587 4492; x_wconf 91' lang='lat' dir='ltr'>Do-</span> 
     </span>
     <span class='ocr_line' id='line_1_105' title="bbox 2630 4513 4585 4598; baseline 0.001 -19"><span class='ocrx_word' id='word_1_777' title='bbox 2630 4516 2851 4579; x_wconf 90' lang='lat' dir='ltr'>minus</span> <span class='ocrx_word' id='word_1_778' title='bbox 2894 4515 2964 4578; x_wconf 91' lang='lat' dir='ltr'>in</span> <span class='ocrx_word' id='word_1_779' title='bbox 3009 4514 3184 4579; x_wconf 85' lang='lat' dir='ltr'>viam</span> <span class='ocrx_word' id='word_1_780' title='bbox 3241 4535 3427 4579; x_wconf 88' lang='lat' dir='ltr'>suam</span> <span class='ocrx_word' id='word_1_781' title='bbox 3484 4534 3605 4579; x_wconf 90' lang='lat' dir='ltr'>nos</span> <span class='ocrx_word' id='word_1_782' title='bbox 3664 4513 3927 4579; x_wconf 89' lang='lat' dir='ltr'>reduxit</span> <span class='ocrx_word' id='word_1_783' title='bbox 3970 4514 4086 4598; x_wconf 93' lang='lat' dir='ltr'>(Is.</span> <span class='ocrx_word' id='word_1_784' title='bbox 4128 4518 4228 4594; x_wconf 81' lang='lat'>53,</span> <span class='ocrx_word' id='word_1_785' title='bbox 4270 4516 4356 4593; x_wconf 87' lang='grc'>6).</span> <span class='ocrx_word' id='word_1_786' title='bbox 4442 4513 4585 4580; x_wconf 88' lang='lat' dir='ltr'>Nee</span> 
     </span>
     <span class='ocr_line' id='line_1_106' title="bbox 2630 4599 4586 4685; baseline -0.001 -19"><span class='ocrx_word' id='word_1_787' title='bbox 2630 4601 2961 4666; x_wconf 90' lang='lat' dir='ltr'>Dominus</span> <span class='ocrx_word' id='word_1_788' title='bbox 2996 4601 3194 4665; x_wconf 88' lang='lat' dir='ltr'>etiam</span> <span class='ocrx_word' id='word_1_789' title='bbox 3240 4599 3442 4664; x_wconf 91' lang='lat' dir='ltr'>ullam</span> <span class='ocrx_word' id='word_1_790' title='bbox 3490 4600 3737 4684; x_wconf 86' lang='lat' dir='ltr'>gloriae</span> <span class='ocrx_word' id='word_1_791' title='bbox 3778 4600 3978 4666; x_wconf 90' lang='lat' dir='ltr'>huius</span> <span class='ocrx_word' id='word_1_792' title='bbox 4020 4599 4408 4685; x_wconf 87' lang='lat' dir='ltr'>particulam</span> <span class='ocrx_word' id='word_1_793' title='bbox 4455 4599 4586 4665; x_wconf 90' lang='lat' dir='ltr'>alio</span> 
     </span>
     <span class='ocr_line' id='line_1_107' title="bbox 2632 4683 4587 4785; baseline -0.001 -33"><span class='ocrx_word' id='word_1_794' title='bbox 2632 4686 2888 4753; x_wconf 84' lang='lat' dir='ltr'>traduci</span> <span class='ocrx_word' id='word_1_795' title='bbox 2914 4686 3181 4785; x_wconf 88' lang='lat' dir='ltr'>patitur.</span> <span class='ocrx_word' id='word_1_796' title='bbox 3253 4683 3469 4751; x_wconf 84' lang='lat' dir='ltr'>Suum</span> <span class='ocrx_word' id='word_1_797' title='bbox 3492 4688 3671 4751; x_wconf 88' lang='lat' dir='ltr'>enim</span> <span class='ocrx_word' id='word_1_798' title='bbox 3714 4707 3875 4770; x_wconf 91' lang='lat' dir='ltr'>opus</span> <span class='ocrx_word' id='word_1_799' title='bbox 3911 4706 4056 4753; x_wconf 89' lang='lat' dir='ltr'>esse</span> <span class='ocrx_word' id='word_1_800' title='bbox 4099 4685 4359 4764; x_wconf 87' lang='lat' dir='ltr'>clamat,</span> <span class='ocrx_word' id='word_1_801' title='bbox 4406 4684 4587 4769; x_wconf 91' lang='lat' dir='ltr'>quod</span> 
     </span>
     <span class='ocr_line' id='line_1_108' title="bbox 2630 4771 4587 4856; baseline 0 -18"><span class='ocrx_word' id='word_1_802' title='bbox 2630 4794 2714 4838; x_wconf 87' lang='lat' dir='ltr'>ex</span> <span class='ocrx_word' id='word_1_803' title='bbox 2768 4779 3082 4839; x_wconf 76' lang='lat' dir='ltr'>caecitate</span> <span class='ocrx_word' id='word_1_804' title='bbox 3133 4771 3613 4838; x_wconf 89' lang='lat' dir='ltr'>illuminamur:</span> <span class='ocrx_word' id='word_1_805' title='bbox 3671 4772 3843 4856; x_wconf 90' lang='lat' dir='ltr'>quod</span> <span class='ocrx_word' id='word_1_806' title='bbox 3898 4794 3981 4839; x_wconf 90' lang='lat' dir='ltr'>ex</span> <span class='ocrx_word' id='word_1_807' title='bbox 4034 4772 4323 4839; x_wconf 88' lang='lat' dir='ltr'>tenebris</span> <span class='ocrx_word' id='word_1_808' title='bbox 4367 4779 4587 4838; x_wconf 86' lang='lat' dir='ltr'>trans-</span> 
     </span>
     <span class='ocr_line' id='line_1_109' title="bbox 2629 4858 4586 4943; baseline -0.001 -19"><span class='ocrx_word' id='word_1_809' title='bbox 2629 4860 2908 4924; x_wconf 86' lang='lat' dir='ltr'>ferimur</span> <span class='ocrx_word' id='word_1_810' title='bbox 2953 4860 3020 4922; x_wconf 91' lang='lat' dir='ltr'>in</span> <span class='ocrx_word' id='word_1_811' title='bbox 3063 4858 3279 4925; x_wconf 90' lang='lat' dir='ltr'>lucem</span> <span class='ocrx_word' id='word_1_812' title='bbox 3324 4878 3539 4924; x_wconf 88' lang='lat' dir='ltr'>suam:</span> <span class='ocrx_word' id='word_1_813' title='bbox 3598 4858 3768 4943; x_wconf 87' lang='lat' dir='ltr'>quod</span> <span class='ocrx_word' id='word_1_814' title='bbox 3823 4864 3971 4939; x_wconf 75' lang='lat' dir='ltr'>[pag.</span> <span class='ocrx_word' id='word_1_815' title='bbox 4023 4863 4170 4938; x_wconf 85' lang='grc'><strong>167]</strong></span> <span class='ocrx_word' id='word_1_816' title='bbox 4214 4863 4434 4924; x_wconf 84' lang='lat' dir='ltr'>mente</span> <span class='ocrx_word' id='word_1_817' title='bbox 4474 4878 4586 4923; x_wconf 89' lang='lat' dir='ltr'>re-</span> 
     </span>
    </p>
   </div>
   <div class='ocr_carea' id='block_1_6' title="bbox 2632 4944 4587 5096">
    <p class='ocr_par' dir='ltr' id='par_1_8' title="bbox 2632 4944 4587 5096">
     <span class='ocr_line' id='line_1_110' title="bbox 2632 4944 4587 5029; baseline 0 -20"><span class='ocrx_word' id='word_1_818' title='bbox 2632 4964 2984 5010; x_wconf 86' lang='lat' dir='ltr'>novamur:</span> <span class='ocrx_word' id='word_1_819' title='bbox 3044 4945 3217 5028; x_wconf 89' lang='lat' dir='ltr'>quod</span> <span class='ocrx_word' id='word_1_820' title='bbox 3275 4944 3553 5029; x_wconf 90' lang='lat' dir='ltr'>denique</span> <span class='ocrx_word' id='word_1_821' title='bbox 3610 4968 3648 5009; x_wconf 88' lang='lat' dir='ltr'>a</span> <span class='ocrx_word' id='word_1_822' title='bbox 3702 4952 3912 5011; x_wconf 87' lang='lat' dir='ltr'>morte</span> <span class='ocrx_word' id='word_1_823' title='bbox 3961 4945 4328 5011; x_wconf 83' lang='lat' dir='ltr'>excitamur</span> <span class='ocrx_word' id='word_1_824' title='bbox 4369 4946 4440 5008; x_wconf 91' lang='lat' dir='ltr'>in</span> <span class='ocrx_word' id='word_1_825' title='bbox 4484 4945 4587 5009; x_wconf 81' lang='lat' dir='ltr'>vi-</span> 
     </span>
     <span class='ocr_line' id='line_1_111' title="bbox 2632 5038 2785 5096; baseline 0 0"><span class='ocrx_word' id='word_1_826' title='bbox 2632 5038 2785 5096; x_wconf 83' lang='lat' dir='ltr'>tam.</span> 
     </span>
    </p>
   </div>
   <div class='ocr_carea' id='block_1_7' title="bbox 2632 5122 2787 5183">
    <p class='ocr_par' dir='ltr' id='par_1_9' title="bbox 2632 5122 2787 5183">
     <span class='ocr_line' id='line_1_112' title="bbox 2632 5122 2787 5183; baseline 0.013 -2"><span class='ocrx_word' id='word_1_827' title='bbox 2632 5122 2787 5183; x_wconf 92' lang='lat' dir='ltr'>tuus</span> 
     </span>
    </p>
   </div>
   <div class='ocr_carea' id='block_1_8' title="bbox 2874 5029 4589 5183">
    <p class='ocr_par' dir='ltr' id='par_1_10' title="bbox 2874 5029 4589 5183">
     <span class='ocr_line' id='line_1_113' title="bbox 2877 5029 4589 5116; baseline -0.001 -21"><span class='ocrx_word' id='word_1_828' title='bbox 2877 5029 3029 5112; x_wconf 79' lang='lat' dir='ltr'>Quo</span> <span class='ocrx_word' id='word_1_829' title='bbox 3071 5033 3588 5115; x_wconf 89' lang='lat' dir='ltr'>praeparationis</span> <span class='ocrx_word' id='word_1_830' title='bbox 3631 5053 3873 5116; x_wconf 89' lang='lat' dir='ltr'>genere</span> <span class='ocrx_word' id='word_1_831' title='bbox 3914 5031 4043 5097; x_wconf 89' lang='lat' dir='ltr'>Dei</span> <span class='ocrx_word' id='word_1_832' title='bbox 4088 5030 4370 5116; x_wconf 87' lang='lat' dir='ltr'>gratiam</span> <span class='ocrx_word' id='word_1_833' title='bbox 4407 5051 4589 5095; x_wconf 88' lang='lat' dir='ltr'>mor-</span> 
     </span>
     <span class='ocr_line' id='line_1_114' title="bbox 2874 5116 3250 5183; baseline -0.005 -1"><span class='ocrx_word' id='word_1_834' title='bbox 2874 5116 3250 5183; x_wconf 83' lang='lat' dir='ltr'>revocabit?</span> 
     </span>
    </p>
   </div>
   <div class='ocr_carea' id='block_1_9' title="bbox 2632 5202 4593 5462">
    <p class='ocr_par' dir='ltr' id='par_1_11' title="bbox 2632 5202 4593 5462">
     <span class='ocr_line' id='line_1_115' title="bbox 2861 5202 4591 5288; baseline 0.002 -19"><span class='ocrx_word' id='word_1_835' title='bbox 2861 5204 3120 5287; x_wconf 89' lang='lat' dir='ltr'>equitur</span> <span class='ocrx_word' id='word_1_836' title='bbox 3162 5203 3432 5270; x_wconf 88' lang='lat' dir='ltr'>tertium</span> <span class='ocrx_word' id='word_1_837' title='bbox 3478 5202 3875 5282; x_wconf 91' lang='lat' dir='ltr'>membrum,</span> <span class='ocrx_word' id='word_1_838' title='bbox 3922 5202 4002 5269; x_wconf 87' lang='lat' dir='ltr'>de</span> <span class='ocrx_word' id='word_1_839' title='bbox 4047 5204 4293 5269; x_wconf 89' lang='lat' dir='ltr'>efficaci</span> <span class='ocrx_word' id='word_1_840' title='bbox 4333 5202 4591 5288; x_wconf 76' lang='lat' dir='ltr'>gratiae</span> 
     </span>
     <span class='ocr_line' id='line_1_116' title="bbox 2632 5288 4588 5376; baseline 0.001 -23"><span class='ocrx_word' id='word_1_841' title='bbox 2632 5290 3024 5373; x_wconf 88' lang='lat' dir='ltr'>operatione.</span> <span class='ocrx_word' id='word_1_842' title='bbox 3116 5291 3302 5376; x_wconf 89' lang='lat' dir='ltr'>Nego</span> <span class='ocrx_word' id='word_1_843' title='bbox 3345 5290 3577 5375; x_wconf 88' lang='lat' dir='ltr'>igitur,</span> <span class='ocrx_word' id='word_1_844' title='bbox 3637 5290 3919 5374; x_wconf 88' lang='lat' dir='ltr'>gratiam</span> <span class='ocrx_word' id='word_1_845' title='bbox 3976 5290 4068 5355; x_wconf 90' lang='lat' dir='ltr'>sic</span> <span class='ocrx_word' id='word_1_846' title='bbox 4110 5289 4299 5355; x_wconf 88' lang='lat' dir='ltr'>nobis</span> <span class='ocrx_word' id='word_1_847' title='bbox 4341 5288 4588 5368; x_wconf 82' lang='lat' dir='ltr'>offerri,</span> 
     </span>
     <span class='ocr_line' id='line_1_117' title="bbox 2633 5374 4593 5462; baseline 0.001 -22"><span class='ocrx_word' id='word_1_848' title='bbox 2633 5383 2708 5440; x_wconf 91' lang='lat' dir='ltr'>ut</span> <span class='ocrx_word' id='word_1_849' title='bbox 2750 5385 3015 5444; x_wconf 87' lang='lat' dir='ltr'>nostrae</span> <span class='ocrx_word' id='word_1_850' title='bbox 3058 5384 3286 5462; x_wconf 88' lang='lat' dir='ltr'>postea</span> <span class='ocrx_word' id='word_1_851' title='bbox 3327 5376 3416 5443; x_wconf 85' lang='lat' dir='ltr'>sit</span> <span class='ocrx_word' id='word_1_852' title='bbox 3456 5374 3760 5459; x_wconf 90' lang='lat' dir='ltr'>optionis,</span> <span class='ocrx_word' id='word_1_853' title='bbox 3809 5374 3914 5441; x_wconf 85' lang='lat' dir='ltr'>vel</span> <span class='ocrx_word' id='word_1_854' title='bbox 3958 5376 4426 5459; x_wconf 85' lang='lat' dir='ltr'>obtemperare,</span> <span class='ocrx_word' id='word_1_855' title='bbox 4474 5377 4593 5442; x_wconf 78' lang='lat' dir='ltr'>vel</span> 
     </span>
    </p>
   </div>
  </div>
 </body>
</html>
