4999 6179
192 700 245 725 ''
360 733 448 778 au
489 711 758 778 monde:
814 718 883 776 et
931 712 1102 778 ainsi
1157 721 1393 778 mettre
1444 714 1538 778 fin
1582 721 1625 778 a
1667 720 1884 779 toutes
1926 712 2315 796 Propheties

361 435 440 498 21
1703 434 2363 505 GAmomsfflJs
2407 437 3023 507 GENEVENsIs.
4289 447 4376 529 22
4471 494 4481 501 .

358 625 565 706 Pers,
619 647 786 709 pour
826 647 1104 709 exposer
1146 627 1548 710 pleinement
1597 627 1665 692 la
1705 625 1981 692 volunte
2035 621 2339 711 d’ieeluy'
2421 627 2495 691 in
2539 647 2692 692 eum
2735 630 2954 708 finem,
3003 636 3077 694 ut
3117 630 3323 713 patris
3360 630 3695 696 voluntate
3740 628 3826 696 ad
3856 630 4129 714 plenum
4174 652 4376 716 expo-

2420 712 2551 780 sita
2594 714 2795 780 finem
2849 723 3127 799 poneret
3182 715 3696 782 revelationibus
3749 716 4054 783 omnibus
4110 722 4179 784 et
4220 740 4375 801 pro-

359 805 428 864 et
470 798 867 865 revelatione
912 796 1064 879 (Ies.
1105 803 1207 878 61,
1254 804 1279 862 l
1299 822 1316 880 ;
1352 799 1557 865 Hebr.
1608 803 1661 879 1,
1703 800 1791 884 2).
2419 798 2681 881 Pheffis,
2702 801 2759 884 2)

1130 921 1196 955 ns
1229 921 1487 957 unns-ru.
1506 901 1552 970 ¹)

533 971 628 1036 Te
670 970 927 1036 revient-
967 970 1015 1034 il
1058 971 1336 1054 quelque
1380 973 1578 1054 profit
1620 970 1701 1036 de
1744 969 1929 1037 eela?

2593 969 2731 1037 Sed
2773 974 3140 1057 pereipisne
3183 922 3668 1039 inggxgnumomm
3717 973 4045 1057 aliquem?

2589 1143 2735 1209 Imo
2779 1165 2917 1209 non
2961 1144 3090 1210 alio
3132 1094 3697 1228 spectssffomnia
3730 1144 3923 1224 haee,
3977 1143 4108 1209 nisi
4149 1145 4222 1208 in
4264 1144 4381 1210 bo·

2418 1251 2580 1294 num
2631 1236 2950 1296 nostrum.
3004 1301 3008 1304 ,
3048 1230 3223 1296 Nam
3278 1231 3383 1297 his
3398 1231 3456 1315 ⁸)
3477 1270 3481 1277 ·
3503 1231 3784 1296 donatus
3830 1236 3934 1295 est
3985 1229 4297 1296 Christus
4341 1252 4383 1296 a

2416 1326 2625 1398 patre,
2669 1323 2746 1382 ut
2787 1315 3130 1382 nobiseum
3163 1336 3243 1381 ea
3274 1317 3732 1395 eommunicet,
3773 1337 3900 1400 quo
3935 1337 4020 1381 ex
4062 1316 4205 1381 eius
4239 1315 4382 1400 ple-

532 1144 636 1209 Le
676 1148 824 1207 tout
864 1148 966 1207 est
1007 1149 1049 1208 a
1090 1093 1588 1209 nostrngriitilite.
1677 1141 1813 1209 Gar
1854 1142 2044 1207 Iesus
2087 1141 2316 1207 Christ

359 1254 399 1296 a
438 1250 629 1296 reoeu
671 1241 820 1295 tous
864 1249 971 1294 oes
1017 1228 1212 1308 dons,
1269 1248 1437 1313 pour
1478 1250 1650 1294 nous
1704 1250 1790 1294 en
1841 1228 2005 1293 faire
2046 1228 2311 1311 partiei-

354 1338 553 1402 pans:
602 1318 734 1381 afin
783 1334 910 1399 que
955 1336 1119 1381 nous
1161 1316 1501 1381 reeevions
1542 1322 1690 1382 tous
1736 1314 1818 1380 de
1861 1334 1935 1379 sa
1977 1312 2313 1398 plenitude

354 1403 598 1489 (Iehan
642 1407 693 1480 1,
742 1402 867 1487 16).
2419 1399 2718 1468 nitudine
2760 1402 3146 1469 hauriamus
3189 1422 3438 1469 omnes.

1151 1522 1219 1556 LE
1252 1522 1513 1559 mm.
3270 1524 3529 1559 lumem.

442 1630 453 1637 .
530 1572 836 1640 Declaire
880 1594 1035 1659 moy
1078 1571 1219 1638 oela
1259 1573 1411 1656 plus
1456 1596 1542 1639 au
1583 1573 1759 1657 long.
2591 1574 2903 1640 Edissere
2950 1574 3073 1641 hoe
3114 1574 3280 1639 mihi
3327 1574 3524 1658 paulo
3569 1574 3798 1640 fusius.

530 1745 587 1811 11
631 1768 673 1812 a
714 1765 907 1810 reeeu
948 1743 1016 1810 19
1059 1694 1540 1828 εαίηῐὲῗιὲξέἓίι
1581 1765 1740 1811 aveo
1775 1750 1990 1810 tontes
2024 1765 2129 1810 ses
2164 1764 2315 1828 gra-
2593 1744 2848 1829 Spiritu
2907 1752 3134 1811 saneto
3201 1696 3523 1829 repfgffi&
3591 1745 4009 1830 perfectaque
4075 1747 4378 1812 omnium

359 1856 469 1901 ees
522 1855 606 1900 en
664 1831 1047 1915 pet-fection,
1105 1852 1272 1914 pour
1316 1851 1482 1896 nous
1535 1852 1623 1896 en
1662 1829 1943 1915 eslargir
1985 1836 2053 1893 et
2096 1828 2316 1895 distri·
2418 1832 2561 1897 eius
2605 1831 2927 1897 donorum
2983 1831 3320 1914 opulentia
3375 1831 3747 1898 cumulatus
3800 1831 3955 1912 fuit,
4014 1852 4145 1916 quo
4187 1833 4380 1899 nobis

360 1923 551 1988 buer:
597 1925 640 1984 a
674 1917 930 1984 ehaoun
963 1917 1144 1983 selon
1182 1917 1248 1988 la
1281 1938 1543 1983 mesure
1582 1924 1651 1982 et
1682 1916 1945 1999 portion
1979 1937 2105 2000 que
2141 1916 2315 1981 Dieu
2420 1938 2502 1983 ea
2541 1918 2896 2001 impertiat,
2942 1919 3178 2001 euique
3218 1917 3469 1985 scilieet
3507 1939 3628 2002 pro
3670 1938 4003 1998 mensura,
4034 1939 4234 2003 quam
4258 1938 4379 1982 no-

358 2007 705 2091 eongnoist
745 2011 919 2071 estre
973 2002 1361 2086 expediente
1416 2002 1691 2085 (Ephes.
1729 2009 1790 2081 4,
1831 2003 1917 2082 7).
2005 2002 2099 2068 Et
2150 2002 2315 2067 ainsi
2420 2004 2522 2070 bis
2586 2004 2943 2069 convenire
3003 2002 3193 2069 novit
3257 2012 3464 2087 pater.
3553 2003 3662 2070 Ita
3729 2023 3814 2069 ex
3880 2024 3991 2085 eo,
4056 2012 4384 2089 tanquam

356 2114 529 2159 nous
573 2092 841 2175 puisons
885 2090 969 2156 de
1010 2089 1129 2175 luy
1170 2109 1423 2155 eomme
1466 2087 1660 2153 d’une
1702 2088 2014 2169 fontaine,
2058 2096 2205 2154 tout
2242 2107 2317 2154 oe
2423 2092 2615 2156 unieo
2668 2091 2870 2170 fonte,
2926 2088 3275 2156 haurimus
3316 2089 3634 2173 quidquid
3679 2089 3997 2157 habemus
4052 2091 4384 2157 bonorum

358 2200 492 2264 que
534 2199 699 2244 nous
743 2197 950 2244 avons
994 2175 1075 2242 de
1116 2175 1303 2242 biens
1345 2175 1696 2258 spirituelz.
2421 2175 2881 2259 spiritualium.

1154 2297 1221 2332 u
1254 2296 1513 2332 ΙῙΒῙΒΤΙΞ.
3271 2296 3532 2332 mmm

537 2348 680 2417 Son
720 2349 1069 2433 Royaume
1113 2346 1193 2412 de
1235 2368 1407 2431 quoy
1451 2367 1616 2411 nous
1659 2346 1920 2412 sert-il?
2596 2344 2775 2429 Quid
2819 2346 3005 2413 nobis
3049 2347 3302 2413 oonfert
3344 2348 3483 2413 eius
3526 2347 3852 2432 regnum?

536 2522 713 2588 C’est
755 2519 1090 2606 qu'estans
1131 2468 1582 2604 patixalrgiymfflis
1629 2538 1715 2583 en
1757 2518 1993 2584 liberte
2039 2517 2119 2583 de
2164 2537 2319 2583 oon-
2595 2519 2850 2603 Nempe
2865 2570 2882 2599 ,
2981 2518 3110 2585 uod
3169 2518 3312 2585 eius
3328 2466 3682 2585 'fflefioio
3735 2517 3820 2583 ad
3871 2519 3981 2601 pie
4024 2526 4381 2602 sanotoquo
4457 2532 4522 2591 χ

362 2611 683 2687 soienees,
750 2616 822 2672 et
877 2605 1150 2688 remplis
1208 2604 1291 2669 de
1354 2625 1459 2670 ses
1522 2604 1846 2671 riehesses
1900 2603 2337 2688 spirituelles,'
2424 2605 2784 2671 vivendum
2827 2606 2945 2671 vin
2991 2604 3146 2671 ieati
3199 2603 3271 2669 in
3326 2603 3700 2669 libertatem
3747 2609 3867 2684 [fol.
3897 2610 4001 2685 14]
4047 2604 4383 2670 eonscien-

445 2717 532 2762 ur
572 2694 758 2761 vivre
800 2713 887 2757 en
929 2692 1159 2757 iustioe
1203 2698 1273 2757 et
1313 2690 1652 2771 sainetete‚
1697 2712 1864 2757 nous
1901 2712 2105 2757 avons
2142 2691 2321 2757 aussi
2426 2693 2686 2771 tiaram,
2709 2691 3286 2774 spiritualibusque
3308 2691 3452 2757 eius
3497 2689 3743 2756 divitiis
3786 2691 4111 2770 instructi,
4153 2697 4387 2774 poten-

359 2717 447 2849 Ε)
485 2781 828 2864 puissanee
882 2799 1048 2862 pour
1097 2776 1369 2844 vainore
1419 2776 1484 2843 19
1538 2775 1783 2857 diable,
1840 2776 1904 2843 19
1957 2777 2196 2862 peche,
2254 2776 2320 2842 la
2424 2778 2520 2842 tia
2570 2796 2827 2861 quoque
2870 2797 3234 2856 armamur,
3289 2797 3460 2860 quae
3496 2776 3580 2840 ad
3624 2783 3975 2860 perpetuos
4018 2777 4414 2843 animarum.

361 2867 551 2934 ehair
601 2872 669 2932 et
720 2864 785 2932 19
838 2863 1104 2943 monde,
1172 2864 1285 2947 qui
1338 2869 1489 2929 sont
1549 2863 1647 2929 les
1712 2863 2010 2930 ennemis
2064 2863 2145 2931 de
2198 2884 2321 2929 noz
2428 2871 2809 2930 nostrarum
2877 2862 3101 2930 hostes
3114 2915 3132 2943 ‚
3216 2870 3593 2947 peceatum,
3666 2882 3930 2929 earnem
3943 2914 3961 2943 ‚
4033 2861 4358 2929 Satanam
4371 2914 4390 2943 ,

364 2974 565 3021 ames.
2426 2958 2495 3015 et
2532 2948 2877 3031 mundum,
2923 2948 3285 3016 vincendos
3328 2948 3630 3014 sufficiat.

1158 3072 1225 3108 uz
1260 3070 1518 3108 umam.
2371 3101 2377 3124 ,
3277 3069 3538 3106 misma.

539 3126 635 3192 Et
673 3148 750 3193 sa
790 3122 1165 3192 Prestrise?
2370 3133 2378 3232 ᾗ
2602 3119 2710 3187 Ad
2753 3119 2911 3205 quid
2956 3127 3175 3188 autem
3213 3120 3644 3188 sacerdotium
3681 3119 4029 3188 eonduoit?

1210 3226 1481 3280 n'mm.
3331 3241 3486 3280 runa.

539 3299 1095 3376 Premierement,
1143 3304 1376 3362 entant
1427 3293 1587 3378 qu’il
1639 3300 1743 3359 est
1793 3299 2015 3360 nostre
2067 3292 2323 3360 Media-
2372 3283 2378 3344 ἕ
2599 3293 2922 3372 Primum,
2969 3293 3143 3377 quod
3175 3293 3301 3364 hae
3345 3294 3602 3358 ratione
3638 3291 3959 3360 mediator
4001 3299 4103 3360 est
4139 3300 4390 3372 noster,

366 3395 552 3466 teur,
594 3406 764 3470 pour
805 3405 973 3451 nous
1015 3381 1397 3448 reoonoilier
1438 3388 1480 3446 a
1523 3380 1699 3446 Dieu
1755 3400 1876 3444 son
1916 3380 2116 3445 Pers:
2172 3380 2322 3463 puis
2372 3351 2379 3510 ι
2428 3380 2542 3465 qni
2597 3399 2717 3445 nos
2781 3380 2955 3462 patri
3022 3379 3426 3447 reeonoiliet:
3508 3378 3776 3460 deinde,
3832 3379 4009 3463 quod
4057 3399 4179 3464 per
4238 3399 4395 3445 eum

366 3494 588 3558 apres,
650 3493 776 3556 que
828 3490 950 3557 par
992 3490 1112 3536 son
1170 3488 1407 3554 moyen
1460 3487 1631 3533 nous
1677 3485 1883 3531 avons
1927 3485 2112 3533 woez
2155 3485 2326 3549 pour
2427 3481 2730 3532 assessus
2772 3464 2960 3532 nobis
3002 3466 3368 3549 patefactus
3411 3473 3516 3531 est
3559 3464 3644 3531 ad
3686 3473 3962 3550 patrem,
4007 3473 4087 3533 ut
4127 3465 4203 3530 in
4247 3466 4394 3533 eius

362 3580 535 3626 nous
574 3565 914 3642 presenter
957 3560 1079 3636 [fol.
1115 3559 1183 3635 9]
1227 3553 1405 3620 aussi
1450 3560 1494 3620 a
1536 3553 1742 3632 Dieu,
1796 3558 1866 3618 et
1917 3573 2086 3618 nous
2140 3551 2327 3617 offrir
2374 3515 2379 3588 ¹
2427 3557 2854 3636 eonspeetum
2919 3572 3072 3618 eum
3134 3551 3375 3619 fidueia
3453 3549 3877 3636 prodeamus,
3943 3553 4073 3636 ipsi
4134 3571 4394 3636 quoquo

366 3667 456 3712 en
498 3645 818 3723 saerifioe,
863 3663 1022 3709 aveo
1066 3646 1214 3707 tout
1250 3659 1325 3705 99
1366 3640 1477 3723 qui
1516 3638 1793 3723 prooede
1838 3639 1919 3705 de
1958 3658 2143 3705 nous.
2228 3638 2326 3703 Et
2374 3605 2379 3740 ξ
2426 3658 2674 3722 nosque
2710 3642 2777 3702 et
2810 3645 3038 3705 nostra
3079 3639 3301 3705 omnia
3332 3638 3433 3704 illi
3472 3639 3548 3705 in
3583 3639 3976 3706 sacrificium
4013 3638 4385 3707 offeramus.

366 3755 458 3799 en
499 3731 666 3810 eela,
723 3751 894 3796 nous
938 3748 1221 3795 sommes
1263 3745 1710 3810 oompagnons
1757 3724 1837 3790 de
1880 3744 1954 3792 sa
1995 3724 2326 3791 Proeti-ise
2374 3743 2393 3846 Ι
2426 3726 2653 3809 Atque
2704 3724 2801 3790 ita
2852 3724 3137 3810 collegas
3191 3747 3311 3791 nos
3364 3724 3841 3810 quodammodo
3894 3746 4050 3792 suos
4103 3725 4262 3792 facit
4306 3725 4392 3789 ›i-

368 3818 607 3903 (Hebr.
645 3821 705 3882 7.
742 3821 803 3881 8.
843 3820 900 3880 9.
946 3820 1043 3880 10.
1088 3814 1216 3899 13).
2374 3855 2379 3888 2
2428 3810 2809 3879 saoerdotiO.

1162 3934 1230 3971 u
1264 3932 1523 3970 mrem.
2376 3969 2380 3982 ,
3283 3931 3542 3967 mis-rna.
3657 3957 3676 3978 ,

544 3989 608 4054 11
645 3992 821 4055 reste
862 3985 930 4053 la
971 3984 1350 4071 Prophetis.
1584 4017 1587 4022 ⁴
2374 3985 2381 4002 ⁴
2603 3982 2842 4049 Restat
2883 3982 3246 4066 prophetia.

544 4161 707 4227 Puis
750 4180 875 4243 que
917 4165 1057 4227 oest
1112 4087 1566 4223 offirgeuzugffl
1611 4117 1829 4220 donne
1870 4173 1956 4220 au
1999 4152 2328 4239 Seigneur
2604 4151 2829 4236 Quum
2881 4154 3017 4220 filio
3061 4154 3193 4220 Dei
3226 4104 3591 4239 maffterii
3644 4152 3952 4219 collatum
4010 4154 4099 4221 sit
4140 4175 4387 4220 munus

366 4243 675 4328 mSUS,
731 4267 898 4331 pour
954 4250 1128 4310 estre
1170 4242 1450 4310 Maistre
1502 4249 1569 4306 et
1610 4239 1906 4308 Doeteur
1947 4238 2063 4307 des
2117 4240 2323 4307 siens:
2429 4242 2502 4306 in
2545 4259 2728 4308 suos:
2773 4241 2926 4307 finis
2971 4246 3101 4321 est,
3155 4248 3231 4305 ut
3272 4261 3434 4307 vera
3475 4260 3584 4304 eos
3634 4239 3842 4322 patris
3888 4240 4265 4325 cognitione
4306 4239 4390 4305 il-

367 4336 440 4401 la
485 4335 580 4400 fin
622 4341 725 4399 est
766 4330 848 4398 de
890 4352 1059 4397 nous
1114 4328 1479 4395 introduire
1522 4335 1564 4394 a
1603 4326 1674 4392 la
1713 4346 1923 4413 vraye
1976 4326 2325 4413 eongnois·
2428 4326 2739 4404 luminet,
2786 4325 3048 4393 erudiat
3088 4347 3198 4394 eos
3237 4327 3309 4392 in
3354 4326 3666 4404 veritate,
3710 4333 3778 4390 et
3818 4324 4206 4393 domesticos
4252 4325 4384 4392 Dei

370 4441 570 4488 nanee
613 4418 703 4485 du
744 4419 935 4496 Pere,
980 4424 1048 4483 et
1090 4415 1172 4481 de
1214 4435 1289 4481 sa
1331 4414 1565 4481 verite:
1612 4412 1955 4480 tellement
1996 4435 2125 4498 que
2158 4433 2323 4480 nous
2428 4412 2779 4500 discipulos
2822 4413 3081 4480 efficiat.
4296 4423 4299 4427 ’

370 4526 614 4593 soyons
653 4503 958 4572 esooliers
1001 4501 1440 4585 domestiques
1480 4498 1562 4566 de
1604 4498 1858 4566 DIEU.

544 4680 834 4746 'l'uveux
853 4674 1022 4742 dono
1045 4623 1403 4753 oonsslurre,
1425 4694 1552 4757 que
1573 4693 1649 4740 ee
1669 4672 1851 4739 tiltre
1867 4672 1947 4740 de
1960 4669 2322 4754 OHRIS'P,
2599 4671 2756 4739 Hue
2809 4692 2967 4756 ergo
3019 4619 3530 4758 redeunfflrssg‘
3558 4667 3783 4735 dixisti
3826 4667 4074 4746 omnia,
4131 4665 4388 4734 Christi

368 4761 726 4849 eomprend
776 4763 942 4829 trois
993 4761 1244 4837 offlees,
1301 4779 1429 4841 que
1471 4759 1703 4826 DIEU
1758 4781 1799 4826 a
1852 4758 2067 4824 donne
2123 4765 2164 4824 a
2205 4780 2324 4825 son
2373 4745 2380 4811 Ι
2427 4780 2669 4826 nomen
2722 4759 2853 4823 tria
2903 4756 3119 4824 officia
3189 4752 3769 4841 comprehendere,
3829 4773 3995 4837 quae
4045 4754 4119 4818 in
4174 4752 4384 4820 filium

368 4851 519 4918 Pssz
538 4903 553 4929 ‚
608 4870 777 4936 pour
818 4871 903 4914 en
945 4845 1443 4928 communiquer
1482 4845 1545 4913 le
1586 4847 1784 4913 fruiot
1827 4853 1896 4912 et
1936 4844 2000 4909 la
2043 4853 2238 4911 vertu
2283 4852 2325 4910 a
2427 4843 2706 4914 eontulit
2804 4850 2969 4923 ater,
3030 4849 3106 4909 ut
3149 4844 3285 4909 vim
3338 4864 3565 4910 eorum
3621 4861 3697 4908 ae
3748 4840 4041 4908 fructum
4092 4839 4168 4906 in
4221 4860 4378 4908 suos

368 4959 477 5005 ses
517 4935 763 5004 fideles.
2427 4940 2573 4997 tran
2581 4930 2731 4997 sfun
2776 4938 2863 4996 at.

477 5249 492 5264 υ
677 5176 736 5240 1)
772 5177 853 5231 Le
887 5173 1274 5257 63dimanehe.
1327 5202 1392 5211 —
1437 5171 1620 5227 Christ
1661 5171 1900 5227 fontaine
1944 5170 2012 5226 (19
2052 5178 2177 5228 tout
2218 5172 2357 5228 bien.
2404 5198 2470 5209 —
2517 5171 2600 5226 De
2632 5186 2774 5240 quoy
2807 5185 2944 5226 nous
2979 5177 3094 5227 sert
3127 5168 3182 5224 le
3225 5184 3479 5238 royaume
3517 5167 3585 5222 de
3631 5167 3827 5223 Christ.
3887 5195 3954 5207 -
4019 5166 4286 5222 Proeti-ise
4318 5163 4392 5221 de

362 5250 561 5305 Chaa·
597 5245 995 5381 *griggltz
1026 5243 1460 5383 ῗξᾳιῇῗιῖῗὲοάἀ.
1496 5308 1779 5364 manuales
1809 5309 2032 5366 habent.-
2066 5309 2417 5380 colophonem
2450 5308 2677 5364 adderet
2711 5263 3013 5378 prophetiis
3048 5307 3302 5363 omnibus.
3610 5302 3673 5372 3)
3714 5304 3999 5361 Gauasius
4032 5303 4283 5372 scripsit.-
4315 5301 4390 5361 ii·

360 5386 515 5459 quod
545 5393 599 5441 et
625 5385 782 5441 Besa
805 5384 1049 5441 meavit
1078 5398 1199 5439 cum
1226 5382 1347 5438 saie
1377 5379 1613 5437 asscel-‘e
3902 5456 3966 5510 2*
