4999 6179
410 485 530 546 401

1898 489 2028 556 DE
2072 485 2429 556 LIBERO
2473 484 2953 555 ABBI'PRIO.

4323 490 4453 555 402

410 678 804 762 expositam:
851 697 974 742 1100
1018 682 1259 755 nostr0,
1307 681 1423 742 aut
1466 676 1701 754 studio,
1748 683 1863 741 aut
1895 683 2135 743 conatu
2170 696 2366 759 posse
2467 677 2625 742 tatis
2670 676 2913 762 gloria,
2970 696 3047 744 ac
3091 696 3230 742 non
3286 678 3504 760 potius
3562 674 3643 742 de
3699 677 4035 762 praesenti
4088 697 4444 761 regenera-

408 785 530 830 nos
574 785 720 829 eam
765 763 1100 846 consequi,
1146 760 1264 828 sed
1307 763 1505 828 unius
1549 760 1680 827 Dei
1741 762 2153 845 beneplacito
2208 783 2364 827 con-

406 851 566 916 ferri
610 849 846 932 quibus
889 850 1030 932 ipse
1071 846 1273 915 velit?
1339 849 1528 915 Haec
1966 848 1979 861 '

407 943 584 1013 runt,
629 934 846 1019 palam
895 933 1363 1001 discessionem
1420 933 1503 999 ab
1546 933 1926 1020 Augustino
1967 934 2183 999 facere
2226 934 2364 1018 pri-

407 1043 595 1087 mum
638 1022 920 1106 cogitur:
976 1020 1214 1087 deinde
1256 1019 1559 1099 ostendit,
1587 1020 1638 1105 ¹)
1681 1020 1993 1104 qualiter,
2039 1017 2171 1086 Dei
2214 1039 2366 1104 gra-

406 1109 573 1174 tiam
617 1128 756 1172 non
800 1105 1213 1192 abnegando,
1258 1106 1574 1174 solvenda
1616 1105 1753 1171 sint
1793 1103 1908 1170 1110
1949 1111 2364 1190 argumenta,

407 1216 576 1280 quae
631 1194 1021 1278 perplexum
1075 1194 1530 1278 Augustinum
1583 1192 1928 1258 tenebant:
1984 1212 2254 1276 nempe,
2311 1192 2368 1256 si

407 1281 902 1347 conversionem
958 1279 1321 1345 dixerimus
1379 1300 1522 1346 esse
1563 1278 1695 1344 Dei
1738 1278 2013 1357 donum,
2071 1277 2190 1343 sed
2233 1297 2367 1342 non

407 1368 734 1445 converti,
794 1367 925 1432 nisi
987 1366 1101 1450 qui
1160 1364 1370 1431 libero
1433 1363 1703 1430 arbitrio
1766 1363 1834 1429 id
1889 1370 2366 1448 promerentur.

403 1452 982 1521 Perseverantiam
1022 1452 1329 1517 similiter
1368 1451 1502 1518 Dei
1544 1471 1687 1517 esse
1731 1449 2003 1516 donum:
2047 1446 2164 1515 sed
2207 1470 2367 1532 pen·

406 1541 566 1608 dere
621 1560 755 1605 non
810 1539 1029 1604 minus
1086 1559 1170 1602 ex
1221 1537 1507 1603 homine.
1526 1539 1583 1618 ²)
1671 1536 2047 1620 Utrumque
2101 1533 2369 1600 demum

404 1626 852 1711 superioribus
895 1625 1151 1690 meritis
1191 1622 1484 1707 rependi.
1539 1624 1647 1690 Ita
1689 1623 1899 1689 tribus
1933 1622 2152 1690 verbis
2188 1621 2369 1687 omni

405 1734 481 1779 se
534 1711 920 1778 difficultate
973 1710 1225 1776 liberat.
1316 1708 1454 1776 Sed
1507 1710 1566 1776 si
1619 1716 1757 1775 tam
1801 1709 2050 1794 apertis
2095 1708 2367 1775 crassis-

402 1821 534 1900 que
578 1799 829 1864 deliriis
872 1797 1189 1862 lectorum
1231 1796 1454 1863 oculos
1497 1796 1859 1881 perstringi
1901 1816 2091 1880 posse
2126 1801 2404 1878 sperat,·

401 1886 606 1952 nimis
651 1906 720 1950 se
778 1883 1036 1966 decipit.
1121 1883 1269 1968 Ego
1323 1892 1499 1948 certe
1552 1902 1688 1948 non
1733 1882 1862 1949 alio
1906 1879 2098 1948 modo
2142 1880 2370 1946 confu-

403 1979 552 2037 tare
596 1971 828 2049 statui,
885 1988 1085 2053 qnam
1139 1970 1214 2034 in
1250 1966 1542 2034 medium
1580 1966 1992 2052 proferendo.
2080 1963 2368 2047 Quando

402 2079 605 2123 nemo
660 2064 801 2122 tam
853 2055 1055 2122 hebes
1108 2053 1540 2139 stupidusque
1597 2056 1750 2135 erit,
1807 2053 1924 2138 qui
1965 2073 2101 2118 non
2153 2054 2370 2136 primo

404 2146 633 2213 statim
681 2149 952 2226 aspectu
995 2163 1036 2207 a
1078 2148 1266 2206 tanta
1306 2140 1710 2207 absurditate
1753 2140 2121 2206 abhorreat.

585 2228 886 2295 Tandem
930 2249 1014 2293 ex
1056 2227 1217 2295 locis
1261 2249 1303 2292 a
1341 2247 1450 2293 1110
1493 2227 1709 2293 citatis
1747 2247 1960 2292 unum
1990 2222 2374 2310 aggreditur

402 2320 484 2383 in
527 2338 659 2401 quo
703 2315 1060 2398 speciosam
1104 2310 1542 2379 maledicendi
1594 2333 1862 2380 cansam
1903 2319 1973 2377 et
2015 2311 2376 2395 spatiosum

403 2402 792 2469 exsultandi
834 2421 1141 2483 campum
1184 2398 1428 2466 habere
1455 2398 1598 2473 ,sibi
1639 2397 2006 2465 videbatur.
2094 2396 2371 2463 Retule-

398 2511 557 2556 ram
596 2489 757 2554 haec
783 2486 1144 2572 Augustini
1180 2483 1383 2552 verba
1421 2506 1589 2569 quae
1614 2506 1799 2551 nunc
1819 2483 2193 2552 subiiciam:
2238 2490 2372 2548 tes-

398 2583 592 2641 tatus
635 2581 890 2652 tamen,
946 2594 1052 2637 me
1096 2572 1381 2655 carptim
1424 2572 1760 2656 excepisse
1813 2569 2186 2654 compendii
2230 2576 2370 2634 stu-

397 2662 537 2741 dio,
584 2681 753 2745 quae
795 2659 893 2725 rei
934 2678 1260 2723 summam
1317 2661 1468 2736 [pag.
1511 2662 1661 2737 235]
1707 2654 2369 2740 comprehenderent:

398 2747 720 2815 Gratiam
761 2743 1159 2829 persistendi
1199 2745 1275 2808 in
1319 2744 1489 2810 bono
1533 2742 1723 2810 Adae
1764 2744 1971 2810 fuisse
2015 2741 2268 2821 datam,
2313 2740 2372 2806 si

396 2832 615 2900 vellet
630 2857 647 2913 ;
691 2832 884 2898 nobis
928 2829 1105 2910 dari,
1154 2836 1234 2895 ut
1277 2829 1592 2909 velimus,
1634 2850 1710 2897 ac
1755 2830 2093 2895 voluntate
2135 2847 2371 2895 concu-

394 2921 796 3005 piscentiam
850 2936 1256 3001 superemus.
1333 2914 1670 2982 Habuisse
1714 2937 1872 3000 ergo
1914 2914 2106 2980 illum
2158 2932 2370 2997 posse,

394 3008 458 3073 si
518 3005 728 3072 vellet
737 3028 753 3084 ;
809 3002 926 3070 sed
980 3023 1119 3068 non
1161 3000 1363 3080 velle,
1418 3008 1499 3067 ut
1549 3008 1796 3086 posset:
1854 3002 2042 3067 nobis
2087 3008 2157 3065 et
2199 2998 2374 3066 velle

394 3092 571 3172 dari,
609 3100 677 3158 et
703 3110 912 3176 posse.
966 3088 1310 3155 Hactenus
1335 3086 1622 3154 fideliter
1642 3111 1749 3154 me
1786 3087 2091 3154 retulisse
2132 3107 2371 3170 agnos-

393 3180 494 3249 cit
516 3178 833 3263 Pighius:
869 3182 1208 3259 utcunque
1244 3173 1744 3260 tergiversando
1777 3175 2119 3242 involvere
2155 3171 2374 3238 adhuc

392 3273 683 3334 conetur
739 3273 881 3329 tam
937 3262 1188 3330 claram
1232 3261 1601 3327 veritatem.
1690 3260 1951 3326 Verum
1994 3258 2152 3344 quia
2204 3255 2374 3322 addo

389 3352 721 3422 continuo
763 3356 916 3433 post
958 3349 1244 3415 alterum
1286 3348 1676 3426 membrum,
1721 3347 2004 3430 primam
2046 3346 2252 3411 fuisse
2295 3342 2375 3408 li-

388 3438 763 3515 bertatem,
816 3455 1008 3519 posse
1061 3455 1196 3499 non
1253 3452 1554 3516 peccare:
1608 3445 1904 3500 nostram
1948 3452 2103 3498 vero
2157 3431 2370 3496 multo

386 3525 745 3602 maiorem,
787 3542 927 3587 non
970 3541 1158 3604 posse
1201 3539 1499 3602 peccare:
1547 3519 1656 3585 hic
1692 3527 1960 3586 strenue
2003 3538 2109 3582 me
2143 3516 2371 3602 flagel-

385 3611 524 3692 lat,
588 3615 906 3692 tanquam
953 3605 1235 3672 infidum
1287 3612 1486 3689 atque
1538 3605 1910 3671 falsarium:
1966 3611 2042 3669 ut
2106 3605 2218 3686 qui
2287 3603 2371 3669 ad

383 3702 826 3783 praesentem
868 3700 1249 3759 sanctorum
1292 3697 1538 3756 statum
1553 3743 1569 3770 ,
1616 3691 1790 3776 quod
1835 3689 1918 3758 de
1960 3691 2182 3756 futura
2225 3696 2374 3774 post

383 3782 958 3850 resurrectionem
1012 3776 1381 3844 conditione
1433 3777 1684 3843 dictum
1726 3785 1900 3858 erat,
1955 3777 2370 3842 transferam.

379 3867 738 3955 Equidem
799 3886 936 3932 non
997 3864 1274 3944 infitior,
1334 3864 1477 3929 eius
1491 3916 1508 3944 ,
1582 3886 1781 3948 quam
1842 3864 1979 3931 illic
2042 3862 2372 3943 describit,

377 3953 827 4042 perfectionis
872 3951 1428 4034 complementum
1470 3951 1766 4017 nondum
1806 3959 2097 4030 exstare,
2156 3970 2373 4032 nequo

380 4047 561 4107 ante
617 4038 1169 4106 resurrectionem
1223 4036 1624 4120 sperandum
1667 4058 1828 4103 esse.
1912 4035 2170 4102 Verum
2214 4035 2371 4103 hinc

376 4148 536 4193 non
577 4125 939 4203 conficitur,
978 4122 1062 4188 ad
1096 4129 1512 4206 praesentem
1536 4130 1784 4189 statum
1813 4123 1983 4188 nihil
2019 4123 2369 4206 pertinere.

373 4214 605 4280 Nunc
657 4211 834 4275 enim
887 4209 1238 4276 inchoatur
1278 4210 1350 4273 in
1407 4210 1679 4288 sanctis,
1743 4208 1918 4292 quod
1960 4217 2117 4274 tunc
2161 4206 2370 4275 adim-

371 4298 714 4385 plebitur.
816 4295 1013 4361 Hanc
1082 4315 1279 4378 porro
1355 4294 1559 4361 fuisse
1624 4296 1988 4380 Augustini
2057 4302 2367 4373 mentem,

369 4390 756 4452 contextus
801 4383 960 4447 satis
1020 4380 1445 4447 domonstrat.
1534 4382 1902 4465 Postquam
1943 4381 2123 4445 enim
2168 4399 2369 4462 expo-

369 4472 548 4550 suit,
603 4466 1083 4534 firmitudinem
1128 4465 1377 4546 standi,
1436 4488 1603 4551 quae
1647 4487 1828 4533 nunc
1871 4474 1973 4532 est
2015 4466 2087 4530 in
2127 4466 2370 4531 sanctis

368 4554 696 4643 angelis,
754 4553 1124 4636 praemium
1180 4552 1716 4634 perseverantiae
1772 4552 2003 4632 fiiisse,
2061 4552 2372 4635 quoniam

369 4665 550 4712 cum
596 4639 792 4706 malis
835 4638 1004 4723 lapsi
1045 4658 1180 4702 non
1222 4637 1500 4703 fuerint:
1546 4637 1841 4705 eiusdem
1882 4659 2140 4723 quoque
2182 4658 2371 4720 prae-

365 4732 507 4798 mii
558 4726 958 4813 participem
1013 4723 1309 4789 futurum
1365 4723 1702 4790 hominem
1754 4725 1957 4791 fuisse
2012 4723 2372 4808 subiungit,

368 4819 438 4885 si
490 4833 745 4882 eorum
789 4809 1091 4894 exemplo
1132 4808 1208 4875 in
1250 4807 1620 4876 obedientia
1674 4810 2087 4893 perstitisset.
2177 4810 2373 4877 Nunc

369 4898 942 4983 transgressione
999 4917 1121 4961 sua
1174 4915 1446 4979 prorsus
1501 4895 1850 4976 excidisse,
1911 4904 1980 4962 et
2032 4906 2258 4962 tamen
2299 4896 2373 4960 in

363 4991 482 5071 iis,
539 4985 670 5071 qui
711 4982 1096 5061 liberantur,
1137 4981 1384 5049 factum
1428 5002 1572 5049 esse
1607 4981 1854 5049 donum
1893 4981 2162 5068 gratiae,
2207 5003 2374 5066 quae

362 5092 661 5145 merces
705 5069 928 5136 meriti
965 5069 1193 5134 futura
1235 5075 1394 5134 erat.
1416 5069 1476 5153 ⁸)
1554 5068 1664 5135 An
1707 5069 1814 5137 1110
1859 5068 1943 5136 110
1984 5069 2372 5135 immortali·

537 5367 610 5432 1)
658 5364 774 5418 Fol.
814 5361 933 5417 102.
967 5377 1091 5432 pag.
1126 5356 1176 5415 2.
1349 5357 1413 5427 2)
1451 5357 1572 5415 Fol.
1609 5355 1725 5413 108,
1761 5372 1883 5428 pag.
1925 5358 1974 5411 2.

533 5436 607 5500 3)
657 5432 786 5501 cap.
824 5430 907 5485 11.

631 5515 855 5571 odom
887 5529 1070 5586 opera.
1134 5514 1251 5572 Vol.
1297 5513 1395 5572 VI.

1569 854 1919 932 postquam
1959 847 2064 911 illi
2106 847 2364 914 excide-
2468 847 2660 913 nobis
2703 869 2823 932 per
2866 849 3038 915 hanc
3080 849 3212 915 Dei

2468 763 2668 829 tionis
2724 763 3039 829 beneficio
3088 762 3424 845 disputat?
3504 764 3837 829 Rursum:
3894 763 4026 829 Est
4074 764 4320 847 quippe
4364 764 4439 829 in

3302 850 3543 915 ratiam
3587 850 3661 914 in
3700 850 3870 916 bono
3914 849 4290 934 recipiendo
4304 901 4323 930 ,
4372 856 4441 915 et

2471 942 2977 1017 perseveranter
3032 941 3234 1001 tenen
3283 957 3349 1016 o,
3405 956 3542 1001 non
3599 935 3817 1001 solum
3871 956 4062 1020 posse
4107 934 4282 1019 quod
4330 955 4452 1003 vo-

2468 1020 2691 1087 lumus
2706 1071 2722 1099 ,
2782 1041 3018 1086 verum
3059 1022 3263 1087 etiam
3306 1021 3478 1089 velle
3532 1020 3707 1106 quod
3757 1041 4126 1106 possumus.
4212 1020 4449 1088 001111-

2471 1127 2604 1171 nuo
2646 1113 2813 1190 post,
2860 1113 3159 1190 oportere
3204 1108 3557 1193 diligenter
3606 1108 3759 1173 bina
3800 1110 3931 1174 ista
3976 1107 4296 1192 distingui
4315 1159 4332 1187 ,
4380 1120 4449 1173 et

2470 1190 2630 1276 quid
2672 1191 3001 1273 differant,
3046 1193 3404 1278 vigilanter
3447 1195 3750 1279 expendi,
3799 1194 4031 1260 infert:
4075 1214 4272 1278 posse
4312 1214 4448 1259 non

2472 1298 2773 1363 peccare,
2832 1288 2900 1344 et
2941 1299 3079 1343 non
3121 1300 3314 1363 posse
3358 1301 3660 1364 peccare,
3706 1301 3901 1365 posse
3944 1300 4078 1346 non
4123 1279 4326 1359 mori,
4374 1288 4441 1345 et

2472 1386 2607 1430 non
2649 1386 2841 1449 posse
2884 1364 3070 1430 mori.
3151 1363 3342 1446 Quae
3379 1376 3534 1433 sunt
3576 1368 3704 1433 ista
3748 1367 3933 1447 bina,
3980 1367 4112 1432 nisi
4156 1386 4442 1450 quorum

2470 1452 2605 1516 iam
2640 1452 3054 1531 meminerat,
3092 1472 3295 1535 quum
3335 1452 3535 1536 primi
3570 1453 3859 1518 hominis
3898 1458 4050 1533 [pag.
4092 1457 4244 1531 236]
4286 1472 4443 1517 con-

2473 1537 2791 1601 ditionem
2876 1558 2917 1602 a
2991 1547 3221 1603 nostra
3296 1537 3740 1605 discerneret?
3840 1540 4127 1605 Dixerat
4197 1545 4440 1617 autem,

2470 1630 2655 1688 tanto
2698 1622 3019 1689 maiorem
3062 1643 3206 1689 esse
3256 1625 3540 1708 gratiam
3582 1624 3772 1691 nobis
3817 1623 4070 1706 datam,
4130 1624 4289 1709 quia
4331 1645 4451 1709 pa-

2471 1731 2624 1774 rum
2668 1709 2755 1773 sit
2797 1710 3003 1789 nobis,
3063 1707 3390 1792 perditam
3433 1710 3811 1776 libertatem
3853 1731 4247 1795 recuperare
4260 1761 4278 1790 ,
4324 1732 4444 1795 pa-

2473 1816 2628 1861 rum
2670 1794 2761 1861 sit
2803 1794 3103 1879 denique,
3150 1816 3284 1861 non
3328 1817 3518 1879 posse
3556 1798 3698 1863 sine
3740 1796 3876 1876 illa,
3923 1797 4029 1862 vel
4074 1796 4448 1880 apprehen-

2474 1882 2631 1947 dere
2680 1882 2959 1961 bonum,
3018 1882 3127 1948 vel
3190 1902 3582 1965 permanere
3651 1883 3724 1949 in
3778 1883 3977 1964 bon0,
4037 1883 4093 1950 si
4137 1882 4444 1963 velimus,

2474 1969 2605 2034 nisi
2669 1967 2871 2032 etiam
2933 1968 3078 2047 fiat,
3150 1975 3227 2033 ut
3285 1968 3582 2036 velimus.
3614 1970 3665 2053 ¹)
3775 1968 3918 2035 Gur
3971 1990 4129 2054 ergo
4195 1976 4444 2052 postea,

2474 2076 2681 2139 quum
2723 2053 3079 2119 discrimen
3116 2053 3285 2119 illud
3330 2056 3780 2140 prosequitur,
3839 2055 4141 2121 futurum
4181 2061 4451 2138 tempus

2475 2139 2798 2224 usurpat?
2909 2140 3049 2206 Cur
3112 2140 3544 2207 novissimam
3619 2142 3993 2208 libertatem
4060 2141 4198 2207 fore
4266 2139 4447 2222 dicit,

2475 2246 2613 2291 non
2679 2227 2900 2309 potius
2955 2224 3140 2292 esse?
3215 2226 3462 2293 Facilis
3516 2228 3853 2311 responsio
3908 2234 4040 2293 est:
4114 2226 4444 2294 libertatis

2476 2314 2618 2379 eius
2657 2319 2918 2395 partem
2953 2308 3296 2391 duntaxat,
3389 2333 3463 2377 ro
3500 2312 4025 2397 regenerationis
4066 2311 4262 2377 modo
4298 2333 4457 2378 con-

2475 2420 2509 2463 s
2557 2399 2642 2464 ici
2683 2400 2758 2464 in
2799 2397 2926 2464 hac
2968 2396 3107 2463 vita
3116 2421 3133 2476 ;
3191 2399 3310 2464 soli
3359 2419 3468 2463 am
3511 2420 3669 2464 vero
3711 2398 4191 2482 plenitudinem
4240 2418 4451 2482 usque

2615 2483 2792 2549 diem
2847 2483 3342 2550 resurrectionis
3401 2483 3682 2550 differri:
3759 2482 4314 2569 quemadmodum
4386 2490 4457 2549 et

2473 2578 2706 2653 postea
2751 2570 3093 2654 significat.
3169 2569 3418 2648 Primo,
3456 2571 3687 2655 inquit,
3710 2572 3766 2650 2)
3813 2570 4074 2636 homini
4109 2570 4253 2636 sine
4290 2591 4443 2653 pec-

2474 2664 2622 2723 cato
2665 2655 2803 2722 ullo
2842 2653 2996 2720 data
3036 2662 3166 2734 est,
3222 2675 3376 2721 cum
3414 2677 3548 2741 qua
3590 2656 3895 2724 conditus
3938 2665 4069 2737 est,
4130 2655 4441 2723 voluntas

2471 2742 2710 2821 libera,
2780 2750 2846 2807 et
2897 2762 3046 2808 eam
3109 2742 3266 2809 fecit
3328 2744 3581 2809 servire
3634 2751 3930 2827 peccat0,
4001 2749 4232 2809 nostra
4286 2764 4447 2810 vero

2474 2850 2681 2913 quum
2724 2837 2898 2893 esset
2939 2848 3132 2894 serva
3174 2829 3455 2911 peccati,
3500 2828 3783 2895 liberata
3823 2837 3924 2894 est
3964 2851 4085 2913 per
4130 2849 4285 2895 eum
4327 2831 4443 2913 qui

2476 2915 2678 2980 dixit:
2750 2911 2830 2979 Si
2887 2933 3007 2979 vos
3060 2914 3238 2979 filius
3293 2913 3706 2996 liberaverit,
3770 2935 3931 2981 vere
3996 2915 4186 2982 liberi
4255 2916 4440 2982 eritis

2475 3001 2737 3086 (Ioann.
2778 3004 2838 3080 8,
2877 3000 3011 3083 36).
3099 2999 3192 3065 Et
3234 3000 3589 3084 accipimus
3633 3009 3891 3068 tantam
3935 3001 4062 3069 1100
4108 3002 4325 3087 gratia
4370 3002 4452 3066 li-

2473 3088 2822 3168 bertatem,
2868 3093 2948 3152 ut
2989 3086 3290 3171 quamvis
3332 3108 3732 3172 pugnemus,
3779 3087 3939 3154 dum
3982 3087 4090 3155 1110
4134 3088 4449 3168 vivimus,

2475 3180 2706 3241 contra
2748 3173 3309 3257 concupiscentias
3354 3176 3622 3258 peccati,
3669 3195 3803 3240 non
3837 3181 4063 3241 tamen
4100 3174 4278 3240 ultra
4312 3196 4451 3241 ser-

2477 3260 2737 3326 viamus
2788 3265 3081 3343 peccato,
3137 3259 3312 3343 quod
3354 3266 3457 3327 est
3498 3259 3584 3327 ad
3625 3266 3926 3328 mortem.
4012 3261 4196 3346 Ergo
4239 3282 4448 3345 quum

2477 3346 2907 3413 novissimam
2947 3345 3324 3412 libertatem
3365 3347 3504 3412 fore
3548 3353 3846 3429 testatur,
3887 3368 4022 3414 non
4064 3368 4258 3433 posse
4292 3367 4444 3433 pec-

2477 3454 2659 3509 care,
2727 3431 2897 3497 nihil
2953 3430 3164 3512 aliud,
3230 3453 3427 3516 quam
3489 3440 3882 3516 perpetuam
3942 3435 4135 3518 regni
4189 3434 4446 3503 Christi

2476 3520 2763 3604 gratiam
2802 3516 3245 3585 commendat:
3293 3539 3459 3602 quae
3501 3526 3730 3585 tamen
3772 3541 3907 3586 non
3948 3520 4078 3587 nisi
4121 3543 4207 3587 ex
4248 3530 4443 3607 parte

2475 3625 2655 3671 nunc
2689 3605 3176 3670 manifestatur:
3222 3604 3370 3671 ideo
3413 3611 3554 3671 tota
3589 3604 3859 3671 demum
3892 3612 3961 3672 et
3994 3607 4257 3693 integra
4298 3617 4449 3693 post

2476 3692 3030 3758 resurrectionem
3071 3690 3416 3757 constabit.
3506 3692 3601 3756 At
3644 3692 3843 3758 simul
3888 3712 4025 3756 non
4067 3695 4315 3777 patior,
4368 3703 4447 3761 ut

2476 3777 2558 3844 de
2591 3778 2836 3856 futura,
2872 3798 3041 3860 quae
3073 3777 3641 3843 immortalitatem
3677 3785 4009 3862 sequetur,
4044 3780 4448 3863 perfectione

2476 3865 2622 3949 quis
2676 3863 2982 3948 accipiat:
3039 3885 3307 3948 nempe,
3364 3864 3423 3930 si
3467 3864 3613 3948 quis
3670 3886 3748 3930 eo
3803 3863 4068 3930 trahere
4124 3866 4218 3931 sic
4262 3868 4445 3950 velit,

2475 3951 2662 4035 quasi
2706 3950 2791 4016 ad
2834 3948 3009 4015 hanc
3050 3951 3260 4017 vitam
3301 3950 3537 4016 referri
3579 3972 3714 4015 non
3750 3948 3999 4016 debeat.
4065 3951 4280 4018 Porro
4317 3954 4442 4022 hoc

2477 4036 2647 4102 nihil
2690 4035 2872 4102 aliud
2914 4042 3046 4116 est,
3102 4057 3301 4120 quam
3350 4042 3558 4102 totam
3598 4036 4119 4122 regenerationis
4162 4041 4449 4122 gratiam

2474 4122 2585 4189 hic
2641 4120 3128 4206 comprehendi.
3218 4119 3372 4202 Qua
3428 4121 3509 4188 de
3565 4144 3638 4188 re
3694 4143 3962 4188 omnem
4015 4125 4204 4191 nobis
4259 4146 4448 4194 scru-

2474 4208 2709 4294 pulum
2742 4209 2950 4292 ipsius
2984 4209 3097 4273 Au
3225 4209 3350 4273 tini
3381 4209 3598 4275 verbis
3634 4209 3837 4274 eximi
3875 4208 4194 4292 dixeram,
4234 4235 4445 4297 quum

2475 4295 2813 4378 aliquanto
2856 4300 3006 4378 post
3049 4315 3090 4359 0
3134 4293 3272 4359 dat:
3314 4294 3411 4361 ita
3453 4296 3692 4378 spiritu
3738 4303 3965 4362 sancto
4008 4297 4282 4364 accendi
4323 4323 4443 4367 vo-

2475 4379 2802 4446 luntatem
2860 4385 3275 4464 sanctorum,
3335 4389 3410 4445 ut
3472 4380 3619 4446 idco
3659 4383 3943 4465 possint,
3989 4386 4144 4467 quia
4187 4381 4441 4455 sic‘vo·

2475 4467 2655 4546 lunt;
2696 4473 2765 4531 et
2805 4465 2952 4531 ideo
2994 4465 3223 4545 velint,
3259 4466 3417 4548 quia
3458 4474 3771 4551 operatur
3812 4469 3886 4533 in
3926 4469 3951 4534 i
3999 4471 4089 4536 sis
4115 4471 4319 4554 Deus,
4366 4480 4446 4540 ut
4503 4514 4507 4522 ,

2476 4551 2705 4620 velint.
2773 4549 3325 4635 Subventumque
3367 4575 3510 4620 esse
3553 4554 3914 4621 voluntatis
4006 4577 4289 4624 umanae
4332 4560 4440 4626 in-

2474 4637 2804 4718 firmitati,
2870 4646 2949 4703 ut
3005 4638 3220 4721 gratia
3276 4637 3506 4706 divina
3555 4640 4110 4708 indeclinabiliter
4153 4651 4222 4708 et
4264 4644 4443 4713 inse-

2476 4724 2862 4809 parabiliter
2906 4731 3171 4809 agatur:
3217 4731 3310 4804 ut,
3352 4729 3775 4809 quantumvis
3818 4728 4102 4806 infirma,
4147 4749 4284 4795 non
4328 4730 4442 4800 de-

2475 4812 2722 4876 ficeret.
2808 4809 2958 4875 Hac
3002 4811 3329 4876 sententia
3369 4812 3540 4877 nihil
3592 4832 3701 4878 me
3757 4818 3906 4892 [pag.
3946 4818 4098 4893 237]
4142 4815 4444 4885 adiuvari

2477 4896 2726 4981 excipit
2766 4894 3069 4980 Pighius,
3115 4896 3269 4980 quia
3312 4919 3463 4963 cum
3497 4898 3615 4965 illa
3653 4898 3979 4982 superiori
4019 4899 4205 4967 nullo
4250 4905 4446 4970 modo

2479 4982 2844 5050 cohaereat.
2944 4981 3039 5047 Et
3092 5003 3179 5047 ne
3233 4982 3469 5051 facetia
3522 4991 3745 5050 careat
3788 4984 4242 5069 reprehensio,
4298 5010 4442 5057 ma-

2478 5068 2746 5136 cellario
2788 5067 3137 5152 proverbio
3180 5068 3254 5132 in
3297 5091 3405 5135 me
3445 5068 3633 5135 ludit.
3700 5069 3908 5150 Haec,
3953 5070 4186 5155 inquit,
4233 5075 4444 5142 cauda

2477 5154 2564 5220 ad
2628 5155 2835 5220 alium
2886 5153 3178 5220 vitulum
3232 5156 3537 5240 pertinet.
3636 5156 3853 5224 Mirus
3894 5176 4058 5224 vero
4115 5160 4442 5230 carnifex:

2620 5426 2679 5495 1)
2717 5427 2849 5497 cap.
2886 5426 2971 5484 11.
3176 5427 3236 5496 2)
3275 5428 3405 5501 cap.
3440 5428 3524 5484 12.
