4999 6179
603 429 733 495 327
1101 444 1115 453 ·
1930 422 2458 492 RESPONSIO
2505 421 2882 490 CONTRA
2920 421 3336 490 PIGHIUM
4510 419 4636 484 328

2676 613 2959 678 habebit.
3050 610 3244 676 Facit
3288 612 3463 676 enim
3508 632 3628 694 pro
3673 631 3857 675 more
3901 630 4019 675 suo
4063 608 4375 693 Pighius,
4424 606 4637 673 decies

609 724 692 769 ea
752 704 1155 779 deflecteret,
1232 702 1723 785 repudiaretur,
1781 709 2117 784 uteunque
2174 700 2443 766 nomine
2498 721 2570 765 se
2676 721 2816 764 rem
2866 718 3068 764 unam
3125 696 3448 763 iterando.
3539 696 3731 778 Quod
3776 695 3908 761 Dei
3965 694 4278 761 iudicium
4322 715 4453 760 non
4500 694 4636 759 fore

610 789 1005 856 venditaret.
1108 789 1437 867 Verbum,
1483 790 1727 871 inquit,
1774 787 2123 853 obscurum
2167 794 2293 852 est:
2350 787 2569 868 itaque
2674 787 2926 851 iustum
2969 799 3464 861 commemorat,
3521 784 3652 847 nisi
3695 783 3930 865 cuique
3984 781 4219 848 reddat
4276 801 4396 864 pro
4440 781 4637 845 meri-

611 898 698 942 ex
738 876 1050 942 ecclesiae
1106 896 1306 939 sensu
1350 882 1489 939 tota
1533 874 1675 940 eius
1722 873 1966 957 pendet
2011 872 2351 938 certitudo.
2445 876 2568 936 At-
2675 874 2786 937 tis:
2835 869 3216 954 responde0,
3262 870 3436 952 quod
3483 870 3926 954 Augustinus:
3974 868 4119 933 Vae
4165 868 4474 933 universo
4521 866 4640 931 ho-

611 962 724 1044 qui
770 961 1115 1045 putabam,
1170 968 1237 1025 et
1280 961 1373 1026 sic
1419 960 1806 1040 didiceram,
1869 960 2057 1044 prius
2111 980 2229 1024 suo
2274 959 2568 1023 aedificio
2674 958 2935 1022 minum
2977 958 3234 1041 generi,
3293 958 3351 1022 si
3393 956 3631 1021 merita
3674 963 3898 1020 nostra
3941 955 4015 1019 in
4058 952 4409 1020 iudicando
4454 954 4641 1017 Deus

609 1069 755 1113 esse
809 1047 1330 1112 fundamentum.
1422 1048 1730 1112 Testatur
1784 1056 2004 1111 autem
2059 1045 2308 1110 Paulus
2366 1044 2567 1126 (Eph.
2644 1044 3024 1126 expendat.
3117 1040 3314 1122 Quod
3358 1043 3439 1105 ad
3485 1039 3851 1107 mercedem
3898 1042 4166 1119 attinet,
4211 1060 4409 1122 quam
4453 1039 4639 1104 Deus

613 1138 674 1212 2,
714 1134 859 1218 20),
918 1133 1261 1198 fundatam
1314 1154 1456 1198 esse
1511 1133 1850 1199 ecclesiam
1904 1134 1976 1196 in
2034 1131 2365 1209 doctrina,
2437 1152 2570 1194 non
2677 1131 2888 1196 servis
2946 1130 3084 1194 suis
3139 1129 3514 1211 pollicetur,
3574 1127 3808 1192 reddet
3849 1127 4113 1210 quidem
4150 1126 4284 1191 illis
4329 1145 4639 1191 coronam

610 1241 810 1302 quam
877 1217 1001 1283 sibi
1066 1221 1211 1303 ipsa
1273 1220 1745 1301 composuerit,
1814 1218 1931 1284 sed
1999 1217 2444 1301 apostolorum
2508 1224 2575 1280 et
2676 1216 2971 1281 iustitiae
3014 1216 3229 1280 iustus
3273 1214 3488 1279 iudex.
3560 1212 3695 1279 Sed
3737 1214 3861 1278 hoc
3898 1234 4154 1296 666666
4190 1211 4637 1296 quaerendum

609 1307 1104 1388 prophetarum.
1175 1304 1483 1386 Excipiet
1521 1306 1760 1383 forsan,
1809 1305 1980 1370 hanc
2023 1302 2288 1385 quidem
2333 1301 2572 1367 doctri·
2677 1311 2836 1379 erat,
2883 1300 3061 1365 unde
3106 1302 3349 1366 sanctis
3393 1301 3742 1383 proveniat
3781 1300 4060 1377 iustitia,
4107 1320 4277 1382 quae
4320 1307 4483 1362 tunc
4528 1317 4635 1363 co-

610 1412 768 1456 nam
823 1391 1110 1472 priorem
1167 1411 1309 1455 esse
1377 1390 1682 1467 66616816,
1757 1390 1873 1457 8611
1955 1392 2094 1455 6168
2177 1410 2446 1454 8668661
2502 1390 2571 1451 16
2676 1388 3035 1452 ronabitur.
3105 1386 3377 1452 Certum
3425 1394 3648 1451 autem
3693 1394 3812 1462 est,
3857 1385 4025 1449 nihil
4070 1406 4213 1451 esse
4258 1405 4453 1467 quam
4497 1404 4635 1447 me-

612 1477 886 1543 ecclesia
941 1498 1085 1541 esse
1139 1474 1505 1543 fundatum.
1599 1475 1793 1557 Quod
1837 1496 2226 1558 responsum
2281 1495 2403 1539 sua
2457 1473 2571 1538 611-
2621 1478 2626 1579 ff
2677 1496 2828 1537 rum
2871 1474 3002 1538 Dei
3047 1473 3310 1537 donum.
3403 1472 3583 1552 Quid
3629 1492 3785 1556 ergo
3831 1470 3983 1536 inde
4028 1471 4369 1536 hominum
4405 1480 4635 1552 poten·

613 1562 935 1629 surditate
990 1564 1150 1627 satis
1204 1582 1324 1644 per
1379 1584 1450 1627 se
1510 1562 1854 1627 refellitur.
1945 1562 2127 1644 Ergo
2183 1582 2385 1643 quum
2444 1568 2574 1624 sta-
2678 1562 2839 1623 tiam
2883 1558 3176 1642 colligit?

615 1657 831 1727 tuere,
895 1669 1220 1731 quaenam
1284 1649 1372 1712 sit
1423 1669 1582 1712 vera
1639 1649 1942 1725 eeclesia,
2014 1654 2190 1712 certo
2246 1646 2569 1723 volumus,
2621 1586 2627 1739 i
2848 1645 2940 1709 Et
2978 1645 3295 1727 ,quoniam
3329 1643 3411 1708 de
3444 1645 3707 1709 infirmo
3754 1645 4117 1726 scripturae
4152 1641 4476 1726 praesidio
4512 1641 4635 1706 sibi

613 1735 839 1800 valeat
879 1736 995 1798 illa
1039 1733 1293 1800 Christi
1335 1734 1564 1816 regula
1608 1732 1868 1813 (Ioann.
1917 1739 2010 1811 10,
2053 1738 2193 1813 27):
2243 1753 2396 1797 oves
2432 1733 2572 1795 eius
2621 1744 2627 1799 Ι
2678 1732 2851 1795 111616
2894 1731 3195 1797 66686168
3239 1737 3357 1809 est,
3403 1729 3486 1795 ad
3531 1730 3801 1796 solenne
3844 1729 4008 1793 illud
4046 1750 4241 1793 suum
4277 1728 4635 1810 suffugium

614 1842 788 1901 6886,
846 1841 1013 1903 6666
1058 1841 1286 1885 vocem
1332 1820 1471 1884 eius
1526 1820 1814 1884 audiant.
1905 1817 2195 1886 Proinde
2253 1820 2423 1882 sicut
2467 1839 2573 1881 eo-
2622 1832 2626 1903 ξ
2678 1818 2981 1900 protinus
3031 1816 3369 1881 dilabitur:
3420 1817 3514 1882 sic
3559 1815 3941 1900 Origenem,
3988 1817 4080 1881 816
4125 1813 4631 1890 Tertullianum,

611 1905 846 1971 lumna
907 1915 974 1970 et
1040 1908 1531 1970 firmamentum
1579 1906 1910 1971 veritatis·
1942 1904 2089 1970 ideo
2144 1918 2244 1969 est
2300 1902 2574 1969 ecclesia
2678 1904 2770 1968 816
2828 1902 3161 1966 Hilarium
3222 1910 3289 1965 et
3343 1902 3630 1985 reliquos
3696 1902 3998 1967 sensisse.
4092 1902 4374 1977 Verum,
4433 1900 4633 1964 etiam

613 1993 680 2071 (1
724 1993 890 2057 Tim.
930 1996 987 2067 3,
1036 1996 1174 2074 15),
1233 1990 1408 2073 quod
1463 1991 1824 2055 doctrinam
1870 1991 2083 2067 illam,
2132 1991 2198 2054 in
2249 2011 2378 2071 qua
2421 1991 2572 2053 fun·
2621 1936 2627 2051 i
2678 1990 2734 2054 si
2792 1988 3074 2071 astringi
3128 2009 3234 2051 me
3290 2009 3518 2052 eorum
3577 1990 3928 2054 autoritate
3989 1988 4311 2071 ligarique
4365 1987 4460 2051 sio
4518 2006 4632 2067 pa-

611 618 978 700 seripturae
1023 617 1413 682 adhaereret
1428 668 1442 694 ‚
1490 615 1772 682 ecclesia·
1804 621 2216 693 censeretur3
2274 634 2442 696 61166
2486 613 2568 678 611

511 2087 518 2094 “
615 2074 770 2141 11616
813 2084 944 2155 est,
1002 2076 1286 2142 fideliter
1328 2076 1642 2154 custodit,
1698 2077 1796 2141 ita
1838 2097 1974 2141 non
2018 2077 2215 2140 aliam
2261 2075 2575 2140 debemus
2677 2076 2824 2149 tiar‚
2869 2082 2945 2138 ut
2988 2074 3300 2139 derelicta
3341 2076 3708 2157 scripturae
3751 2081 3932 2140 certa
3978 2075 4249 2138 veritate
4293 2073 4361 2135 in
4408 2092 4484 2136 eo
4528 2093 4633 2136 ac-

2678 2160 3029 2244 quiescam,
3075 2159 3247 2242 quod
3288 2159 3420 2224 illis
3456 2161 3672 2226 visum
3708 2161 3907 2225 fuerit
3949 2160 4149 2243 (quod
4184 2180 4308 2224 1166
4341 2160 4633 2223 facturus

2676 2268 2843 2323 sum,
2882 2254 2950 2310 et
2980 2248 3195 2311 facere
3231 2248 3415 2311 nefas
3452 2246 3602 2330 est),
3640 2248 3773 2311 iam
3808 2255 4029 2311 tamen
4067 2251 4215 2324 [pag.
4246 2249 4389 2323 133]
4415 2256 4632 2307 osten-

2680 2331 2764 2408 di,
2808 2351 3008 2413 quam
3051 2332 3456 2396 calumniosa
3497 2332 4039 2413 interpretatione
4095 2352 4324 2396 eorum
4367 2336 4634 2395 senten-

2679 2419 2808 2482 tias
2864 2418 2934 2481 in
2994 2438 3113 2482 nos
3159 2417 3556 2499 detorqueat.
3646 2419 3817 2482 Nam
3865 2416 4037 2500 quod
4082 2417 4339 2495 dicunt,
4385 2417 4634 2481 frustra

613 2184 736 2246 pro
781 2163 1054 2228 ecclesia
1096 2183 1470 2243 agnoscere,
1515 2162 1642 2226 nisi
1687 2163 1759 2225 in
1803 2182 1932 2245 qua
1977 2162 2346 2227 doctrinam
2390 2160 2575 2224 illam

611 2250 998 2332 reperimus.
1112 2248 1257 2313 Hoc
1321 2248 1663 2313 vinculum
1729 2258 1858 2325 est,
1938 2248 2045 2313 hic
2121 2268 2338 2312 nexus
2404 2247 2576 2311 sacri

616 2335 934 2416 coniugii,
1014 2354 1140 2415 quo
1216 2333 1341 2397 sibi
1421 2332 1761 2398 ecclesiam
1818 2333 2127 2398 Christus
2206 2332 2569 2413 copulavit:

614 2440 811 2502 quem
851 2441 1101 2484 nexum
1153 2419 1358 2502 impio
1403 2442 1477 2483 ae
1533 2419 1809 2500 profano
1856 2418 2136 2484 divortio
2182 2418 2573 2499 abrumpere

614 2505 896 2587 Pighius
962 2512 1267 2583 conatur,
1328 2502 1488 2568 dum
1543 2503 1886 2569 ecclesiam
1940 2506 2156 2585 priore
2214 2504 2353 2568 loco
2420 2500 2574 2567 con-
2680 2524 2821 2568 esse
2866 2504 3113 2586 legem,
3150 2504 3290 2568 'nisi
3336 2506 3421 2568 sit
3465 2503 3863 2587 obsequendi
3908 2503 4215 2580 facultas,
4264 2510 4332 2565 et
4374 2501 4631 2577 similia,
4700 2574 4713 2584 ⁶

616 2593 852 2666 stituit,
895 2592 1025 2654 Dei
1071 2600 1292 2653 autem
1337 2589 1702 2653 doctrinam
1749 2589 1833 2653 ad
1876 2590 2152 2655 inferius
2189 2589 2574 2654 subsellium
2676 2589 2841 2654 haec
2884 2590 3120 2652 merito
3165 2589 3570 2667 dicerentur,
3616 2592 3671 2654 si
3718 2591 4000 2655 servitus
4043 2589 4232 2667 11666,
4290 2609 4458 2671 6666
4514 2608 4633 2651 668

616 2677 904 2759 ablegat:
959 2686 1027 2738 et
1080 2695 1226 2739 eam
1284 2674 1583 2757 quidem,
1640 2696 1774 2752 non
1829 2676 1998 2740 sicut
2052 2697 2091 2740 a
2139 2675 2287 2740 Deo
2331 2674 2576 2738 tradita
2622 2670 2628 2775 J
2678 2673 3028 2757 impeditos
3083 2684 3270 2740 tenet
3334 2696 3409 2740 66
3453 2676 3769 2740 virtutem
3827 2679 4071 2751 aufert,
4130 2684 4404 2738 naturae
4450 2676 4636 2750 foret,

581 2770 744 2838 est,
804 2762 994 2825 cuius
1052 2760 1234 2826 clara
1290 2768 1359 2825 et
1410 2760 1756 2841 perspicua
1813 2762 2001 2826 nobis
2047 2768 2261 2826 exstet
2303 2761 2571 2837 veritas,
2679 2781 2810 2824 non
2867 2761 3118 2843 proprii
3176 2761 3338 2825 vitii.
3430 2762 3625 2827 Nune
3679 2782 3835 2828 vero
3881 2782 4089 2843 quum
4152 2760 4333 2825 istud
4378 2779 4638 2842 semper

617 2845 734 2910 sed
776 2845 1059 2928 qualiter
1103 2843 1480 2910 hominibus
1525 2865 1670 2909 eam
1715 2867 2048 2929 exponere
2090 2846 2377 2912 libuerit.
2678 2847 2750 2910 in
2790 2855 3101 2927 promptu
3128 2847 3232 2923 sit,
3279 2845 3596 2929 quidquid
3639 2848 4065 2930 impotentiae
4089 2854 4204 2910 aut
4230 2845 4524 2911 defectus
4567 2847 4635 2909 in
4684 2868 4692 2877 ⁴

787 2930 1042 2997 Verum
1095 2930 1439 2996 attendant
1491 2931 1768 2997 lectores
1823 2930 1907 2997 ad
1961 2932 2245 2997 alterum
2288 2931 2575 2997 hominis
2678 2931 2867 2996 nobis
2910 2940 3027 3006 est,
3072 2932 3303 3014 eulpae
3348 2940 3609 2998 nostrae
3654 2955 3796 2999 esse
3833 2931 4317 3015 imputandum,
4363 2931 4490 2996 hoc
4535 2950 4636 2995 re-

616 3037 891 3083 acumen
950 3017 1270 3082 mirabile.
1357 3016 1530 3081 Nam
1587 3040 1789 3100 quum
1850 3039 1920 3082 86
1976 3018 2165 3082 initio
2211 3018 2573 3100 scripturae
2622 3064 2628 3089 .
2679 3038 2919 3101 sponso
2964 3014 3309 3081 diluuntur
3353 3039 3582 3083 omnes
3623 3019 3774 3083 illae
3818 3019 4211 3085 obiectiones
4254 3037 4331 3082 66
4367 3017 4636 3081 solvun-

615 3103 1009 3170 testimoniis
1064 3115 1294 3170 contra
1342 3124 1462 3168 nos
1506 3113 1810 3169 acturum
1855 3106 2326 3188 proposuisset,
2370 3125 2573 3185 quum
2622 3117 2628 3192 1
2679 3113 2807 3168 tur.
2882 3105 3102 3186 Atque
3146 3105 3241 3168 ita
3285 3105 3484 3170 solvit
3527 3107 3965 3190 Augustinus,
4011 3115 4151 3169 tum
4196 3106 4265 3167 in
4301 3104 4436 3168 illis
4473 3125 4637 3186 quos

615 3191 698 3254 ad
744 3211 897 3254 eum
933 3191 1147 3255 locum
1182 3197 1459 3255 ventum
1496 3199 1612 3262 est,
1651 3192 2060 3273 ingeniosam
2084 3192 2574 3256 excusationem
2624 3197 2627 3206 '
2678 3211 2893 3272 nuper
2936 3192 3237 3255 recensui
3282 3191 3485 3272 libris,
3531 3201 3677 3255 tum
3719 3194 3789 3255 in
3834 3190 4052 3256 libello
4097 3190 4178 3254 de
4222 3190 4636 3255 Perfectione

613 3276 904 3350 invenit,
970 3297 1096 3357 quo
1158 3276 1458 3340 declinet.
1564 3274 1896 3356 Quoniam
1954 3278 2201 3342 scilieet
2256 3277 2573 3340 universa
2622 3323 2627 3348 ,
2680 3276 2986 3341 iustitiae.
3080 3276 3314 3358 Itaque
3365 3277 3492 3340 hoc
3549 3277 3750 3340 nimis
3793 3277 4186 3358 prostitutae
4229 3276 4466 3341 frontis
4514 3287 4633 3348 est,

616 3361 960 3442 scriptura,
1007 3369 1252 3442 quanta
1297 3370 1544 3443 quanta
1585 3371 1707 3439 est,
1753 3363 2007 3428 arbitrii
2044 3363 2413 3429 libertatem
2460 3362 2573 3425 de·
2623 3357 2628 3402 ¹
2681 3362 2883 3444 ipsius
2941 3383 3197 3443 quoque
3243 3363 3608 3445 Augustini
3662 3364 4038 3427 testimonio
4096 3363 4205 3428 hie
4250 3361 4450 3427 abuti.
4542 3365 4637 3426 At

613 3455 959 3510 monstrat.
1062 3447 1233 3510 Nam
1295 3469 1498 3529 quum
1579 3449 1891 3514 universa
1967 3457 2276 3524 testetur,
2348 3447 2570 3511 Deum
2622 3411 2627 3484 Ι
2679 3447 2872 3512 claris
2928 3448 3149 3511 verbis
3206 3458 3436 3531 negat,
3499 3450 3570 3512 in
3615 3470 3690 3512 eo
3747 3450 4001 3531 peccari
4049 3446 4223 3529 quod
4258 3448 4458 3514 vitari
4504 3471 4638 3513 non

613 3532 967 3612 unicuique
1031 3552 1150 3613 pro
1218 3534 1357 3596 suis
1423 3534 1676 3598 meritis
1740 3534 2180 3610 redditurum,
2261 3535 2575 3597 universa
2622 3533 2628 3626 1
2679 3541 2920 3615 potest;
2967 3545 3034 3595 et
3076 3533 3188 3597 ubi
3235 3542 3473 3600 natura
3517 3533 3894 3599 dominatur
3931 3545 4046 3598 aut
4082 3535 4452 3606 necessitas,
4500 3533 4638 3599 illic

567 3685 578 3694 ‚
615 3618 780 3681 bene
827 3617 1092 3681 vivendi
1139 3618 1318 3700 leges
1363 3625 1430 3680 et
1476 3627 1820 3699 praecepta
1862 3621 2221 3696 contineat,
2263 3621 2574 3683 universa
2679 3618 2882 3682 tradit
2923 3619 3204 3687 inveniri
3254 3638 3389 3683 non
3432 3641 3621 3701 posse
3657 3620 3890 3703 culpae
3934 3620 4273 3685 rationem.
4365 3621 4474 3684 Ex
4519 3617 4639 3684 ad-

614 3725 735 3768 nos
793 3705 1093 3767 hortetur
1147 3703 1230 3767 ad
1277 3704 1623 3779 virtutem,
1667 3713 1935 3785 peecata
1986 3705 2357 3786 prohibeat,
2423 3708 2572 3782 [pag.
2680 3725 2872 3768 verso
2928 3704 3272 3782 reclamat,
3331 3707 3578 3771 frustra
3634 3707 3758 3771 sibi
3824 3707 4181 3788 praescribi
4249 3707 4332 3771 de
4398 3706 4641 3770 talium

620 3793 768 3867 132]
817 3808 1058 3870 poenas
1102 3790 1411 3864 minetur,
1458 3795 1710 3853 certum
1748 3796 1850 3854 est
1884 3790 2269 3856 universam
2305 3787 2571 3853 demon·
2678 3790 3028 3868 librorum,
3075 3811 3237 3872 quos
3291 3791 3552 3857 iuvenis
3596 3793 3974 3876 scripserat,
4036 3799 4380 3859 vetustate.
4460 3792 4642 3856 Nam

612 3880 824 3940 strare
867 3874 1059 3939 liberi
1115 3874 1372 3938 arbitrii
1425 3881 1838 3955 potestatem.
1935 3873 2013 3940 si
2057 3875 2437 3939 universam
2482 3877 2576 3938 ita
2676 3884 2744 3941 et
2785 3876 2950 3955 ideo,
2994 3876 3227 3958 inquit,
3255 3877 3306 3958 ¹)
3349 3876 3769 3944 retractanda
3809 3879 4066 3960 suscepi
4108 3899 4257 3942 mea
4299 3899 4515 3961 opera,
4563 3889 4642 3942 ut

611 3960 897 4044 Pighius
951 3959 1290 4043 intelligit,
1348 3959 1534 4041 quasi
1603 3961 1670 4023 in
1715 3960 1838 4024 hoc
1893 3968 2031 4025 tota
2073 3961 2436 4036 incumbat,
2505 3968 2573 4025 et
2678 3983 2801 4028 nee
2843 3984 2948 4026 me
2992 3965 3207 4044 ipsum
3251 3965 3323 4027 in
3366 3965 3672 4029 omnibus
3725 3985 3832 4029 me
3875 3971 4227 4047 sequutum
4272 3964 4474 4030 fuisse
4522 3962 4643 4029 de-

615 4045 738 4109 hoc
805 4053 961 4126 agat
1026 4066 1267 4124 unum,
1334 4045 1628 4110 nondum
1694 4047 1912 4128 prima
1989 4046 2142 4110 fidei
2198 4044 2574 4110 rudimenta
2638 4057 3070 4126 ‚monstrem,
3124 4049 3237 4114 sed
3293 4051 3712 4132 proficienter
3766 4072 3871 4114 me
3916 4050 4253 4132 scripsisse
4307 4050 4639 4128 existimO,

615 4128 859 4194 didicit.
951 4128 1220 4195 Omittit
1263 4131 1444 4194 enim
1488 4132 1905 4213 praecipuam
1963 4141 2032 4197 et
2086 4132 2300 4214 magis
2346 4154 2569 4197 66668-
2677 4155 2810 4198 666
2867 4156 2906 4197 6
2961 4135 3357 4217 perfectione
3413 4137 3717 4218 coepisse.
3818 4135 3997 4200 Huic
4054 4157 4210 4200 vero
4254 4136 4481 4220 Pighii
4524 4158 4641 4202 ea-

613 4217 856 4280 sariam
900 4215 1234 4281 doctrinae
1277 4227 1562 4299 partem,
1620 4238 1786 4299 6666
1831 4220 2082 4301 gratiae
2127 4219 2571 4301 promissioni·
2676 4220 2966 4284 lumniae
3010 4221 3079 4284 in
3126 4220 3727 4286 Retractationibus
3771 4223 3865 4285 sic
3907 4223 4214 4288 occurrit:
4262 4222 4469 4286 Aliud
4512 4232 4644 4298 est,

614 4302 741 4367 bus
785 4303 1185 4367 continetur:
1235 4323 1361 4384 qua
1403 4305 1665 4384 cognita
1707 4303 1877 4367 nihil
1922 4306 2057 4369 suis
2102 4303 2571 4370 obiectionibus
2677 4326 2990 4387 quaerere
3037 4305 3210 4369 unde
3261 4308 3346 4371 sit
3391 4307 3669 4384 malum;
3717 4305 3928 4384 aliud,
3973 4307 4149 4372 unde
4194 4308 4504 4373 redeatur
4551 4307 4647 4372 611

614 4388 832 4453 efficit.
935 4388 1297 4468 Postquam
1354 4389 1531 4452 enim
1587 4411 1705 4452 nos
1755 4390 1822 4453 in
1871 4390 2203 4455 mandatis
2249 4391 2386 4454 suis
2431 4412 2570 4454 am·
2678 4392 3206 4473 pristinum,.vel
3252 4392 3333 4457 ad
3376 4394 3590 4456 maius
3628 4394 4051 4474 perveniatur
4087 4395 4351 4470 bonum.
4417 4393 4645 4459 Paulo

609 4473 842 4540 bulare
906 4473 1103 4537 iussit
1152 4472 1368 4548 Deus,
1423 4476 1751 4539 facturum
1807 4496 1876 4540 se
1932 4476 2259 4558 promittit
2311 4485 2387 4539 ut
2431 4497 2570 4540 am·
2678 4485 2826 4558 post
2890 4479 3048 4541 citat
3103 4478 3227 4543 hoc
3282 4476 3537 4560 pridem
3593 4500 3631 4541 a
3685 4499 3755 4543 se
3800 4477 4072 4544 dictum:
4121 4479 4451 4560 Quoniam
4498 4502 4647 4545 non

610 4559 933 4636 bulemus,
981 4559 1102 4624 hoe
1145 4569 1275 4634 est,
1321 4560 1608 4622 animum
1658 4570 1724 4623 et
1765 4561 1963 4644 pedes
2007 4562 2195 4626 nobis
2241 4562 2569 4626 daturum.
2681 4563 2851 4628 sicut
2904 4573 3136 4646 sponte
3193 4562 3386 4627 homo
3427 4565 3687 4641 cecidit,
3742 4565 3838 4628 ita
3881 4587 4151 4648 surgere
4192 4572 4435 4648 potest,
4482 4587 4648 4648 por-

612 4643 840 4724 Quum
900 4666 1056 4727 ergo
1105 4653 1238 4708 tota
1283 4645 1422 4721 lex,
1465 4655 1808 4728 plascepta
1852 4649 2104 4724 omnia,
2152 4670 2377 4712 omnes
2424 4655 2568 4711 tum
2676 4659 2923 4714 rectam
2978 4649 3167 4713 nobis
3226 4649 3561 4713 dexteram
3618 4652 3743 4714 Dei
3816 4651 4009 4715 firma
4075 4650 4202 4716 fide
4270 4663 4646 4718 teneamus.

613 4731 1138 4810 exhortationes,
1197 4739 1338 4793 tum
1395 4733 1888 4815 castigationes,
1949 4747 2088 4797 tum
2157 4735 2402 4809 minae,
2485 4733 2565 4798 ad
2676 4735 2767 4798 Et
2810 4735 3066 4799 similia.
3155 4736 3248 4798 Et
3292 4744 3512 4799 tamen
3556 4746 3846 4815 excusat,
3885 4736 4052 4817 quod
4100 4759 4184 4802 ne
4229 4738 4322 4802 sic
4365 4738 4649 4820 quidem

611 4816 1078 4897 promissiones
1144 4837 1265 4880 nos
1333 4816 1622 4899 dirigant
1688 4827 1752 4881 et
1796 4822 1980 4902 quasi
2048 4842 2248 4884 manu
2302 4819 2566 4897 ducant,
2619 4865 2624 4894 ,
2678 4831 2918 4896 totum,
2965 4818 3135 4901 quod
3182 4820 3362 4885 dictu
3406 4824 3848 4888 necessarium
3894 4826 4137 4896 fuerat,
4198 4825 4647 4906 comprehen-

613 4901 726 4965 ubi
775 4911 978 4962 totam
1025 4915 1318 4965 nostram
1365 4904 1674 4967 virtutem
1718 4904 1790 4967 in
1834 4906 2114 4970 nihilum
2161 4905 2347 4970 Deus
2393 4906 2567 4969 redi·
2618 4907 2625 4978 i
2676 4905 2860 4969 derit.
2961 4906 3131 4969 Item
3181 4906 3261 4970 de
3310 4908 3722 4974 Perfectione
3794 4909 4107 4973 iustitiae:
4178 4911 4308 4974 Per
4375 4909 4649 4976 arbitrii

616 4988 741 5070 git,
803 4987 927 5049 sibi
985 4990 1358 5068 gratiaeque
1415 5010 1573 5053 suae
1630 5011 1856 5055 omnes
1916 4992 2232 5056 bonorum
2292 5012 2567 5072 operum
2619 4993 2624 5066 Ι
2676 4991 3043 5056 libertatem
3088 4994 3329 5056 factum
3377 5003 3504 5071 est,
3563 5005 3640 5058 ut
3682 4995 3878 5058 homo
3923 5017 4071 5060 cum
4117 5003 4380 5077 peccato
4422 5007 4647 5062 esset:

615 5085 836 5155 partes
892 5072 1345 5151 adscribendO,
1405 5077 1516 5158 qui
1573 5075 1716 5154 lege
1760 5097 1834 5140 66
1890 5079 2251 5158 praeceptis
2297 5077 2568 5139 metitur
2618 5071 2623 5116 ἶ
2674 5076 2785 5141 8611
2831 5077 2962 5140 iam
3008 5079 3300 5160 poenalis
3346 5082 3668 5145 vitiositas
3711 5081 4146 5162 subsequuta,
4195 5103 4277 5146 ex
4322 5081 4651 5148 libertato

617 5158 896 5221 hominis
959 5159 1324 5230 1666116168,
1386 5161 1602 5242 prima
1655 5160 1808 5224 fidei
1877 5161 2204 5225 elementa
2269 5161 2564 5224 nondum
2617 5119 2623 5234 i
2672 5163 2828 5226 fecit
2869 5165 3341 5229 necessitatem.

615 5267 685 5308 se
727 5259 951 5307 tenere
997 5243 1226 5325 prodit.
1319 5245 1712 5327 Quanquam
1757 5248 1824 5310 in
1872 5248 2187 5311 solvendo
2233 5248 2353 5310 hoc
2399 5245 2567 5311 nodo
2618 5241 2622 5282 ²
2673 5287 2851 5294 ----

611 5329 908 5394 nondum
957 5332 1297 5395 immoror:
1344 5334 1496 5412 quia
1539 5332 1732 5414 paulo
1779 5351 1926 5413 post
1971 5333 2184 5397 locum
2230 5334 2568 5415 proprium
2810 5351 2893 5412 1)-
2910 5352 2988 5404 De
3026 5353 3168 5406 bono
3207 5355 3643 5419 perseverantiae
3682 5353 3747 5407 ad
3788 5354 4035 5422 Prosper.
4076 5371 4191 5422 cap.
4232 5354 4297 5406 12
4335 5363 4391 5409 ct
4424 5356 4517 5408 21.
