4999 6179
2070 472 2814 543 PROLEGOMENA.
4172 478 4440 553 xxm·

380 682 562 746 pere,
608 663 736 729 etsi
774 661 964 729 nobis
1006 683 1141 728 non
1174 663 1613 730 iniucundum
1646 664 1835 744 foret,
1877 663 2078 731 11111118
2121 663 2247 755 loci
2290 685 2427 730 non
2471 673 2590 731 est.
2681 666 2786 731 'l'u
2830 685 3006 746 vero,
3053 666 3372 734 benevole
3414 668 3621 735 lector
3635 722 3652 749 ‚
3709 671 3817 737 hie
3860 671 4064 739 habes
4105 670 4431 740 nonnulla

385 792 557 857 qnae
601 773 843 842 Boveti
890 772 1211 841 iudicium
1264 776 1690 855 confirmant,
1748 775 1879 842 alia
1929 797 2098 861 quae
2144 796 2353 843 novas
2408 778 2630 859 potius
2695 778 3006 863 ambages
3062 798 3283 847 creare
3339 778 3678 861 videntur,
3736 782 3971 867 quibus
4026 783 4428 861 extricandis

379 906 514 971 ipsi
554 905 749 969 pares
790 907 925 952 non
968 907 1216 953 sumus.

2034 1268 2447 1356 CAPUT
2531 1271 2781 1355 XIV.

821 1472 1010 1568 DE
1063 1469 1568 1570 LIBERO
1622 1470 2279 1571 ARBITRIO
2337 1473 2876 1573 CONTRA
2932 1475 3560 1575 PIGHIUM.
3679 1471 3970 1573 1543.

695 1674 884 1758 Quae
929 1674 1015 1740 ad
1067 1674 1265 1740 huius
1309 1674 1461 1741 libri
1505 1675 1840 1757 notitiam,
1896 1675 2075 1741 inter
2117 1676 2528 1745 calvinianos
2571 1686 2890 1746 tractatus
2947 1679 3341 1765 longissimi,
3397 1682 3733 1765 pertinent
3748 1736 3763 1761 ,
3812 1686 4037 1767 paucis
4081 1687 4421 1757 absolvere

382 1809 756 1873 possumus.
847 1785 1136 1871 Scripsit
1185 1786 1430 1853 Noster
1482 1786 1657 1853 hanc
1714 1808 1907 1854 suam
1961 1786 2549 1856 Defensionem
2608 1812 2853 1857 sanae
2907 1799 2993 1856 et
3049 1791 3563 1859 orthodoxae
3621 1793 4047 1862 doctrinae
4103 1798 4200 1864 de
4256 1822 4424 1866 ser-

381 1901 656 1969 vitute
700 1906 783 1966 et
822 1898 1316 1965 liberatione
1358 1899 1699 1965 humani
1744 1899 2081 1965 arbitrii
2124 1909 2442 1986 vergente
2501 1923 2676 1967 anno
2726 1907 2889 1968 1542
2937 1912 3166 1969 contra
3209 1904 3468 1970 Alberti
3510 1906 3740 1991 Pighii
3785 1904 4176 1991 Campensis
4215 1910 4420 1978 libros

387 2009 783 2078 decem'De
836 2009 1098 2076 libero
1155 2009 1502 2076 arbitrio
1554 2016 1636 2076 et
1678 2012 1951 2096 gratia
1994 2009 2309 2092 divina,
2366 2014 2480 2096 qui
2524 2013 2755 2079 eodem
2810 2034 2985 2080 anno
3045 2012 3357 2080 Coloniae
3403 2014 3785 2098 prodierant
3837 2017 4158 2086 adversus
4200 2020 4422 2104 ipsum

383 2123 806 2208 potissimum
848 2122 1076 2204 scripti
1121 2129 1189 2187 et
1231 2120 1545 2188 Sadoleto
1589 2120 1801 2190 dicati.
1891 2123 2053 2189 Fuit
2097 2123 2416 2192 Albertus
2460 2125 2741 2210 Pighius
2786 2125 2866 2211 (8.
2912 2125 3204 2211 Ρ188110)
3249 2125 3561 2207 Batavus,
3607 2148 3690 2193 ex
3735 2128 3974 2213 oppido
4018 2130 4316 2216 Campen
4348 2137 4424 2200 in

379 2235 730 2324 provincia
769 2255 937 2317 quae
972 2233 1214 2301 dicitur
1256 2233 1616 2301 Yssellana
1657 2237 1956 2319 superior
2000 2234 2324 2301 oriundus
2369 2242 2568 2320 atque
2611 2235 2857 2304 ibidem
2875 2287 2890 2315 ,
2935 2244 3084 2321 post
3125 2238 3422 2305 absoluta
3476 2239 3763 2305 Lovanii
3807 2249 3875 2306 et
3921 2240 4234 2309 Coloniae
4279 2251 4422 2310 stu-

383 2342 496 2412 dia
536 2345 992 2431 philosophica
1031 2353 1097 2410 et
1138 2345 1534 2431 theologica,
1580 2346 2019 2428 concionator,
2069 2354 2299 2431 postea
2339 2350 2752 2434 praepositus
2796 2357 2866 2414 et
2899 2348 3398 2416 archidiaconus
3444 2348 3528 2417 ad
3572 2349 3642 2416 S.
3692 2350 3963 2419 Ioannis
4007 2355 4294 2422 Traiecti
4339 2355 4424 2421 ad

382 2456 732 2539 Rhenum,
800 2457 915 2523 ubi
970 2478 1047 2523 00
1103 2458 1244 2541 ipso
1287 2460 1612 2542 temporis
1665 2462 2032 2539 momento,
2100 2480 2338 2545 nempe
2394 2480 2452 2525 a.
2515 2459 2575 2526 d.
2624 2459 2747 2526 IV.
2796 2460 2936 2527 Cal.
2984 2461 3126 2527 Ian.
3181 2463 3539 2527 immatura
3595 2467 3807 2528 morte
3848 2483 4200 2549 oppressus
4245 2467 4424 2534 diem

380 2593 583 2640 881118
628 2570 808 2650 obiit,
855 2578 1214 2654 antequam
1258 2563 1523 2637 Calvini
1565 2570 1733 2636 111101
1767 2571 1984 2641 editus
2027 2572 2242 2639 fuerit.
2330 2572 2459 2637 Vir
2509 2574 2689 2638 inter
2741 2594 2893 2639 8808
2939 2582 3007 2637 et
3063 2571 3361 2640 doctrina
3415 2586 3483 2638 et
3534 2573 3848 2640 facundia
3889 2577 4218 2656 eminente,
4276 2577 4422 2647 Ha-

384 2684 692 2751 drianum
737 2656 858 2747 VI.
906 2703 1032 2766 quo
1075 2683 1423 2793 magistro
1450 2703 1611 2751 usus
1669 2682 1885 2748 fuerat
1948 2682 2236 2749 Romam
2281 2691 2629 2768 sequutus,
2691 2703 2732 2748 a
2772 2684 3076 2766 pluribus
3120 2685 3580 2750 Romanorum
3629 2684 4060 2769 pontificibus·
4092 2690 4162 2752 in
4208 2689 4422 2756 consi-

308 2854 319 2863 .
380 2796 549 2862 lium
611 2794 946 2861 adhibitus
1009 2802 1140 2873 est,
1194 2795 1268 2867 in
1327 2793 1607 2879 publicis
1662 2793 1945 2881 negotiis
2002 2796 2380 2879 frequenter
2431 2795 2635 2881 legati
2690 2795 2903 2863 officio
2957 2794 3336 2876 defunctus,
3395 2797 3573 2863 inter
3616 2797 3748 2863 alia
3789 2805 3858 2862 et
3899 2797 4314 2865 Wormatiae
4358 2807 4432 2875 et

393 2908 800 2992 Ratisponae
855 2906 1068 2975 adfuit
1119 2907 1232 2974 ubi
1288 2906 1569 2973 Calvino
1623 2904 1787 2990 κατάξ
1842 2907 2179 2993 πρόσωπον
2248 2908 2688 3003 innotescere·
2731 2909 2960 2992 potuit.
3063 2907 3349 2991 Reliqua
3405 2909 3548 2975 eius
3603 2910 3854 2992 scripta
3908 2911 4315 3003 apologetica
4351 2918 4428 2977 'et

382 3006 713 3105 polemica'
746 3019 856 3085 hie
900 3038 1244 3085 recensere
1288 3024 1420 3083 n'on
1465 3019 1717 3084 attinet.
1806 3018 2118 3104 Elegium
2174 3020 2312 3094 0188
2368 3020 2761 3105 'conscripsit
2817 3032 3188 3105 anonymus
3232 3018 3445 3104 editor
3487 3020 3640 3094 libri
3683 3019 4023 3104 posthumi
4068 3030 4134 3088 et
4177 3023 4446 3108 im'per-'

381 3133 539 3200 fecti
582 3133 688 3199 cui
734 3131 968 3197 titulus
1011 3139 1143 3197 est:
1190 3129 1600 3216 Apologia
1655 3131 1980 3197 Alberti
2022 3131 2311 3216 Pighii
2354 3130 2838 3216 Campensis
2895 3129 3302 3198 adversus
3357 3132 3712 3199 Martini
3764 3132 4073 3198 Buceri
4117 3135 4428 3201 calum·
4533 3163 4542 3170 ·

376 3247 579 3336 nias.
666 3242 944 3311 Ρ8118118
1005 3247 1188 3310 1543.
1279 3241 1470 3325 Quae
1532 3245 1982 3311 controversia
2035 3250 2182 3310 orta
2239 3249 2384 3309 erat
2435 3244 2773 3311 occasione
2827 3242 2981 3311 libri
3037 3242 3118 3308 de
3174 3244 3365 3309 Actis
3419 3245 4021 3328 Ratisponensibus
4080 3268 4120 3310 a
4161 3247 4426 3318 Bucero

375 3327 557 3425 editi.
650 3356 822 3422 Vide
865 3356 1066 3422 etiam
1105 3376 1272 3438 quae
1314 3356 1698 3444 nuperrime
1743 3354 1914 3440 dixit
1950 3355 2036 3421 V.
2083 3357 2169 3421 D.
2215 3355 2694 3443 Linsenmann‚
2738 3357 2810 3421 in
2845 3354 3052 3421 diario
3089 3354 3472 3439 tubingensi
3508 3356 4120 3442 Theologische
4156 3356 4425 3440 Quar-

377 3469 805 3536 talschrift
864 3470 1029 3532 1866
1089 3488 1279 3553 pag..
1272 3472 1420 3533 571
1476 3489 1653 3552 seqq.
1754 3468 1930 3536 Tum
1971 3467 2294 3549 Werner,
2354 3467 2859 3538 Gesehichte
2913 3464 3057 3532 der
3110 3466 3796 3552 apologetischen
3851 3468 4015 3552 und
4077 3470 4425 3554 polemi-

234 3571 245 3578 ”
375 3582 652 3650 seben
692 3581 1129 3648 Literatur
1173 3578 1310 3646 der
1354 3580 1514 3647 0111.
1562 3579 2025 3665 Τ110010810.
2093 3580 2168 3646 Τ.
2215 3576 2337 3648 IV.
2384 3601 2445 3664 p.
2470 3582 2620 3646 275
2658 3602 2708 3646 8.
2753 3581 2883 3648 298
2928 3585 2996 3645 et
3036 3577 3230 3646 Alex.
3280 3576 3691 3659 Schweizer,
3739 3578 3900 3645 Die
3943 3589 4420 3663 protestan-

326 3773 345 3784 .
380 3693 715 3770 tischen
769 3691 1468 3780 Centraldogmen
1521 3693 1604 3758 in
1658 3693 1885 3781 ihrer
1938 3691 2574 3790 Entwicklung
2588 3690 3030 3757 innerhalb
3089 3690 3234 3756 der
3292 3692 3437 3756 ref.
3482 3691 3795 3758 Κ110110
3838 3692 3916 3757 Ρ.
3954 3692 4008 3757 Ι.
4069 3714 4133 3775 p.
4178 3695 4301 3758 180
4335 3715 4422 3760 ss.

378 3789 736 3873 Caeterum
779 3803 1008 3888 Pighii
1070 3802 1358 3869 indolem
1425 3824 1558 3869 non
1611 3772 1956 3888 vulgarem
2013 3803 2217 3870 fuisse
2270 3802 2381 3869 vel
2435 3823 2523 3868 ex
2576 3824 2652 3868 eo
2709 3802 2975 3908 colliges
3031 3801 3204 3886 quod
3270 3822 3423 3868 eum
3475 3779 3797 3870 Calvinus
3854 3801 4133 3904 dignum
4188 3803 4426 3870 habuit

334 3915 345 3924 '
383 3940 607 4003 quem
634 3913 769 3981 tam
836 3915 1065 3999 amplo
1112 3913 1277 3980 libro
1335 3901 1754 3998 peculiariter
1819 3901 2237 4026 confutaret,
2276 3916 2409 3984 imo
2455 3915 2653 3981 etiam
2709 3921 2975 3998 postea,
3036 3913 3351 3982 decennio
3394 3913 3531 3979 1010
3575 3911 3826 3997 elapso,
3891 3895 4106 3979 denuo
4151 3912 4235 3979 ad
4278 3933 4422 3981 eer-

380 4041 609 4099 tamen
653 4033 1040 4112 provocaret
1082 4026 1164 4093 de
1208 4023 1438 4092 eo'dem
1481 4031 1891 4111 argumento,
1937 4032 2016 4091 ut
2058 4048 2176 4091 8110
2218 4025 2359 4093 1000
2400 4016 2789 4094 videbimus.
2879 4026 2974 4092 Et
3016 4021 3288 4110 quidem
3327 4024 3654 4090 concitato
3698 4026 3919 4089 animo
3966 4035 4034 4089 et
4064 4024 4421 4092 festinante

378 4143 636 4210 calamo
681 4164 752 4207 se
784 4143 1003 4207 ‘suum‘
1035 4139 1161 4205 hoc
1204 4155 1368 4224 opus
1413 4138 1789 4205 elaborasse·
1826 4139 1971 4220 ipse
2014 4137 2273 4217 fatetur,
2320 4137 2457 4204 non
2502 4137 2715 4204 sol'um
2762 4137 2864 4202 de'
2889 4129 3187 4224 doctrina
3230 4133 3610 4221 evangelica
3628 4188 3642 4212 ‚
3688 4133 3949 4218 qualem
4000 4129 4224 4201 mente
4271 4157 4426 4203 con·
4447 4125 4472 4146 ⁵
4533 4141 4540 4147 “

379 4261 655 4340 ceperat
701 4261 768 4318 et
817 4253 1185 4335 scripturae
1237 4271 1462 4317 sacrae
1518 4250 1869 4318 autoritate
1922 4249 2379 4315 confirmatam
2432 4248 2745 4329 habebat,
2805 4246 3201 4314 vindicanda
3246 4246 3564 4313 sollicitus
3579 4299 3594 4326 ‚
3655 4243 3771 4311 sed
3815 4246 4015 4310 etiam
4061 4245 4142 4312 de
4187 4247 4425 4315 adver-

380 4368 545 4436 sarii
588 4365 898 4449 superbia
940 4371 1010 4428 et
1068 4359 1346 4446 perfidia
1401 4361 1660 4427 fortiter
1714 4359 2145 4427 retundenda.
2238 4360 2454 4443 Quem
2498 4382 2632 4426 non
2685 4360 2924 4427 iudicio
2969 4357 3126 4424 dicit
3184 4366 3299 4424 aut
3345 4358 3604 4425 delectu
3620 4409 3636 4435 ,
3695 4356 3810 4422 sed
3857 4377 4042 4422 mera
4081 4359 4424 4454 pugnandi

380 4479 659 4546 libidine
721 4477 931 4560 ipsius
987 4472 1068 4541 de
1122 4475 1228 4539 his
1281 4474 1481 4541 rebus
1536 4473 1932 4544 sententiam
1976 4469 2443 4539 confutandam
2488 4473 2851 4555 suscepisse
2869 4522 2884 4550 ,
2943 4481 3139 4555 atque
3198 4468 3359 4536 adeo
3413 4469 3779 4535 insolenter
3835 4479 4103 4553 tamque
4148 4472 4426 4536 effraeni

382 4562 634 4658 'ferocia
677 4588 995 4656 adversus
1039 4607 1276 4671 puram
1320 4587 1582 4671 pietatis
1626 4582 1997 4650 doctrinam
2040 4607 2112 4651 se
2154 4586 2455 4664 iactasse,
2502 4587 2580 4648 ut
2621 4603 2964 4650 occurrere
3009 4582 3226 4665 aliquo
3273 4581 3468 4646 modo
3522 4587 3745 4646 tantae
3791 4579 4079 4647 hominis
4122 4582 4426 4665 petulan-

382 4705 540 4784 tiae,
584 4702 715 4768 nisi
761 4700 1017 4768 Christi
1063 4698 1343 4783 gloriam
1378 4697 1636 4765 silentio
1676 4696 1953 4780 prodere
1997 4696 2225 4775 vellet,
2281 4715 2558 4786 necesse,
2602 4695 2923 4761 habuerit.
3026 4692 3405 4760 Postulasse
3456 4690 3722 4776 quidem
3783 4690 3988 4757 huius
4047 4695 4424 4778 argumenti

383 4799 851 4883 tractationem
906 4811 1056 4896 plus
1088 4811 1437 4893 ‘aliquanto
1477 4819 1546 4876 et
1600 4808 1718 4875 otii
1759 4816 1827 4872 et
1874 4810 2220 4891 temporis,
2274 4808 2389 4874 sed
2444 4829 2648 4892 quum
2693 4805 3145 4873 adversarium
3189 4804 3446 4872 videret
3486 4802 3554 4869 id
3600 4813 3863 4886 captare
3908 4812 4011 4882 ut,
4072 4803 4129 4870 si
4173 4803 4424 4871 diutius

378 4925 770 4998 differretur
802 4924 1175 5009 responsio,
1217 4923 1345 4990 1180
1378 4941 1573 4987 -mora
1612 4919 1701 4988 ad
1741 4919 2153 5004 occupandos
2198 4919 2598 5003 praeiudicio
2637 4916 2922 5003 quodam
2974 4916 3336 4984 hominum·
3353 4917 3617 4982 animos
3643 4914 4063 4994 abuteretur,
4109 4916 4428 4982 maluisse

388 5035 645 5122 aliquid
698 5038 826 5105 cito
882 5035 1041 5102 dare
1082 5035 1192 5103 vel
1244 5034 1469 5099 11111188
1529 5032 1962 5110 elaboratum,
2019 5052 2217 5115 quam
2261 5029 2540 5098 tacendo
2592 5030 2732 5114 pati
2779 5037 2857 5096 ut
2902 5049 3053 5095 cum
3096 5030 3306 5095 bonae
3350 5048 3589 5094 causae
3634 5025 3977 5110 dispendio
4021 5028 4206 5093 1118111
4251 5028 4425 5093 eius-

378 5150 576 5218 modi
617 5149 969 5250 iactatione
1010 5148 1359 5212 frueretur.
1449 5144 1638 5211 Haec
1680 5143 1818 5209 111οε
1858 5151 1932 5210 tu
1974 5163 2130 5211 vero
2172 5163 2336 5209 eave
2378 5143 2750 5228 suspiceris,
2795 5162 2957 5225 opus
3000 5141 3125 5207 hoc
3181 5162 3258 5206 eo
3312 5141 3534 5205 minus
3587 5159 3788 5223 grave
3847 5148 3914 5205 et
3958 5139 4222 5205 doctum
4267 5160 4425 5204 eva-

378 5265 576 5342 nisse,
623 5280 754 5345 quo
796 5260 1031 5325 11181011
1070 5248 1404 5326 celeritate
1446 5255 1951 5342 praecipitatum
1992 5255 2207 5324 fuerit.
2278 5253 2442 5322 Imo
2478 5249 2949 5338 disputationis
3001 5253 3249 5319 fervori
3298 5272 3440 5334 per.
3459 5241 3673 5320 totum
3728 5273 3849 5335 par
3895 5259 3997 5318 est
4047 5227 4424 5334 argumenti

396 5373 634 5442 sedula
678 5381 745 5438 et
790 5390 995 5457 sagax
1036 5369 1404 5455 indagatio,
1459 5368 1779 5452 expositio
1818 5366 2037 5434 lucida
2080 5375 2148 5434 et
2190 5378 2547 5453 apparatus
2592 5365 2914 5450 exegetici
2958 5362 3470 5447 locupletissima
3512 5365 3865 5478 congeries.
3969 5361 4159 5428 Scias
4224 5363 4424 5425 etiam
4479 5385 4486 5394 ·
