4999 6179
424 452 546 513 533

1773 448 2496 518 REFORMANDAE
2544 449 3087 519 ECOLESIAE.

4323 463 4449 523 534

418 637 816 723 frivolasque
860 638 1421 705 caeremoniarum
1484 660 1695 724 nugas
1761 631 2124 705 traductas
2163 659 2381 705 sacra-
2487 661 2636 706 rum
2681 641 2822 707 eius
2865 642 3139 708 curandi
3185 649 3473 728 tempus,
3522 643 3603 709 de
3647 666 3722 710 eo
3768 644 3975 725 vobis,
4021 646 4453 715 invictissime

419 733 798 791 mentorum
844 729 992 804 [pag.
1039 729 1185 803 140]
1226 746 1359 789 non
1395 724 1617 790 minus
1653 724 2056 791 exsecranda
2089 726 2378 809 polluti0.

419 811 801 895 Baptismus
866 810 1092 876 multis
1148 808 1611 877 additamentis
1666 810 2093 877 deformatus:
2164 832 2380 876 sacro-

420 903 646 963 sancta
690 918 844 963 vero
881 918 1086 962 coena
1117 895 1200 961 ad
1240 917 1435 962 omne
1469 897 1869 981 ignominiae
1898 919 2107 982 genus
2142 897 2381 981 prosti-

419 988 590 1048 tuta:
619 991 758 1049 tota
778 982 1010 1067 religio
1035 984 1103 1047 in
1128 983 1410 1048 alienam
1435 1004 1703 1066 prorsus
1725 984 2004 1048 formam
2021 983 2379 1068 degenera-

419 1069 536 1134 vit.
610 1067 686 1135 Si
730 1091 850 1135 nos
894 1068 977 1134 ad
1022 1070 1187 1134 haec
1230 1067 1540 1149 curanda,
1587 1068 2004 1154 negligenter
2038 1068 2381 1135 adiicimus

419 1156 731 1236 animum,
774 1177 910 1220 non
953 1155 1360 1222 obliviscitur
1402 1162 1579 1222 certe
1624 1156 1728 1221 sui
1771 1157 1974 1222 Deus.
2045 1155 2220 1220 Nam
2266 1155 2382 1238 qui

418 1241 723 1306 imminui
770 1263 963 1306 suum
999 1241 1318 1307 honorem
1363 1240 1497 1307 ullo
1539 1241 1730 1309 modo
1770 1262 2122 1326 passurum
2157 1264 2226 1308 se
2264 1262 2380 1305 ne-

507 1336 561 1407 t,
620 1327 940 1412 quomodo
985 1348 1139 1393 eum
1182 1327 1562 1394 labefactari
1607 1336 1671 1394 et
1718 1327 1964 1394 destrui
2009 1349 2129 1411 pro
2172 1327 2379 1392 nihilo

420 1350 727 1479 dillceret?
818 1412 952 1495 Qui
998 1412 1491 1496 dissipationem
1530 1414 1790 1498 populis
1835 1414 2155 1493 omnibus,
2204 1413 2378 1497 apud

418 1520 577 1583 quos
615 1500 925 1566 defecerit
958 1499 1316 1583 prophetia,
1363 1500 1671 1580 minatur,
1717 1499 2041 1584 quomodo
2077 1509 2379 1584 apertum

420 1594 486 1651 et
526 1593 974 1652 contumacem
1017 1585 1512 1669 prophetiarum
1549 1594 2000 1670 contemptum
2043 1587 2217 1652 inter
2262 1608 2380 1652 nos

420 1673 822 1757 impunitum
880 1671 1167 1738 sineret?
1261 1671 1395 1754 Qui
1447 1672 1662 1738 levem
1729 1693 1971 1739 coenae
2026 1694 2184 1739 suae
2237 1693 2378 1737 ma-

418 1758 634 1823 culam
681 1766 816 1823 tam
854 1779 1081 1824 severe
1119 1758 1478 1824 vindicavit
1507 1759 1579 1823 in
1617 1758 2007 1837 Corinthiis,
2054 1758 2378 1842 quomodo

419 1843 604 1910 nobis
647 1850 981 1928 parceret,
1045 1843 1103 1909 si
1145 1865 1290 1909 eam
1334 1850 1434 1909 tot
1477 1844 1781 1911 nefandis
1825 1844 2183 1928 sacrilegiis
2224 1864 2377 1909 con-

419 1953 731 2014 spurcare
774 1930 1157 2015 pergimus?
1234 1929 1367 2012 Qui
1409 1930 1883 2014 prophetarum
1927 1930 2221 1996 omnium
2267 1951 2379 1996 ore

418 2015 503 2083 ad
545 2017 988 2085 ulciscendam
1029 2015 1468 2081 idololatriam
1512 2023 1844 2082 armatum
1878 2038 1948 2082 se
1991 2017 2382 2082 testificatur

418 2110 486 2169 et
529 2103 852 2182 clamitat,
911 2109 1014 2167 tot
1067 2100 1474 2194 idololatriae
1526 2109 1832 2187 portenta
1888 2125 1974 2168 an
2016 2104 2265 2167 intacta
2307 2104 2377 2168 in

417 2188 605 2257 nobis
662 2187 1106 2273 relinqueret?
1206 2189 1300 2254 Et
1354 2195 1527 2254 certe
1582 2211 1717 2254 non
1781 2188 2123 2272 relinquit:
2195 2186 2378 2254 vide-

416 2298 565 2341 mus
631 2277 842 2355 enim,
922 2281 996 2340 ut
1059 2296 1180 2341 nos
1245 2296 1329 2340 ur
1376 2281 1484 2341 eat
1548 2282 1616 2341 et
1675 2275 2062 2359 insequatur
2125 2281 2380 2340 armata

415 2384 638 2428 manu.
711 2363 1063 2428 Turcioum
1109 2383 1286 2427 nunc
1330 2297 1579 2427 {ellum
1625 2361 1919 2427 omnium
1964 2363 2032 2426 in
2077 2382 2148 2427 se
2191 2381 2377 2426 men-

415 2455 515 2515 tes
559 2449 902 2528 convertit,
950 2467 1026 2513 ac
1052 2446 1486 2531 trepidatione
1526 2448 1773 2532 implet.
1840 2446 2084 2512 Merito
2127 2446 2195 2512 id
2233 2447 2377 2531 qui-

418 2535 585 2601 dem.
674 2536 780 2601 De
851 2533 1311 2617 comparandis
1382 2533 1464 2600 ad
1534 2533 1977 2600 resistendum
2035 2532 2378 2617 praesidiis

415 2621 846 2688 consultatur.
935 2620 1019 2686 Id
1061 2641 1315 2705 quoque
1353 2619 1715 2704 prudenter
1752 2621 1826 2685 fit
1869 2641 1945 2685 ac
1986 2618 2373 2685 necessario.

413 2707 868 2773 chtinatione
910 2727 1046 2772 non
1089 2705 1353 2791 vulgari
1398 2727 1560 2791 opus
1606 2727 1750 2773 esse
1795 2705 2084 2772 clamant
2126 2726 2372 2771 omneS.

415 2793 661 2859 Fateor
716 2793 988 2859 nimiam
1055 2813 1197 2859 esse
1261 2812 1395 2858 non
1448 2814 1670 2877 posse,
1740 2792 1934 2858 modo
1991 2814 2076 2858 ue
2123 2793 2377 2857 interea

415 2879 862 2946 restituendae
916 2880 991 2945 in
1034 2900 1232 2945 suum
1291 2881 1537 2944 statum
1594 2878 1904 2946 ecclesiae
1961 2877 2374 2957 consultatiO,

416 2985 584 3047 quae
627 2968 842 3050 prima
885 2986 1030 3031 esse
1072 2965 1291 3046 debet,
1338 2965 1448 3032 vel
1489 2965 1895 3050 negligatur,
1942 2964 2047 3031 vel
2087 2963 2377 3029 retarde-

415 3059 544 3117 tur.
633 3051 797 3118 Plus
841 3051 1020 3118 enim
1088 3050 1247 3118 satis
1312 3071 1649 3117 morarum
1713 3051 2179 3135 interpositum
2245 3051 2374 3116 iam

415 3139 560 3204 fuit.
649 3138 843 3205 Intus
897 3146 1029 3219 est,
1083 3138 1155 3202 in
1211 3137 1577 3204 visceribus
1631 3139 1875 3203 nostris
1925 3137 2180 3206 inclusa
2224 3135 2379 3202 belli

416 3224 650 3291 turoici
694 3225 986 3290 materia.
1077 3224 1249 3289 Eam
1301 3223 1629 3308 imprimis
1685 3223 1915 3288 tollere
1972 3227 2260 3306 oportet,
2320 3221 2378 3286 si

415 3309 665 3376 bellum
684 3311 900 3394 ipsum
933 3309 1215 3377 feliciter
1260 3313 1408 3390 [pag.
1452 3314 1601 3390 141]
1636 3308 2021 3393 propulsare
2058 3307 2377 3391 cupimus.

590 3396 1037 3479 Quamobrem
1149 3397 1355 3462 uoties
1419 3395 1606 3463 vobis
1680 3393 1956 3478 posthac
2020 3393 2184 3460 haec
2249 3413 2379 3460 vox

415 3484 769 3562 occinetur,
818 3482 1095 3549 differen
1143 3504 1257 3548 um
1290 3482 1362 3547 in
1403 3501 1715 3566 praesens
1750 3501 1891 3547 esse
1927 3479 2382 3546 reformandae

412 3569 725 3636 ecclesiae
760 3570 1130 3654 negotium;
1173 3569 1328 3648 fore,
1376 3567 1522 3634 aliis
1556 3567 1927 3647 transactis,
1964 3567 2133 3633 satis
2168 3572 2383 3632 matu·

2487 727 2735 792 Caesar
2833 734 2899 793 et
2980 728 3409 794 illustrissimi
3486 730 3860 814 Principes,
3952 731 4446 800 deliberandum

2486 832 2628 878 esse
2672 815 3131 895 memineritis,
3177 815 3615 899 imperiumne
3659 817 3880 883 velitis
3924 818 4187 902 aliquod
4230 829 4446 904 poste-

2483 898 2576 962 ris
2616 901 2856 964 vestris
2901 900 3287 983 relinquere,
3333 921 3421 966 an
3463 902 3741 968 nullum.
3832 905 4123 970 Tametsi
4159 906 4316 989 quid
4365 906 4446 973 dc

2481 985 2864 1066 posteritate
2938 985 3210 1070 loquor?
3300 987 3444 1052 Iam
3511 989 3718 1067 enim,
3791 989 3979 1056 vobis
4052 990 4444 1070 videntibus,

2484 1071 2878 1136 semirutum
2934 1072 3017 1137 ad
3070 1073 3372 1137 ultimam
3431 1074 3690 1140 ruinam
3736 1075 4028 1140 inclinat.
4121 1075 4319 1158 Quod
4363 1078 4443 1144 ad

2483 1177 2602 1221 nos
2646 1158 2962 1240 pertinet:
3010 1164 3346 1242 utcunque
3394 1180 3496 1226 res
3547 1160 3869 1238 reciderit,
3919 1161 4080 1228 haec
4126 1184 4247 1229 nos
4291 1184 4449 1229 con-

2484 1242 2760 1307 scientia
2798 1265 3058 1328 semper
3081 1245 3435 1311 sustinebit
3476 1246 3542 1309 in
3567 1247 3695 1309 Dei
3742 1255 4114 1332 conspectu,
4162 1249 4336 1333 quod
4380 1259 4448 1314 et

2482 1328 2731 1394 servire
2777 1331 2916 1396 eius
2960 1329 3226 1415 gloriae,
3272 1338 3341 1396 et
3382 1332 3691 1398 ecclesiae
3735 1333 3942 1416 ipsius
3979 1334 4287 1416 prodesse
4331 1357 4445 1401 vo-

2484 1413 2836 1494 luerimuS,
2892 1416 3064 1500 quod
3109 1416 3392 1482 fideliter
3444 1419 3934 1485 incubuerimus
3977 1420 4046 1484 in
4091 1442 4238 1485 eam
4280 1442 4444 1500 rem,

2485 1498 2659 1583 quod
2683 1500 2965 1585 denique
2987 1503 3331 1568 fecerimus
3355 1512 3675 1586 quantum
3710 1505 3783 1569 in
3816 1504 4003 1570 nobis
4038 1513 4198 1571 erat.
4270 1507 4446 1572 Nam

2483 1607 2616 1651 non
2661 1586 2975 1653 aliorsum
3024 1596 3353 1671 spectasse
3408 1596 3681 1655 conatus
3736 1597 4027 1669 nostroe,
4088 1599 4445 1676 nostraque

2483 1673 2705 1737 omnia
2742 1673 2977 1753 studia,
3022 1674 3149 1758 ipsi
3183 1676 3468 1758 primum
3504 1674 3692 1742 nobis
3730 1698 3954 1743 sumus
3988 1678 4147 1743 satis
4185 1680 4443 1756 conscii,

2483 1764 2553 1823 et
2607 1758 2675 1824 id
2728 1758 3084 1825 luculentis
3135 1760 3526 1826 testimoniis
3581 1770 3656 1826 ut
3713 1769 4028 1829 testatum
4072 1763 4268 1843 foret,
4320 1761 4441 1829 'de-

2483 1841 2699 1911 dimus
2742 1866 3025 1928 operam.
3115 1847 3209 1932 Et
3252 1854 3426 1912 certo
3481 1868 3685 1930 quum
3740 1847 3925 1913 nobis
3970 1857 4253 1928 constet,
4313 1848 4445 1915 Dei

2482 1931 2823 2014 negotium
2881 1932 2990 1997 hic
3044 1953 3164 1998 nos
3218 1938 3285 1996 et
3338 1953 3569 1998 curare
3629 1942 3695 1998 et
3749 1953 3973 2019 agere,
4044 1935 4264 2018 ipsum
4320 1935 4444 2000 sibi

2481 2017 2790 2100 operique
2845 2038 2964 2082 suo
3017 2018 3291 2083 minime
3345 2015 3726 2083 defuturum
3773 2019 4182 2086 confidimus.
4274 2021 4443 2086 an-

2483 2108 2717 2183 terum,
2765 2103 3236 2188 qualiscunque
3280 2104 3496 2169 exitus
3542 2104 3694 2183 erit,
3745 2127 4080 2190 nunquam
4134 2128 4254 2172 nos
4299 2127 4442 2172 coe-

2480 2188 2688 2271 pisse,
2754 2197 2871 2254 aut
2933 2189 3064 2255 huc
3132 2209 3340 2272 usque
3457 2211 3792 2273 regressos
3852 2212 3995 2256 esse
4064 2193 4440 2275 poenitebit.

2481 2273 2686 2340 Nobis
2744 2275 3015 2358 spiritus
3065 2282 3332 2342 sanctus
3431 2276 3719 2341 octrinae
3773 2281 4036 2342 nostrae
4088 2277 4299 2344 fidelis
4344 2287 4446 2343 est

2482 2382 2558 2426 ac
2614 2369 2833 2426 certus
2887 2361 3094 2427 testis.
3185 2358 3479 2439 Scimus,
3536 2365 3839 2446 inquam,
3908 2383 4050 2428 esse
4106 2371 4439 2429 aeternam

2482 2446 2612 2512 Dei
2653 2448 3007 2512 veritatem
3037 2468 3235 2531 quam
3272 2445 3739 2531 praedicamus.
3810 2448 4257 2514 Ministerium
4291 2470 4442 2515 nos-

2481 2540 2659 2597 trum
2706 2540 2782 2598 ut
2821 2533 3072 2598 mundo
3116 2534 3203 2599 sit
3247 2533 3552 2612 salutare,
3598 2542 3900 2617 optamus
3944 2533 4226 2617 quidem,
4273 2535 4444 2599 sicut

2479 2638 2602 2702 par
2646 2625 2772 2684 est:
2844 2640 3080 2685 verum
3134 2625 3209 2683 ut
3255 2617 3318 2684 id
3381 2640 3886 2701 consequamur,
3946 2621 4073 2685 Dei
4113 2625 4213 2685 est
4249 2640 4441 2704 prae-

2480 2713 2674 2784 stare,
2719 2726 2853 2771 non
2897 2711 3216 2770 nostrum.
3308 2703 3387 2770 Si
3430 2706 3527 2770 ita
3567 2713 3859 2771 meretur
3903 2726 4158 2785 eorum,
4204 2706 4442 2789 quibus

2477 2790 2793 2873 prodesse
2836 2791 3154 2875 cupimus,
3199 2791 3438 2874 partim
3476 2793 3896 2869 contumacia,
3943 2792 4183 2874 partim
4220 2793 4442 2876 ingra-

2479 2876 2714 2957 titudo,
2762 2882 2909 2957 [pag.
2963 2882 3108 2958 142]
3154 2887 3231 2941 ut
3273 2875 3616 2960 desperato
3660 2878 3983 2960 profectu,
4028 2878 4253 2943 omnia
4295 2899 4442 2961 pes-

2480 2985 2628 3028 sum
2674 2970 2858 3043 eant,
2914 2962 3156 3042 dicam,
3215 2961 3388 3047 quod
3445 2962 3710 3028 homine
3767 2963 4125 3029 christiano
4170 2962 4445 3048 dignum

2481 3055 2608 3115 est:
2671 3048 3116 3130 subscribent,
3173 3050 3544 3133 quicunque
3589 3048 3741 3116 huic
3795 3057 3931 3115 tam
3987 3055 4249 3115 sanctae
4289 3070 4441 3133 pro-

2481 3135 2747 3201 fessioni
2789 3134 3185 3219 respondere
3218 3135 3468 3203 volent:
3515 3135 3888 3200 moriemur.
3964 3133 4099 3201 Sed
4129 3135 4198 3200 in
4231 3142 4444 3201 morte

2481 3241 2740 3305 quoque
2783 3220 3064 3287 victores
3108 3221 3380 3289 erimus:
3427 3241 3560 3286 non
3595 3219 3788 3285 modo
3827 3219 3999 3304 quod
4034 3219 4188 3286 inde
4224 3229 4444 3288 certus

2483 3304 2567 3371 ad
2625 3306 2965 3373 meliorem
3021 3307 3227 3372 vitam
3284 3307 3604 3372 transitus
3658 3306 3846 3372 nobis
3904 3307 4056 3386 erit,
4122 3305 4237 3373 sed
4293 3309 4446 3391 quia

2485 3392 2879 3477 sanguinem
2936 3398 3266 3472 noem,
3339 3391 3424 3457 ad
3476 3391 3971 3477 propagandam
4036 3391 4221 3458 illam
4276 3414 4443 3476 quae

2486 3498 2666 3545 nuno
2713 3477 3052 3562 respuitur
3104 3478 3232 3544 Dei
3273 3476 3643 3556 veritatem,
3683 3479 3952 3545 seminis
4007 3480 4225 3545 instar
4258 3480 4442 3545 futu·

2486 3585 2637 3630 rum
2681 3584 2823 3631 esse
2867 3563 3127 3631 scimus.

2214 4059 2645 4128 FINIS.

3938 5459 4040 5515 34*
