4999 6179
638 443 855 513 XXX
1826 438 2378 509 TRAOTATUS
2423 436 3015 506 THEOLOGICI
3059 435 3506 505 MINOREs.

2267 882 2679 969 CAPUT
2744 881 3037 965 XVII.

1139 1092 1327 1188 DE
1386 1089 2023 1188 VITANDIS
2080 1084 3381 1187 SUPERSTITIONIBUS.
3480 1027 4183 1175 1543—1550.

952 1295 1096 1361 Sub
1139 1295 1261 1359 hoc
1296 1293 1486 1359 titulo
1534 1292 1731 1377 vulgo
1775 1293 1959 1357 venit
2000 1314 2135 1358 non
2180 1291 2538 1375 singularis
2578 1289 2816 1372 aliquis
2861 1287 3123 1355 Calvini
3165 1287 3362 1367 liber,
3409 1288 3527 1354 sed
3571 1287 3863 1355 collectio
3909 1286 4232 1371 quaedam
4274 1287 4564 1373 plurium
4610 1296 4676 1354 et

639 1409 1053 1475 diversorum
1095 1408 1519 1489 scriptorum,
1583 1425 1863 1488 quorum
1908 1403 2036 1469 alia
2087 1403 2282 1486 paulo
2335 1402 2606 1468 maioris
2650 1408 2809 1466 sunt
2854 1399 3167 1480 ambitus,
3230 1400 3361 1466 alia
3402 1420 3623 1466 merae
3669 1399 3752 1465 ad
3797 1400 4089 1483 privatos
4134 1399 4440 1466 homines
4484 1398 4672 1465 datae

636 1520 970 1605 epistolae,
1014 1520 1252 1603 quibus
1298 1515 1582 1601 denique
1641 1514 1961 1582 accedunt
2015 1515 2294 1580 aliorum
2348 1535 2604 1597 quoque
2654 1514 2943 1579 virorum
2986 1513 3258 1579 consilia
3301 1520 3369 1578 et
3421 1532 3754 1596 responsa.
3844 1510 4075 1595 Neque
4132 1532 4264 1577 uno
4318 1510 4671 1595 eodemque
4730 1500 4738 1509 ⁰

636 1633 857 1699 omnia
899 1637 1195 1714 tempore
1238 1636 1512 1695 exarata
1556 1628 1665 1694 vel
1706 1627 1884 1693 edita
1927 1634 2118 1703 sunt,
2185 1626 2300 1692 sod
2345 1625 2425 1691 ab
2488 1645 2662 1690 anno
2713 1629 2876 1688 1543
2921 1623 3004 1689 ad
3056 1629 3218 1688 1549
3275 1624 3610 1709 sigillatim
3656 1623 3762 1688 vel
3817 1623 4025 1689 literis
4071 1622 4178 1688 vel
4236 1623 4435 1689 etiam
4492 1624 4672 1707 prelo

638 1744 954 1810 mandata
1015 1741 1283 1810 tandem
1339 1742 1410 1805 in
1470 1762 1677 1805 unum
1733 1759 1968 1822 corpus
2032 1736 2296 1805 redacta
2360 1736 2761 1821 prodierunt.
2862 1736 2969 1801 De
3021 1746 3412 1821 argumento
3467 1758 3600 1800 non
3657 1744 3759 1801 est
3811 1735 3982 1818 quod
4047 1735 4346 1818 pluribus
4402 1756 4671 1821 agamus

639 1877 843 1941 quum
885 1855 1064 1921 idem
1106 1853 1274 1919 illud
1318 1853 1437 1932 sit,
1493 1852 1663 1935 quod
1708 1853 1841 1916 iam
1886 1857 2040 1916 ante
2082 1851 2386 1934 Epistola
2426 1848 2512 1914 ad
2550 1848 2899 1915 Nicolaum
2944 1847 3033 1914 du
3073 1848 3358 1914 Ohemin
3416 1847 3663 1931 scripta
3706 1854 4106 1913 tractaverat
4149 1846 4422 1927 Noster,
4477 1869 4673 1932 quam

638 1989 814 2035 anno
859 1970 1018 2031 1537
1064 1966 1136 2030 in
1193 1964 1529 2047 publicum
1573 1964 1755 2028 exire
1809 1963 2030 2041 iussit,
2090 1982 2131 2027 a
2182 1960 2372 2027 nobis
2418 1960 2759 2025 Volumini
2801 1968 3029 2026 nostro
3079 1958 3375 2043 Operum
3420 1961 3561 2024 eius
3606 1959 3835 2042 quinto
3881 1980 4025 2043 pag.
4071 1962 4195 2023 239
4234 1980 4411 2043 seqq.
4459 1961 4671 2026 inser-

638 2088 799 2147 tam.
888 2079 1139 2144 Verum
1199 2077 1280 2142 de
1338 2075 1671 2142 volumine
1728 2096 1846 2140 seu
1901 2081 2324 2160 syntagmate
2377 2074 2553 2157 ipso,
2613 2072 2882 2155 eiusque
2941 2071 3196 2156 origine
3251 2077 3317 2136 et
3371 2073 3528 2137 fatis
3546 2123 3561 2151 ,
3587 2080 3758 2161 ‚tam
3801 2069 4105 2150 obscure,
4152 2072 4285 2137 imo
4325 2082 4466 2137 tam
4507 2072 4670 2139 false

646 2190 959 2256 dixerunt
1022 2200 1089 2253 et
1156 2193 1414 2254 veteres
1467 2194 1536 2252 et
1587 2187 2015 2265 recentiores,
2074 2194 2154 2252 ut
2205 2184 2399 2268 paulo
2458 2184 2784 2250 curiosius
2847 2183 3004 2267 quid
3061 2184 3160 2250 rei
3224 2185 3313 2250 sit
3367 2183 3685 2269 indagare
3747 2192 3814 2248 et
3887 2184 4099 2250 fusius
4160 2182 4281 2248 tibi
4345 2205 4673 2268 exponere

642 2310 957 2387 oporteat.

949 2411 1256 2478 Primum
1299 2410 1521 2493 accipe
1563 2430 1731 2492 quae
1773 2410 1951 2474 Beza
1993 2416 2062 2475 et
2104 2407 2533 2488 Oolladonus,
2581 2408 2759 2475 vitae
2804 2405 3069 2474 Oalvini
3113 2409 3494 2491 scriptores,
3539 2407 3668 2475 hue
3710 2409 4078 2491 spectantia
4119 2410 4472 2475 memoriae
4517 2430 4669 2494 pro-

642 2525 944 2592 diderint.
1050 2523 1351 2606 Quorum
1401 2521 1513 2586 ille
1566 2520 1729 2587 haec
1785 2521 1988 2588 habet
2038 2521 2121 2587 ad
2179 2540 2435 2586 annum
2487 2524 2680 2584 1545:
2736 2519 2946 2585 Erant
2995 2524 3143 2584 tunc
3195 2520 3268 2584 in
3316 2518 3556 2585 Galliis
3607 2519 3898 2587 nonnulli
3950 2521 4064 2603 qui
4106 2524 4670 2605 persequutionum

637 2643 803 2705 metu
845 2637 1029 2702 initio
1071 2634 1247 2716 lapsi
1289 2653 1554 2715 eousque
1583 2639 1807 2714 postea
1850 2633 1979 2699 sibi
2009 2634 2262 2715 placere
2305 2637 2627 2716 coeperant
2643 2683 2659 2714 ,
2705 2638 2776 2699 ut
2818 2653 2924 2698 eos
2966 2636 3263 2716 negarent
3301 2650 3564 2713 peccare
3578 2682 3593 2712 ,
3638 2632 3751 2714 qui
3793 2633 3865 2697 in
3908 2652 4124 2698 veram
4166 2633 4528 2717 reliqionem
4569 2636 4670 2702 in-

639 2750 787 2814 tenti
831 2767 1082 2830 corpore
1122 2746 1437 2812 duntaxat
1470 2745 1817 2828 pontificiis
1857 2747 2062 2812 sacris
2105 2747 2487 2811 interessent.
2579 2744 2770 2811 Hunc
2812 2745 3009 2829 iyitur
3039 2742 3658 2826 pemiciosissimum
3700 2763 3972 2810 errorem
4015 2745 4148 2810 iam
4189 2746 4342 2813 olim
4384 2768 4427 2812 a
4458 2750 4669 2830 patri-

640 2861 756 2925 bus
795 2861 1165 2925 damnatum
1213 2856 1517 2923 Calvinus
1532 2908 1547 2936 ‚
1604 2859 1788 2923 cunas
1831 2857 1939 2924 illi
1979 2859 2366 2923 severitatem
2408 2857 2680 2922 nimiam
2719 2877 2851 2923 esse
2893 2855 3314 2921 causabantur
3327 2906 3342 2936 ,
3399 2861 3458 2922 et
3471 2857 3730 2939 -soripto
3773 2856 4079 2922 lucidento
4117 2857 4421 2940 refutavit
4461 2864 4519 2925 et
4558 2862 4672 2928 ad-

639 2973 874 3037 iunctis
928 2971 1431 3035 doctis-simmam
1486 2969 1905 3054 theoloyorum
1919 3020 1935 3049 ‚
1994 2968 2288 3051 Philippi
2330 2966 2859 3047 MelanchthoniS,
2906 2966 3179 3046 Buceri‚
3233 2966 3307 3032 P.
3354 2966 3671 3050 Martyris
3714 2974 3768 3033 et
3810 2969 4098 3035 ecclesiae
4146 2971 4493 3054 Tiyurinae
4533 2994 4670 3039 sen-

639 3084 853 3151 tentiis
896 3083 989 3149 ita
1034 3083 1311 3162 coercuit,
1356 3087 1428 3148 ut
1469 3081 1550 3148 ab
1593 3102 1659 3148 eo
1702 3086 1968 3163 tempore
2010 3082 2154 3164 piis
2207 3079 2491 3147 onmibus
2530 3080 2818 3163 foetuerit
2861 3078 3408 3147 Nicodemitarum
3458 3100 3698 3146 nomen.
3789 3078 3898 3146 Ita
3940 3083 4107 3149 enim
4145 3084 4254 3151 illi
4292 3085 4668 3153 vocabantur

635 3197 748 3280 qui
792 3197 999 3263 errori
1038 3215 1150 3260 suo
1194 3196 1582 3261 sandi-<ssimi
1622 3195 1751 3260 viri
1794 3191 1973 3260 illius
2014 3195 2366 3275 eccemplum
2398 3197 2844 3274 praetexerent.
2932 3192 3042 3257 Ex
3086 3192 3190 3258 his
3233 3191 3449 3258 Bezae
3484 3191 3706 3258 verbis
3741 3192 3994 3276 aliquis,
4031 3197 4164 3262 nisi
4202 3199 4380 3280 ipsos
4413 3199 4666 3268 libellos

636 3309 1031 3392 inspexerit,
1084 3306 1275 3374 facile
1331 3308 1590 3373 efficere
1648 3313 1885 3389 posset,
1931 3327 2161 3371 omnes
2213 3326 2349 3370 uno
2404 3303 2761 3387 eodemque
2801 3312 3096 3388 tempore
3139 3311 3208 3369 et
3251 3304 3517 3388 quidem
3576 3326 3750 3370 auno
3798 3309 3959 3370 1545
4005 3305 4214 3375 editos
4259 3330 4432 3391 esse,
4492 3312 4666 3397 quod

636 3427 865 3487 tamen
908 3428 1229 3504 quantum
1275 3440 1314 3485 a
1356 3439 1513 3484 vero
1556 3418 1729 3484 absit
1771 3439 1927 3483 mox
1971 3417 2358 3482 videbimus

946 3531 1162 3597 Paulo
1216 3530 1586 3597 accuratius
1639 3528 2041 3595 Oolladonus
2094 3527 2350 3595 scribit:
2411 3528 2580 3594 L’an
2642 3532 2827 3595 1545
2881 3528 2933 3593 il
2982 3527 3055 3609 fit
3108 3549 3200 3594 un
3254 3528 3473 3594 traicte
3527 3534 3820 3595 comment
3874 3529 4156 3597 l’homme
4204 3533 4385 3614 fidele
4427 3556 4494 3602 se
4534 3536 4668 3603 doit

631 3663 976 3731 youverner
1018 3648 1187 3709 entre
1232 3642 1321 3708 les
1352 3643 1667 3723 pmstes,
1721 3660 1877 3707 sans
1930 3641 2393 3723 communiquer
2434 3640 2476 3706 ὰ
2520 3640 2692 3705 leurs
2735 3640 3190 3722 superstitione.
3277 3639 3537 3722 Auquez
3588 3645 3677 3707 est
3718 3642 4003 3710 adicus-te
4044 3665 4168 3710 une
4210 3666 4429 3713 excuse
4466 3654 4666 3714 contre

635 3757 725 3823 les
778 3755 1093 3836 repliques
1146 3754 1223 3820 de
1274 3773 1427 3819 ceux
1478 3752 1591 3835 qui
1654 3772 1720 3817 se
1760 3757 2125 3836 couvroyent
2176 3752 2563 3834 faussement
2614 3753 2705 3818 du
2759 3752 2902 3817 titre
2941 3752 3163 3818 cl’estre
3209 3751 3627 3820 Nicodemites
3641 3804 3656 3833 ,
3713 3759 3771 3819 et
3829 3754 4055 3821 l’aolvis
4096 3757 4174 3823 cle
4219 3757 4315 3823 Μ’.
4366 3756 4666 3843 Philippo

637 3865 1092 3944 Melandithon,
1138 3863 1391 3930 Martin
1432 3863 1645 3930 Bucer
1686 3868 1744 3928 et
1791 3862 2018 3930 Pierre
2061 3862 2332 3948 Martyr.
2398 3864 2562 3931 Item
2602 3865 2769 3930 deux
2811 3865 3078 3945 epi-atres
3111 3863 3294 3930 dudit
3340 3863 3564 3930 Calvin
3614 3866 3867 3932 escrites
3908 3865 4043 3933 l’an
4091 3873 4293 3950 1546,
4340 3876 4398 3936 et
4437 3871 4666 3938 l'advis

634 3980 744 4047 des
786 3978 1107 4044 ministres
1147 3975 1224 4042 de
1267 3974 1535 4059 l'Eylise
1575 3976 1650 4041 de
1698 3974 1936 4040 Ζαήοὴ
1978 3995 2095 4040 sur
2137 3982 2290 4042 ceste
2332 3978 2611 4056 manere,
2654 3974 2811 4057 faict
2853 3975 2983 4042 l’an
3031 3980 3231 4042 1549.
3323 3974 3405 4043 Oe
3461 3976 3620 4042 livre
3661 3977 3726 4042 la
3769 3984 4002 4044 esmeut
4042 3980 4353 4065 beaucoup
4398 3984 4474 4049 de
4510 4004 4664 4069 qens

632 4110 709 4156 en
755 4088 1005 4154 Franco
1047 4089 1159 4169 qui
1213 4092 1614 4169 auparavant
1669 4092 1931 4171 estoyent
1987 4089 2303 4155 endor-mis
2352 4109 2419 4156 es
2473 4087 2813 4154 idomas.
2901 4086 3012 4154 Ad
3069 4108 3237 4171 quae
3281 4088 3683 4156 novissimus
3726 4088 3937 4157 editor
3979 4092 4177 4159 Vitae
4218 4115 4258 4159 a
4301 4093 4664 4162 Colladono

633 4201 1070 4283 conscriptae,
1128 4198 1262 4265 Alf.
1306 4198 1639 4264 Franklin
1686 4200 1881 4284 (1864
1930 4220 2078 4284 pag.
2120 4204 2266 4284 61),
2309 4222 2506 4285 quem
2550 4221 2710 4266 sane
2752 4199 2970 4283 ipsum
3013 4201 3322 4266 volumen
3366 4200 3814 4268 calvinianam
3857 4225 4197 4288 nunquam
4241 4226 4444 4274 manu
4491 4219 4663 4275 trac-

631 4319 807 4378 tasse
851 4309 1228 4390 credideris,
1275 4311 1343 4376 in
1390 4310 1927 4376 annotationibus
1970 4312 2107 4377 suis
2143 4314 2448 4391 affirmat,
2487 4312 2651 4378 duas
2685 4310 2833 4376 illas
2870 4311 3135 4378 Calvini
3174 4312 3483 4395 epistolas
3525 4316 3791 4399 proprie
3827 4317 4170 4384 conciones
4205 4339 4424 4386 sacras
4457 4320 4663 4386 fuisse

632 4424 948 4492 Genevae
1004 4422 1441 4506 praedicatas,
1498 4431 1567 4488 et
1621 4443 1790 4507 quae
1849 4422 1959 4490 hic
2022 4422 2332 4490 laudatur
2385 4423 2846 4491 Turicensium
2898 4423 3250 4490 declaratio
3265 4475 3280 4502 ,
3338 4445 3480 4489 eam
3534 4427 3748 4509 ipsam
3807 4448 3949 4494 esse
4008 4450 4174 4512 quae
4228 4431 4351 4497 sub
4395 4432 4662 4499 nomine

630 4534 1098 4602 Oonsensus
1157 4533 1537 4617 Tigurini
1605 4534 1683 4600 de
1751 4556 1823 4599 re
1883 4536 2397 4602 sacramentaria
2448 4557 2584 4601 non
2641 4536 3036 4602 mediocrem
3106 4536 3352 4601 famam
3407 4537 3479 4600 in
3535 4535 3811 4602 historia
3866 4540 4305 4610 ecclesiastica
4356 4544 4658 4611 obtinuit.

628 4646 882 4712 Paulus
927 4648 1128 4712 etiam
1174 4645 1461 4711 Lacroix
1504 4652 1861 4713 tractatum
1905 4644 1988 4712 de
2032 4647 2320 4713 vitandis
2374 4648 2947 4731 superstitionibus
3000 4648 3133 4713 iam
3188 4669 3364 4713 anno
3415 4652 3576 4712 1537
3623 4648 3874 4716 editum
3920 4650 4095 4732 dicit,
4143 4656 4330 4737 quasi
4369 4656 4478 4723 hic
4519 4678 4660 4723 me-

628 4775 775 4821 ram
818 4757 1124 4842 gallicam
1167 4757 1546 4824 versionem
1587 4757 1867 4825 haberes
1910 4780 1994 4824 ex
2040 4759 2245 4824 latino
2288 4758 2649 4845 archetypo
2708 4760 2990 4826 duarum
3032 4758 3486 4843 Epistolarum
3531 4759 3913 4830 derivatam.
4005 4765 4184 4832 Mira
4231 4767 4394 4835 haec
4435 4790 4662 4836 rerum

630 4868 946 4948 confusio,
993 4869 1257 4952 qualem
1304 4889 1344 4933 a
1390 4869 1550 4935 viris
1595 4871 2014 4955 caeteroquin
2061 4892 2194 4936 non
2238 4869 2519 4937 indoctis
2562 4871 2840 4937 minime
2883 4877 3353 4955 exspectasses,
3395 4879 3463 4936 et
3504 4893 3689 4956 quae,
3735 4885 4057 4960 quantum
4091 4879 4357 4947 intersit
4390 4891 4469 4946 ut
4507 4891 4662 4949 tan-

530 5053 549 5068 ,
627 4979 781 5046 dem
823 4979 1176 5063 aliquando
1218 4980 1496 5048 historia
1528 4981 1681 5047 libri
1724 4983 1935 5048 nostri
2000 4981 2086 5048 ad
2136 4982 2459 5067 liquidum
2514 4982 2914 5067 perducatur
2927 5034 2944 5062 ,
3004 4989 3228 5066 aperte
3289 4982 3709 5053 demonstrat.
3798 4988 4031 5074 Itaque
4074 4994 4662 5075 praetermittimus

627 5091 907 5159 aliorum
946 5091 1331 5174 relationes,
1388 5101 1468 5159 ut
1505 5093 1581 5159 P.
1629 5094 1868 5178 Hem-y
1914 5094 2126 5176 (Tom.
2166 5094 2257 5159 H.
2308 5098 2432 5159 336
2471 5115 2645 5178 seqq.
2714 5096 2785 5160 T.
2824 5095 2952 5160 III.
3002 5094 3170 5178 App.
3216 5116 3276 5179 p.
3320 5098 3476 5182 207)
3521 5107 3590 5164 et
3633 5098 4000 5168 Staehelini
4058 5106 4230 5189 (pag.
4271 5108 4393 5170 542
4431 5105 4659 5190 seqq),

625 5205 1231 5400 ξθυξπῖῒέἓωωὲηηιὲῖ
1270 5206 1536 5273 incaute
1580 5206 1977 5292 procedunt,
2035 5204 2490 5272 deficientibus
2537 5215 2763 5272 tamen
2806 5205 3217 5273 documentis
3273 5207 3781 5294 haudquaquam
3825 5214 4032 5281 solido
4076 5215 4504 5284 fundamento
4544 5238 4659 5284 su-
