4999 6179
575 436 703 499 499

575 621 716 688 cari
758 618 1134 705 labyrintho
1178 638 1289 685 eos
1324 623 1637 701 oporteat,
1674 617 2050 701 quicunque
2082 616 2201 682 illa
2238 616 2385 700 lege
2424 615 2539 681 ob-

579 706 820 792 stringi
872 726 943 771 se
998 711 1253 788 putant.
1343 707 1730 769 Accesserat
1771 702 1856 768 ad
1895 711 2033 768 tam
2076 702 2338 770 crudele
2382 721 2540 767 con-

581 794 1009 860 scientiarum
1072 798 1479 855 tormentum
1537 788 1918 873 blasphema
1970 788 2306 873 superbia,
2367 785 2540 871 quod

576 886 995 964 peccatorum
1038 876 1491 942 remissionem
1534 875 1667 940 illic
1707 875 2128 942 incluserant.
2187 875 2541 942 Neminem

579 964 760 1032 enim
823 964 1092 1031 veniam
1158 984 1198 1027 a
1261 963 1406 1028 Deo
1468 960 1762 1026 obtinere
1816 962 2188 1046 fingebant,
2254 960 2394 1040 nis-i
2409 959 2541 1043 qui

576 1056 727 1131 [pag.
763 1053 870 1128 78]
927 1056 1156 1118 votum
1209 1048 1483 1113 haberet
1550 1046 1922 1118 confitendi.
2001 1046 2358 1130 ,Quidnam
2416 1046 2540 1112 hoc

580 1156 823 1220 quaeso
868 1143 997 1213 est,
1053 1146 1130 1200 ut
1186 1131 1450 1199 modum
1504 1154 1586 1197 ex
1644 1154 1763 1198 suo
1819 1134 2031 1218 capite
2088 1132 2541 1216 praescribant

581 1223 912 1302 homines,
970 1242 1097 1304 quo
1150 1219 1606 1285 reconcilietur
1646 1220 1792 1285 Deo
1836 1219 2181 1303 peccator?
2226 1226 2334 1298 ut,
2391 1219 2539 1284 Deo

579 1309 842 1375 veniam
882 1307 1265 1389 simpliciter
1299 1305 1634 1386 offerente,
1679 1305 1808 1389 ipsi
1840 1313 2103 1391 negent,
2143 1306 2349 1371 donec
2384 1325 2538 1370 con-

581 1394 772 1473 ditio,
815 1415 1011 1476 quam
1058 1391 1481 1469 addiderunt,
1527 1392 1803 1475 impleta
1845 1392 2088 1457 fuerit?
2177 1392 2287 1457 Ex
2332 1391 2541 1456 altera

579 1487 768 1563 parto
813 1480 973 1544 haec
1013 1479 1302 1562 pessima
1345 1478 1725 1561 superstitio
1759 1478 2074 1562 populum
2111 1476 2402 1543 tenebat:
2449 1476 2538 1542 si-

578 1564 718 1629 mul
777 1585 853 1630 ac
902 1565 973 1628 in
1028 1584 1253 1629 aurem
1303 1563 1657 1629 sacerdotis
1714 1570 2183 1630 exonerassent
2226 1584 2348 1629 sua
2388 1583 2540 1646 pec-

579 1658 756 1729 cata,
817 1650 995 1715 omni
1049 1671 1119 1714 se
1173 1656 1362 1715 reatu
1415 1671 1557 1715 csse
1612 1646 1942 1716 liberatos.
2032 1650 2180 1715 Hac
2233 1648 2540 1731 opinione

580 1735 774 1800 multi
818 1734 899 1800 ad
937 1735 1316 1802 solutiorem
1353 1734 1664 1817 pcccandi
1700 1736 2036 1802 licentiam
2070 1736 2536 1802 abutebantur:

579 1823 692 1906 qui
736 1828 957 1886 autem
1001 1822 1233 1886 maiori
1275 1820 1407 1885 Dei
1452 1822 1683 1886 timore
1724 1821 2007 1904 praediti
2051 1830 2261 1901 crant,
2308 1820 2391 1885 ad
2434 1842 2535 1886 sa-

584 1906 914 1973 cerdotem
958 1913 1181 1972 tamen
1225 1908 1455 1990 magis,
1502 1928 1699 1990 quam
1744 1907 1826 1972 ad
1871 1907 2234 1986 Christum,
2282 1928 2538 1989 respec-

585 1994 832 2059 tabant.
923 1992 1304 2070 Caeterum,
1363 1993 1692 2074 publicam
1749 2015 1825 2059 ac
1877 1994 2217 2060 solennem
2275 2014 2540 2059 exomo-

583 2078 647 2144 lo
697 2080 867 2156 esin,
927 2079 1121 2144 sicuti
1171 2085 1361 2146 vocat
1404 2078 1810 2163 CyprianuS,
1870 2101 2037 2163 quac
2080 2080 2236 2145 olim
2281 2080 2467 2145 iniun
2523 2079 2536 2092 “

586 2185 658 2230 80
688 2166 839 2230 ebat
878 2165 1388 2249 poenitentibus,
1444 2185 1652 2247 quum
1705 2166 2014 2232 eeclesiae
2073 2165 2469 2232 reconciliati
2518 2165 2540 2227 i

587 2252 818 2330 forent,
864 2272 1058 2316 nemo
1102 2271 1300 2317 sanus
1343 2259 1473 2328 est,
1521 2251 1628 2334 qui
1676 2273 1808 2316 non
1851 2250 2093 2330 laudet,
2139 2274 2216 2318 ac
2259 2251 2541 2316 libenter

584 2337 1042 2420 amplectatur:
1111 2335 1306 2402 modo
1363 2358 1499 2402 non
1554 2337 1623 2400 in
1683 2337 1885 2402 alium
1951 2337 2258 2403 trahatur
2315 2338 2538 2414 finem,

585 2444 781 2505 quam
842 2444 969 2506 quo
1028 2423 1336 2488 instituta
1392 2424 1531 2488 fuit.
1623 2423 1959 2507 Denique,
2015 2424 2181 2488 nihil
2239 2423 2427 2489 nobis
2469 2423 2539 2487 in

586 2510 711 2574 hac
768 2529 839 2572 re
897 2515 998 2573 est
1051 2509 1536 2575 controversiae
1586 2529 1738 2573 cum
1803 2511 2014 2576 veteri
2070 2508 2368 2576 ecclesia:
2425 2507 2539 2574 sed

583 2601 913 2660 recentem
948 2594 1137 2659 modo
1170 2594 1611 2676 tyrannidem,
1651 2615 1773 2660 nec
1803 2596 1898 2660 ita
1929 2594 2187 2680 pridem
2221 2601 2538 2673 exortam,

586 2701 626 2743 a
680 2678 971 2744 fidelium
1039 2680 1399 2745 cervicibus
1463 2681 1909 2765 profligatam,
1979 2682 2173 2748 sicuti
2236 2702 2358 2764 par
2419 2687 2539 2758 est,

583 2765 906 2830 volumus.
979 2765 1333 2830 Praeterea
1372 2767 1426 2830 si
1471 2767 1634 2849 quis,
1675 2774 1755 2832 ut·
1794 2768 2233 2834 consolatione
2279 2774 2346 2831 et
2387 2788 2539 2833 con-

586 2851 732 2915 silio
777 2852 1069 2928 iuvetur,
1138 2852 1450 2935 privatim
1509 2854 1886 2918 ministrum
1944 2875 2137 2919 suum
2194 2851 2415 2931 adeat,
2474 2859 2542 2918 et

585 2936 998 3001 familiariter
1048 2938 1116 3001 in
1174 2938 1312 3003 eius
1380 2938 1602 3003 sinum
1662 2939 1949 3023 deponat
2014 2939 2316 3004 anxietatis
2382 2958 2541 3004 suae

584 3044 842 3102 causas,
900 3023 1059 3108 quin
1115 3023 1183 3087 id
1228 3023 1334 3107 pie
1379 3030 1447 3089 et
1489 3024 1737 3089 utiliter
1780 3028 1923 3104 fiat,
1980 3045 2391 3110 nequaquam
2437 3045 2540 3089 rc-

584 3110 949 3257 fragamur:
1027 3109 1220 3175 modo
1295 3131 1380 3175 nc
1448 3132 1531 3175 cx
1608 3110 1912 3178 libertate
1983 3115 2100 3178 fiat
2163 3113 2536 3178 necessitas.

583 3196 684 3259 Re
718 3198 1055 3277 inquatur,
1099 3196 1402 3279 inquam,
1449 3198 1555 3264 hic
1600 3199 1832 3281 cuique
1876 3200 2162 3274 libertas,
2208 3207 2283 3263 ut
2325 3199 2538 3277 faciat,

582 3281 758 3363 quod
802 3280 921 3346 sibi
969 3281 1276 3362 expedire
1320 3285 1608 3349 noverit:
1667 3285 1914 3349 nullius
1958 3286 2354 3352 conscicntia
2396 3306 2539 3350 cer-

581 3368 669 3432 tis
713 3366 966 3451 legibus
1011 3365 1354 3451 obligetur.
1424 3369 1611 3436 Haec
1653 3372 1988 3437 excusatio
2031 3379 2176 3436 tum
2211 3371 2540 3437 maiestati

581 3463 754 3528 tuae,
785 3460 862 3517 ut
897 3472 1105 3535 spere,
1147 3455 1407 3534 Cacsar,
1446 3464 1589 3520 tu'm
1627 3457 1829 3535 vobis,
1873 3457 2306 3522 illustrissimi
2341 3458 2539 3523 Prin-

581 3540 777 3622 cipes,
825 3540 992 3604 sicut
1034 3540 1227 3621 plena
1271 3550 1372 3605 est
1415 3542 1783 3624 aequitatis,
1830 3544 2203 3610 satisfaciet.

757 3627 904 3704 [pag.
945 3630 1051 3703 79]
1107 3625 1390 3704 Verum,
1450 3637 1780 3712 utcunque
1835 3630 2099 3707 merito,
2162 3640 2228 3693 ct
2268 3649 2538 3710 corrup-

585 3722 718 3776 tam
779 3712 1071 3777 veritatis
1131 3711 1522 3791 doctrinam,
1574 3724 1641 3778 et
1698 3714 2263 3780 christianismum
2325 3721 2537 3779 totum

581 3794 807 3863 multis
855 3797 1030 3863 vitiis
1067 3799 1478 3880 profanatum
1516 3800 1715 3865 fuisse
1751 3820 2247 3883 conqueramur,
2289 3807 2541 3884 negant

577 3892 804 3949 tamen
870 3884 1372 3968 reprehensores
1426 3885 1670 3964 nostri,
1726 3896 2073 3968 propterea
2129 3887 2328 3952 fuisse
2384 3907 2534 3952 cau-

581 3992 751 4048 sam,
810 3991 928 4035 cur
983 3970 1321 4036 ecclesiam
1378 3969 1537 4035 adeo
1593 3969 1873 4049 turbari,
1941 3982 2008 4036 et
2063 3971 2536 4057 quodammodo

578 4057 840 4122 concuti
897 4063 1222 4121 terrarum
1271 4055 1492 4122 orbem
1549 4060 1926 4142 oportuerit.
2013 4058 2365 4143 Equidem,
2414 4080 2535 4125 nec

575 4144 672 4207 ita
725 4163 953 4207 sumus
1013 4143 1287 4225 stupidi,
1346 4145 1504 4225 quin
1561 4145 1924 4209 sentiamus
1967 4154 2372 4228 quantopere
2425 4167 2534 4210 ca-

577 4226 776 4292 vendi
831 4229 966 4292 sint
1023 4227 1264 4311 publici
1322 4229 1677 4296 tumultus:
1736 4252 1858 4297 nec
1925 4232 2019 4296 ita
2077 4232 2300 4309 ferrei,
2370 4231 2535 4315 quin

575 4322 961 4397 tangamur,
1043 4322 1236 4396 atque
1313 4316 1510 4380 etiam
1590 4317 1978 4383 horreamus
2052 4325 2189 4382 toto
2250 4325 2531 4401 pectore,

574 4420 779 4483 quum
822 4398 1276 4464 turbulentum
1323 4401 1500 4465 hunc
1544 4404 1873 4469 cernimus
1915 4404 2226 4471 ecclcsiae
2268 4412 2530 4468 statum.

575 4487 827 4550 Verum
886 4506 1014 4567 qua
1058 4487 1384 4568 aequitate
1442 4489 1628 4555 nobis
1672 4490 2035 4573 imputatur
2085 4490 2531 4575 praesentium

575 4579 874 4636 motuum
918 4570 1131 4653 culpa,
1177 4593 1378 4653 quum
1424 4594 1462 4637 a
1506 4576 1693 4642 nobis
1725 4576 2000 4642 minime
2039 4577 2347 4643 concitati
2391 4577 2531 4641 fue-

573 4656 758 4722 rint?
848 4656 993 4720 Imo
1037 4678 1164 4740 qua
1205 4658 1419 4723 fronte
1473 4660 1660 4727 nobis
1704 4661 2003 4729 turbatae
2048 4663 2358 4730 ecclesiae
2403 4663 2530 4729 cri·

574 4764 727 4807 men
774 4742 1108 4821 obiiciunt,
1154 4766 1315 4826 quos
1361 4755 1617 4812 constat
1660 4750 1952 4814 omnium
2001 4750 2341 4816 turbarum
2388 4769 2530 4814 esse

575 4827 879 4893 autores?
925 4829 1100 4912 Lupi
1135 4830 1382 4896 scilicet
1411 4832 1491 4897 de
1523 4835 1712 4917 agnis
1744 4844 2252 4919 conqueruntur.
2302 4834 2530 4916 Quum

574 4915 761 4979 initio
803 4914 1045 4997 prodiit
1080 4917 1436 4997 Lutherus,
1483 4940 1722 5003 paucos
1759 4929 2039 5002 tantum,
2085 4930 2151 4987 et
2185 4943 2294 4987 eos
2330 4920 2530 4986 nimis

574 5022 828 5067 crassos
872 5001 1150 5085 abusus,
1195 5025 1314 5069 nec
1353 5006 1485 5070 iam
1528 5007 1928 5088 tolerabiles,
1977 5008 2212 5075 leviter
2254 5007 2532 5073 notabat

571 5085 767 5239 idque
811 5108 889 5153 ca
931 5087 1265 5169 modestia,
1309 5100 1384 5155 ut
1427 5113 1538 5158 cos
1582 5102 1903 5160 correctos
1946 5115 2184 5179 cupere
2220 5116 2290 5159 se
2317 5092 2529 5177 magis

570 5175 638 5238 iu
685 5174 908 5252 icaret‚
955 5195 1148 5258 quam
1189 5176 1462 5243 auderet
1505 5179 1642 5261 ipse
1687 5181 2030 5264 corrigere.
2120 5180 2252 5245 Hic
2295 5179 2376 5243 ab
2412 5177 2528 5243 ad-

571 5281 768 5327 versa
824 5271 1010 5345 parte
1054 5261 1137 5325 ad
1177 5282 1360 5327 arma
1400 5265 1703 5346 protinus
1748 5268 2225 5333 conclamatum
2273 5271 2405 5329 est:
2461 5272 2529 5330 et

568 5368 774 5429 quum
829 5348 1040 5433 magis
1102 5368 1178 5413 ac
1232 5351 1444 5433 magis
1488 5349 1953 5418 accenderetur
1997 5351 2352 5428 contentio,
2397 5349 2524 5416 1100

2186 426 2317 492 DE
2362 422 3002 493 NECESSITATE

4477 428 4600 489 500

2644 614 2966 698 optimum
3009 613 3475 698 compendium
3528 636 3671 681 esse
3716 613 4052 680 duxerunt
4108 614 4331 680 hostes
4374 614 4602 694 nostri,

2645 701 2710 767 vi
2756 707 2824 765 et
2883 701 3157 767 saevitia
3210 700 3563 766 veritatem
3626 701 4011 785 opprimere.
4112 700 4346 784 Itaque
4399 720 4605 784 quum

2643 787 2856 852 nostri
2899 786 3202 852 homines
3247 786 3330 852 ad
3389 788 3664 853 amicam
3711 786 4250 870 disceptationem
4288 807 4602 870 provoca-

2646 879 2826 952 rent,
2884 881 2952 938 et
3006 872 3281 956 placidis
3336 874 3699 939 rationibus
3757 880 4070 956 cuperent
4113 872 4381 938 dissidia
4431 894 4603 937 com-

2644 959 2799 1042 poni
2837 959 3280 1044 sanguinariis
3317 957 3547 1025 edictis
3571 958 3925 1025 crudeliter
3948 959 4174 1026 vexati
4197 965 4372 1038 sunt,
4398 958 4604 1026 donec

2657 1045 2742 1110 ad
2787 1047 3098 1110 miseram
3154 1045 3349 1110 istam
3404 1044 3898 1129 dissipationem
3954 1066 4060 1111 res
4127 1053 4231 1111 est
4270 1045 4599 1128 perducta.

2818 1131 3045 1214 Neque
3114 1139 3341 1197 tamen
3408 1132 3571 1198 haec
3648 1151 3825 1198 nova
3889 1139 3991 1213 est
4057 1131 4402 1203 calumnia.
4499 1131 4598 1213 Id,

2644 1215 2816 1301 quod
2861 1218 3086 1283 audire
3133 1239 3311 1284 nunc
3354 1217 3674 1303 cogimur,
3721 1216 4160 1300 exprobrabat
4202 1218 4403 1283 etiam
4445 1218 4603 1283 olim

2643 1302 2885 1387 impius
2954 1308 3099 1383 [pag.
3151 1308 3260 1384 80]
3317 1303 3431 1368 ille
3486 1304 3720 1369 Achab
3786 1304 4051 1369 Heliae:
4122 1325 4361 1388 nempe
4429 1303 4601 1387 quod

2645 1390 2941 1455 turbaret
2983 1389 3299 1455 Israelem
3349 1395 3412 1473 (l
3456 1389 3620 1474 Reg.
3674 1394 3770 1467 18,
3818 1394 3891 1454 17
3897 1390 3942 1472 ).
4032 1388 4286 1456 Verum
4332 1398 4601 1457 sanctus

2642 1476 2967 1560 propheta
3032 1495 3153 1542 sua
3210 1477 3638 1560 responsione
3704 1497 3823 1541 nos
3881 1475 4191 1543 absolvit:
4260 1476 4412 1542 Non
4477 1498 4596 1561 ego

2588 1585 2593 1598 ·
2644 1582 2820 1640 sum,
2864 1561 3108 1645 inquit,
3165 1561 3280 1628 sed
3323 1571 3401 1627 tu
3457 1569 3525 1628 et
3568 1562 3804 1628 domus
3858 1564 4065 1647 patris
4110 1563 4236 1629 tui:
4294 1564 4447 1647 quia
4488 1562 4600 1629 de-

2644 1647 2999 1732 reliquistis
3042 1646 3438 1728 Dominum,
3486 1656 3554 1714 et
3595 1647 3847 1716 abiistis
3891 1657 4037 1733 post
4078 1649 4357 1714 Baalim.
4446 1650 4598 1715 Non

2645 1754 2800 1818 ergo
2858 1754 2941 1799 ex
2999 1756 3074 1799 eo
3130 1735 3396 1819 gravari
3451 1755 3568 1800 nos
3611 1734 3861 1801 invidia
3917 1756 4195 1818 aequum
4241 1744 4369 1814 est,
4428 1736 4599 1820 quod

2644 1818 2838 1884 hodie
2891 1821 3106 1886 fervet
3162 1821 3337 1886 inter
3404 1819 3821 1887 Christianos
3882 1828 4018 1886 tam
4087 1842 4236 1887 acre
4302 1822 4382 1888 de
4444 1822 4598 1887 reli-

2644 1905 2838 1989 gione
2882 1915 3246 1972 certamen:
3306 1907 3436 1972 nisi
3492 1906 3762 1972 Heliam
3812 1907 4124 1973 damnare
4178 1909 4467 1992 primum
4518 1908 4597 1973 li-

2644 1992 2822 2069 beat,
2889 2013 3038 2057 cum
3096 2014 3225 2076 quo
3279 1992 3464 2058 nobis
3518 1996 3881 2059 communis
3927 2002 4028 2059 est
4081 1994 4386 2061 defensio.
4475 1994 4599 2061 Ille

2643 2099 2715 2143 se
2759 2077 2883 2142 hac
2927 2077 3067 2144 sola
3108 2078 3364 2144 ratione
3403 2089 3694 2159 excusat,
3740 2078 3911 2162 quod
3953 2089 4089 2145 non
4127 2080 4256 2146 nisi
4297 2102 4417 2165 pro
4449 2081 4599 2146 vin-

2646 2163 2923 2229 dicanda
2974 2165 3106 2229 Dei
3163 2164 3375 2249 gloria
3428 2173 3496 2230 et
3555 2166 3959 2232 restituendo
4014 2167 4154 2233 eius
4210 2188 4375 2251 puro
4419 2168 4599 2235 cultu

2645 2251 3068 2334 pugnaverit,
3116 2249 3464 2315 turbarum
3520 2272 3677 2318 vero
3735 2260 3802 2317 et
3857 2254 4296 2319 certaminum
4350 2254 4598 2321 crimen

2645 2336 2860 2401 reiicit
2914 2336 2985 2400 in
3041 2357 3152 2401 eos
3206 2338 3317 2419 qui
3374 2345 3452 2401 ut
3492 2338 3758 2403 veritati
3801 2339 4183 2404 resisterent
4236 2341 4597 2407 tumultua-

2643 2420 2903 2487 bantur.
3006 2422 3144 2487 Nos
3200 2431 3422 2487 autem
3489 2424 3647 2506 quid
3703 2424 3959 2509 egimus
4015 2425 4195 2491 aliud
4260 2426 4596 2506 hactenus,

2645 2515 2713 2571 et
2745 2507 2903 2591 quid
2947 2508 3203 2593 agimus
3259 2530 3439 2574 nunc
3482 2530 3771 2594 quoque,
3828 2511 3957 2577 nisi
4003 2519 4077 2575 ut
4119 2513 4372 2579 colatur
4412 2516 4600 2579 Deus

2643 2615 2816 2658 unus
2868 2594 3044 2659 inter
3096 2616 3253 2674 nos,
3300 2594 3709 2679 simplexque
3754 2598 3896 2662 eius
3952 2598 4200 2664 veritas
4253 2608 4487 2685 regnet
4527 2602 4599 2665 in

2643 2679 2957 2745 ecclesia?
3047 2679 3126 2746 Si
3170 2688 3419 2766 negant
3460 2681 3821 2748 adversarii
3866 2685 4108 2762 nostri,
4166 2685 4403 2751 saltem
4446 2695 4599 2751 ante

2646 2765 2941 2830 convinci
2985 2788 3103 2833 nos
3146 2767 3389 2850 impiae
3434 2767 3764 2835 doctrinae
3800 2770 4125 2849 convenit,
4172 2792 4370 2854 quam
4412 2772 4599 2839 nobis

2643 2850 2714 2915 id
2754 2851 2917 2917 vitio
2959 2859 3274 2931 vertatur,
3322 2854 3495 2936 quod
3539 2855 3619 2921 ab
3666 2851 3812 2921 aliis
3857 2856 4334 2924 dissentiamus.
4421 2857 4600 2940 Quid

2645 2937 2821 3001 enim
2879 2938 3207 3022 agendum
3263 2938 3448 3004 nobis
3502 2941 3687 3006 erat?
3752 2941 3932 3008 ‘Una
3986 2949 4127 3008 erat
4179 2944 4601 3011 redimendae

2643 3023 2822 3106 pacis
2883 3024 3197 3101 eonditi0‚
3255 3033 3330 3091 ut
3383 3026 3657 3093 tacendo
3704 3029 3837 3095 Dei
3890 3029 4235 3095 veritatem
4289 3030 4599 3115 prodere-

2645 3131 2811 3175 mus.
2895 3108 3294 3195 Quanquam
3349 3133 3486 3177 non
3538 3115 3699 3180 satis
3744 3116 3976 3181 fuisset
4014 3124 4257 3198 tacere,
4306 3120 4431 3184 nisi
4474 3120 4598 3183 im-

2643 3197 2823 3280 piam
2867 3195 3260 3277 doctrinam,
3321 3206 3581 3281 apertas
3624 3201 3691 3266 in
3740 3202 3959 3267 Deum
4002 3202 4475 3287 blasphemias,
4532 3216 4602 3270 et

2645 3283 2961 3366 pessimas
3006 3285 3531 3367 superstitiones,
3592 3287 3788 3353 tacito
3844 3310 4161 3355 consensu
4205 3292 4600 3374 approbare·

2642 3390 2808 3435 mus.
2873 3368 3053 3449 Quid
3098 3391 3254 3455 ergo
3300 3371 3478 3437 aliud
3524 3375 3888 3455 potuimus,
3948 3397 4143 3458 quam
4200 3379 4427 3442 testari
4468 3378 4600 3444 sal-

2644 3463 2780 3519 tem
2837 3455 3016 3521 clara
3072 3477 3256 3536 voce,
3322 3479 3443 3522 nos
3510 3458 3593 3523 ab
3657 3461 4011 3543 impictatis
4078 3465 4400 3528 consortio
4454 3486 4600 3531 esse

2644 3540 2937 3606 alienos?
3027 3541 3162 3608 Nos
3215 3564 3371 3627 ergo
3428 3544 3842 3629 simpliciter,
3901 3547 4073 3629 quod
4130 3550 4329 3615 officii
4386 3551 4597 3616 nostri

2645 3634 2803 3702 erat,
2850 3627 3061 3693 facere
3105 3629 3498 3696 studuimus.
3581 3631 3775 3712 Quod
3818 3654 4014 3717 porro
4056 3635 4127 3699 in
4172 3644 4308 3701 tam
4353 3636 4595 3703 hostile
4691 3712 4703 3725 .

2642 3710 2984 3779 dissidium
3029 3736 3134 3781 res
3176 3718 3515 3796 exarserit,
3554 3717 3753 3785 huius
3798 3719 3957 3784 mali
3998 3742 4198 3804 penes
4241 3742 4353 3787 eos
4399 3722 4598 3807 culpa

2644 3808 2762 3877 est,
2789 3800 2901 3882 qui
2935 3801 3187 3867 coelum
3212 3808 3427 3868 terrae
3460 3804 3738 3870 miscere
3770 3805 4166 3886 maluerunt,
4205 3829 4403 3890 quam
4446 3811 4595 3893 piae

2641 3905 2965 3970 sanaeque
3002 3886 3339 3954 doct-rinae
3371 3889 3588 3955 locum
3626 3890 3811 3957 dare:
3862 3897 4010 3972 [pag.
4037 3899 4145 3973 81]
4183 3902 4257 3958 ut
4292 3896 4592 3979 tyranni-

2641 3971 2787 4036 dem
2861 3973 3064 4038 semel
3129 3984 3514 4058 usurpat-am
3590 3998 3847 4060 quoquo
3914 3978 4109 4043 modo
4166 3982 4548 4047 retinerent.

2811 4059 3105 4125 Tametsi
3148 4060 3273 4125 hoc
3317 4062 3502 4128 nobis
3544 4061 3626 4127 ad
3675 4062 4118 4130 defensionem
4162 4067 4321 4133 satis
4362 4089 4593 4151 supcr-

2637 4165 2763 4227 que
2810 4164 2951 4210 esse
2997 4144 3203 4225 debet,
3239 4147 3414 4230 quod
3457 4169 3498 4212 a
3532 4155 3718 4231 parte
3753 4160 3980 4216 nostra
4013 4158 4148 4217 stat
4181 4162 4595 4221 sacrosancta

2638 4230 2767 4295 Dei
2813 4232 3074 4309 veritas,
3122 4253 3241 4315 pro
3285 4254 3415 4315 qua
3458 4234 3813 4302 asserenda
3857 4244 4114 4302 tantum
4159 4242 4592 4306 certaminum

2636 4317 3065 4384 sustinemus:
3125 4318 3486 4384 adversarii
3530 4331 3780 4400 autem,
3833 4323 4171 4390 nobiscum
4217 4326 4589 4410 pugnandO,

2637 4404 2769 4467 non
2826 4410 2966 4470 tam
3023 4403 3375 4470 adversum
3431 4427 3582 4485 nos,
3641 4428 3836 4491 quam
3882 4408 4100 4475 Deum
4146 4412 4392 4494 ipsum,
4449 4414 4590 4478 bel-

2635 4488 2773 4553 lum
2820 4497 3076 4574 gerunt.
3144 4490 3421 4569 Deinde,
3461 4492 3632 4574 quod
3676 4515 3809 4559 non
3849 4503 4079 4577 sponte
4103 4497 4185 4561 ad
4221 4497 4400 4562 hunc
4433 4520 4592 4566 con-

2637 4576 3006 4640 tentionum
3064 4577 3390 4641 fervorem
3447 4577 3928 4658 descendimus,
3996 4582 4110 4648 sed
4164 4583 4430 4649 illorum
4485 4586 4589 4651 in—

2637 4662 2951 4745 temperie
2970 4713 2985 4739 ,
3040 4668 3304 4746 praeter
3357 4663 3730 4746 opinionem
3773 4676 4097 4748 nostram,
4152 4669 4397 4736 fuimus
4438 4693 4592 4757 per-

2635 4748 2850 4815 tracti.
2933 4746 3273 4830 Quidquid
3327 4749 3667 4816 acciderit:
3727 4773 3859 4817 non
3906 4762 4006 4819 est
4058 4776 4176 4821 cur
4232 4755 4380 4821 odio
4432 4778 4589 4842 gra-

2635 4854 2888 4899 vemur.
2980 4833 3154 4899 Nam
3207 4834 3377 4900 sicut
3421 4846 3693 4902 eventus
3737 4838 4063 4906 moderari
4106 4861 4244 4905 non
4289 4850 4391 4908 est
4432 4865 4587 4911 nos·

2635 4925 2832 4997 trum,
2878 4919 2973 4985 ita
3015 4940 3138 4986 nec
3181 4941 3288 4987 eos
3332 4931 3682 5004 praestare.
3764 4925 3972 4991 Vetus
4014 4926 4138 4993 hoc
4182 4934 4314 5007 est,
4359 4950 4587 4997 saecu·

2632 5005 2840 5087 lisque
2883 5006 3188 5072 omnibus
3230 5008 3579 5074 usitatum:
3626 5031 3709 5074 ex
3752 5012 4074 5097 evangelii
4120 5013 4419 5082 doctrina
4457 5018 4587 5082 im-

2632 5091 2777 5173 pios
2830 5091 3274 5158 tumultuandi
3333 5097 3733 5161 occasionem
3791 5119 4079 5165 sumere:
4137 5107 4362 5183 postea
4412 5102 4589 5171 hanc

2631 5178 2967 5241 infamiam
3034 5179 3324 5262 irrogare
3381 5181 3754 5266 evangelie,
3832 5186 4018 5267 quasi
4075 5185 4363 5253 dissidiis
4426 5208 4587 5255 cau-

2632 5284 2774 5327 sam
2818 5264 3154 5346 praebeat:
3212 5286 3407 5348 quam
3449 5267 3606 5349 ipsi,
3652 5289 3786 5334 non
3831 5270 4146 5351 oblatam,
4195 5294 4317 5339 sua
4358 5277 4587 5358 pravi-

2630 5356 2768 5414 tate
2812 5356 3100 5433 captant.
3189 5351 3282 5416 Et
3332 5353 3879 5435 quemadmodum
3935 5357 4005 5423 in
4052 5360 4266 5442 prima
4308 5360 4587 5429 ecclesia
