4999 6179
571 431 693 494 531

569 612 1077 684 mansuetudine
1110 609 1437 677 tractandi
1471 615 1629 676 sunt
1661 604 1993 685 haeretici,
2031 603 2142 686 qui
2176 600 2534 682 ecclesiam,

574 725 694 770 sua
732 699 1139 783 intemperie,
1186 696 1374 762 nulla
1407 697 1583 761 iusta
1610 714 1808 759 causa
1842 689 2255 775 perturbant,
2298 693 2372 752 ut
2393 707 2537 753 cas-

573 791 624 854 ti
671 789 958 854 ationem
1012 805 1271 867 semper
1314 782 1614 849 doctrina
1668 775 2047 863 praecedat,
2102 780 2345 873 quanto
2388 773 2538 858 plus

575 897 614 941 a
663 874 888 941 hibere
936 873 1004 937 in
1062 871 1187 936 hac
1241 890 1438 936 causa
1506 864 1942 933 humanitatis
1998 861 2214 940 decet,
2281 882 2353 925 111
2410 880 2539 944 0110

574 960 800 1027 Ι)011111
844 965 911 1025 01
957 958 1254 1024 homines
1313 960 1663 1030 testamur,
1722 950 1890 1015 nihil
1949 970 2071 1015 nos
2114 945 2296 1012 aliud
2338 966 2537 1030 quae-

574 1069 741 1125 rere,
785 1045 914 1111 nisi
961 1051 1038 1109 ut
1078 1044 1151 1108 in
1195 1062 1427 1127 puram
1468 1039 1601 1104 Dei
1635 1037 2003 1103 doctrinam
2039 1034 2349 1132 utrinque
2384 1053 2537 1131 con·

575 1129 982 1200 sentiamus?
1071 1128 1465 1194 Pontificem
1527 1145 1874 1191 romanum
1953 1142 2103 1188 cum
2168 1139 2306 1186 01110
2370 1117 2538 1183 1111111

576 1240 778 1303 quam
820 1217 1207 1301 sanguinem
1266 1220 1332 1279 et
1373 1210 1605 1278 caedes
1660 1210 1943 1293 spirare,
2003 1215 2076 1273 tu
2136 1206 2423 1290 optimus
2467 1226 2539 1270 es

578 1305 792 1383 testis,
851 1302 1113 1369 Caesar.
1207 1297 1401 1381 Quod
1468 1298 1526 1363 si
1595 1316 1822 1363 eorum
1893 1293 2294 1380 obsequutus
2363 1312 2539 1357 esses

578 1390 810 1469 furori,
873 1386 1262 1472 iampridem
1318 1406 1437 1451 suo
1493 1384 1813 1469 sanguine
1867 1379 2231 1446 Germania
2295 1376 2539 1444 redun-

579 1476 815 1542 dasset.
905 1474 1134 1557 Neque
1189 1472 1257 1536 id
1301 1493 1419 1538 vos
1472 1471 1652 1548 latet,
1697 1465 2125 1534 illustrissimi
2174 1464 2537 1547 Principes.

578 1562 687 1628 Ad
764 1567 1016 1627 tantam
1082 1557 1534 1625 crudelitatem
1610 1554 2003 1639 praecipites
2075 1553 2253 1635 ipsos
2316 1556 2544 1635 ageret

578 1648 709 1714 Dei
764 1645 1080 1730 spiritus?
1173 1643 1308 1712 Sed
1367 1644 1489 1710 1100
1544 1651 1646 1708 001
1711 1641 1986 1707 scilicet:
2076 1637 2306 1714 libido,
2374 1656 2542 1719 quae

582 1733 692 1799 diu
739 1738 1040 1818 grassata
1083 1736 1184 1797 est
1228 1731 1370 1795 sine
1413 1728 1767 1807 obstacuIO,
1813 1725 1872 1791 si
1915 1723 2202 1790 cohiberi
2248 1722 2538 1806 incipiat,

576 1820 879 1903 protinus
926 1818 1011 1885 ad
1051 1817 1381 1882 insaniam
1426 1813 1731 1900 erumpit.
1805 1810 1882 1878 Si
1926 1811 2038 1894 qui
2084 1815 2242 1876 sunt
2281 1816 2545 1893 praeter

580 1927 710 1985 eos,
757 1906 871 1990 qui
916 1923 1261 1989 oppressos
1304 1902 1375 1969 vi
1433 1908 1500 1967 ct
1553 1901 1754 1965 armis
1798 1919 1919 1963 1100
1973 1895 2202 1964 videre
2255 1896 2541 1978 cupiant,

580 2000 700 2057 aut
743 1992 825 2058 ab
867 1990 1000 2055 illis
1045 1989 1320 2054 flabellis
1364 1986 1653 2066 accensi,
1711 1992 1827 2051 aut
1868 1981 2352 2050 inconsiderato
2400 1980 2542 2046 zelo

580 2084 815 2161 sponte
862 2075 1177 2160 instigati,
1241 2094 1505 2140 causam
1553 2071 1956 2156 incognitam
2002 2068 2299 2135 oderunt.
2368 2067 2545 2132 Nam

580 2162 754 2247 quod
798 2161 1098 2229 nascenti
1151 2161 1435 2243 primum
1483 2158 1790 2225 ecclesiae
1834 2155 2145 2223 accidisse
2190 2152 2544 2220 Tertullia-

583 2271 709 2314 nus
739 2249 787 2334 ¹)
841 2248 1163 2333 queritur,
1220 2246 1290 2311 id
1343 2244 1531 2311 nobis
1588 2242 1779 2309 hodie
1834 2262 2090 2325 quoque
2146 2262 2268 2305 usu
2330 2240 2541 2305 venit:

582 2343 659 2400 111
712 2335 913 2400 0011110
969 2333 1249 2399 nominis
1303 2330 1734 2415 praeiudiciO,
1789 2330 1931 2395 sine
1986 2348 2222 2393 causae
2265 2325 2544 2410 inquisi-

582 2424 764 2487 tione
805 2421 1206 2486 damnemur.
1296 2420 1389 2483 Et
1425 2439 1599 2483 nunc
1642 2414 1798 2500 quid
1840 2413 2300 2481 contendimus
2344 2410 2544 2491 aliud,

585 2508 712 2574 nisi
757 2513 835 2572 ut
878 2514 1181 2590 suscepta
1217 2504 1418 2569 semel
1465 2502 1760 2587 legitima
1799 2500 2202 2585 cognitione,
2259 2520 2343 2563 ex
2391 2519 2544 2564 vero

584 2592 852 2658 tandem
897 2600 964 2657 et
1007 2612 1234 2673 aequo,
1281 2612 1410 2655 non
1447 2612 1530 2654 ex
1577 2593 1998 2672 praesumpta
2030 2586 2193 2652 falso
2236 2585 2545 2668 opinione

583 2677 957 2745 iudicetur?
1023 2682 1172 2756 [pag.
1217 2681 1363 2755 137]
1400 2676 1621 2758 Atque
1654 2673 1777 2740 hoc
1813 2673 2074 2757 quidem
2111 2672 2544 2755 praeclarum,

588 2772 655 2829 et
697 2763 1134 2829 humanitatis
1191 2768 1376 2841 tuae,
1436 2769 1506 2826 et
1545 2759 1900 2845 singularis
1945 2757 2308 2842 sapientiae
2349 2757 2544 2822 docu-

585 2857 883 2915 mentum
947 2848 1238 2923 edidisti,
1304 2846 1580 2924 Caesar,
1646 2846 1822 2930 quod
1886 2846 2204 2910 hactenus
2263 2844 2547 2908 furiosae

588 2936 884 3010 hostium
930 2942 1308 3000 nostrorum
1351 2931 1628 3012 libidini,
1675 2955 1758 2997 ne
1804 2938 1868 2996 te
1913 2930 1996 2996 ad
2040 2931 2360 2995 iniustam
2402 2950 2546 2994 000-

588 3022 818 3091 vitiam
864 3020 1209 3105 abriperet,
1256 3025 1635 3087 constanter
1677 3017 2006 3084 obstitisti.
2098 3015 2232 3082 Sed
2277 3015 2401 3081 hoc
2444 3037 2545 3080 se-

590 3108 878 3174 cundum
946 3118 1270 3191 superest,
1351 3127 1437 3171 ne
1503 3105 1883 3189 perniciosis
1963 3125 2191 3169 eorum
2254 3102 2547 3168 consiliis

589 3216 840 3260 morem
881 3215 1090 3278 geras,
1136 3195 1246 3276 qui
1282 3192 1405 3258 sub
1451 3191 1784 3259 dilationis
1825 3191 2040 3274 specie
2076 3196 2379 3257 sanctum
2423 3189 2548 3255 1100

589 3302 772 3363 opus,
823 3281 1353 3345 reformationem
1395 3278 1706 3344 ecclesiae
1751 3277 1911 3357 dico,
1954 3277 2086 3342 iam
2130 3275 2380 3341 dudum
2419 3276 2545 3340 im-

589 3366 884 3448 pediunt,
934 3375 1020 3443 et,
1066 3364 1236 3448 quod
1277 3365 1465 3448 peius
1500 3373 1617 3445 est,
1665 3362 2055 3447 abrumpere
2094 3362 2475 3427 moliuntur.

765 3450 920 3517 Una
973 3452 1139 3516 forte
1195 3451 1574 3534 perficiendi
1631 3450 1847 3516 adhue
1917 3456 2125 3515 restat
2178 3447 2548 3528 difficultas,

589 3557 755 3620 quae
800 3558 918 3605 vos
975 3538 1055 3603 ab
1115 3536 1479 3603 inchoando
1536 3536 1841 3602 nonnihil
1896 3536 2193 3601 retineat.
2284 3534 2547 3600 Pleros-

589 3643 717 3706 que
751 3623 948 3702 enim‚
995 3645 1125 3688 non
1159 3623 1332 3688 male
1366 3623 1606 3707 alioqui
1637 3623 1975 3701 animatos,
2022 3643 2153 3686 non
2190 3621 2320 3686 alia
2350 3639 2550 3687 causa

588 3710 828 3775 avertit
868 3731 908 3775 a
953 3718 1089 3775 tam
1135 3718 1357 3776 sancto
1410 3709 1746 3787 institute,
1803 3709 1932 3776 nisi
1976 3708 2149 3791 quod
2194 3713 2346 3773 ante
2391 3728 2548 3772 uam

587 3796 953 3903 periculum
997 3796 1257 3874 faciant,
1303 3816 1642 3862 successus
1677 3794 2129 3877 desperatione
2173 3794 2356 3860 conci
2404 3800 2544 3859 unt.

591 3881 728 3947 bed
783 3881 890 3948 hic
949 3881 1132 3948 vobis
1188 3881 1313 3946 duo
1374 3890 1531 3948 011111
1585 3879 2084 3948 consideranda:
2140 3901 2353 3964 neque
2399 3887 2546 3945 tan-

590 3978 726 4032 tam
771 3990 914 4034 esse
959 3968 1430 4047 difficultatem,
1477 3975 1722 4052 quanta
1761 3969 1996 4033 animis
2042 3966 2431 4050 concipitur:
2479 3972 2549 4032 et

589 4061 1092 4139 quantacunque
1136 4055 1240 4129 sit,
1285 4076 1416 4120 non
1461 4054 1692 4122 decere
1715 4064 1938 4121 tamen
1979 4054 2125 4119 eius
2152 4074 2227 4121 00
2278 4053 2546 4119 'tatione

590 4159 666 4205 ac
709 4148 894 4206 metu
938 4162 1057 4208 vos
1103 4141 1337 4225 frangi,
1386 4140 1440 4208 si
1485 4142 1809 4225 reputetis
1842 4138 2017 4225 apud
2063 4162 2196 4220 vos,
2283 4161 2356 4205 oc
2399 4160 2542 4206 esse

588 4225 716 4292 Dei
781 4248 970 4310 opus:
1035 4227 1106 4292 in
1171 4248 1300 4310 quo
1376 4227 1803 4311 gubernando
1869 4234 1937 4293 01
1999 4247 2185 4309 spem
2250 4232 2545 4292 nostram

591 4314 909 4395 superari,
956 4320 1023 4378 et
1056 4313 1428 4396 opinionem
1461 4315 1598 4379 falli
1647 4322 1959 4398 oporteat.
2028 4313 2326 4379 Priorem
2359 4311 2543 4376 illam

589 4406 844 4482 partem
888 4398 1234 4482 explicare,
1262 4422 1396 4465 non
1421 4410 1520 4467 est
1563 4400 1763 4467 huius
1786 4400 2019 4484 operis.
2079 4400 2317 4482 Aptior
2336 4406 2403 4464 et
2425 4419 2541 4480 op-

587 4485 932 4567 portunior
955 4485 1298 4565 0111100110,
1339 4488 1394 4552 si
1424 4487 1506 4552 ad
1534 4488 1771 4553 seriam
1800 4486 2350 4553 consultationem
2377 4506 2541 4550 vcn-

588 4577 734 4635 tum
778 4571 981 4637 semel
1015 4572 1230 4637 fuerit.
1320 4573 1467 4639 Hoc
1501 4581 1764 4638 tantum
1808 4572 2049 4638 dicam:
2095 4572 2307 4655 magis
2343 4591 2542 4654 expe-

589 4656 796 4722 ditam
839 4658 974 4723 fore
1019 4660 1359 4733 rationem,
1409 4680 1532 4725 nee
1577 4668 1801 4725 tantae
1842 4658 2051 4737 molis,
2098 4678 2296 4740 quam
2341 4656 2544 4740 vulgo

590 4743 1028 4822 existimetur,
1106 4743 1301 4809 modo
1354 4747 1512 4811 satis
1578 4746 1665 4810 sit
1710 4743 1792 4810 ad
1858 4745 2247 4810 tentandum
2316 4742 2539 4809 animi.

588 4828 860 4907 Verum,
907 4851 1111 4912 quum
1157 4832 1367 4896 veteri
1403 4832 1748 4914 proverbio
1788 4820 2195 4898 celebratum'
2223 4831 2327 4911 sit,
2375 4829 2542 4893 nihil

588 4934 734 4980 esse
789 4916 1230 4998 praeclarum,
1284 4917 1456 5001 quod
1514 4940 1645 4983 non
1702 4915 1978 4982 arduum
2038 4917 2231 4984 simul
2289 4937 2544 5000 quoque

2185 412 2315 478 DE
2359 407 3003 478 NECESSITATE

4476 405 4598 470 532

2642 599 2800 681 dixi,
2846 599 2974 666 nisi
3016 597 3299 667 velimus
3343 620 3618 683 gravem
3662 598 3809 663 Deo
3849 595 4161 662 iniuriam
4205 596 4450 675 facere,
4507 596 4602 662 al-

2641 686 2777 752 tius
2851 685 2961 752 hie
3039 685 3341 751 attollere
3418 685 3672 750 animos
3748 683 4070 749 convenit.
4162 680 4359 749 Certe
4426 683 4601 747 enim

2640 773 2770 838 Dei
2814 771 3133 838 virtutem
3176 772 3525 838 metiemur
3567 772 3810 836 mentis
3852 775 4115 834 nostrae
4159 776 4375 851 captu,
4421 769 4476 834 si
4522 766 4602 834 de

2643 858 2956 926 ecclesiae
3009 858 3425 941 reparatione
3481 856 3647 922 nihil
3700 856 3853 940 plus
3908 854 4346 939 sperabimus,
4405 874 4603 938 quam

2641 947 2787 1030 ipsa
2840 945 3286 1029 praesentium
3339 964 3566 1011 rerum
3613 941 3895 1008 conditio
3950 949 4289 1025 statusque
4329 943 4604 1025 promit-

2641 1039 2758 1097 tat.
2850 1029 3231 1112 Quamlibet
3274 1031 3493 1096 tenuis
3550 1050 3700 1113 spes
3754 1037 4098 1113 appareat,
4158 1030 4326 1095 bono
4381 1028 4603 1092 animo

2641 1138 2766 1188 nos
2809 1139 2952 1184 0000
2986 1115 3172 1184 Ι)0110
3215 1117 3427 1183 iubet:
3475 1125 3550 1182 ut
3594 1137 3868 1183 excusso
3906 1114 4133 1199 procul
4176 1115 4357 1179 omni
4401 1124 4600 1193 metu,

2641 1203 2725 1268 ad
2766 1225 2929 1287 opus
2988 1202 3236 1269 alacres
3292 1205 3729 1289 accingamur.
3818 1202 4021 1268 Hunc
4065 1200 4300 1267 saltem
4342 1200 4444 1265 illi
4482 1200 4603 1265 110-

2641 1312 2874 1356 norem
2916 1297 3352 1374 praestemus,
3399 1297 3475 1356 ut
3515 1288 3755 1354 fiducia
3798 1289 4063 1355 virtutis
4107 1289 4246 1353 eius
4292 1287 4443 1354 freti
4487 1307 4603 1352 ex-

2640 1378 2843 1461 periri
2887 1397 3021 1440 non
3058 1397 3458 1456 recusemus,
3504 1375 3766 1460 qualem
3807 1374 3965 1441 dare
4008 1394 4378 1442 successum
4420 1373 4602 1441 velit.

2814 1463 2910 1529 Ut
2966 1484 3141 1528 nunc
3195 1463 3455 1548 imperii
3514 1482 3620 1527 res
3676 1461 3955 1541 habent,
4007 1461 4355 1544 implicitos
4399 1459 4604 1526 variis

2646 1548 2821 1615 curis
2875 1549 3087 1614 teneri
3160 1570 3307 1630 vos,
3377 1548 3812 1616 invictissime
3872 1546 4120 1614 Caesar
4178 1554 4247 1612 et
4296 1546 4603 1613 illustris-

2646 1635 2797 1701 simi
2860 1635 3241 1718 Principes,
3322 1637 3594 1719 ipsaque
3694 1634 4107 1719 negotiorum
4179 1633 4605 1700 multitudine

2649 1719 2995 1788 distractos
3041 1721 3430 1807 circumagi,
3486 1726 3555 1787 et
3608 1719 4084 1804 quodammodo
4126 1721 4443 1786 fluctuare
4485 1741 4604 1785 ne-

2647 1826 2830 1874 cesse
2886 1815 3005 1875 est.
3092 1808 3351 1873 Verum
3410 1809 3504 1874 sic
3558 1807 3861 1874 statuite:
3925 1828 4131 1874 unum
4196 1806 4321 1871 hoc
4376 1806 4604 1890 procul

2649 1893 2845 1960 dubio
2882 1893 3026 1961 aliis
3059 1895 3364 1962 omnibus
3401 1915 3543 1961 csse
3577 1893 3759 1960 vobis
3794 1892 4361 1961 antevertendum.
4434 1891 4603 1958 Sen-

2647 1981 2769 2059 tio,
2816 2001 2976 2064 quos
3021 2000 3277 2060 nervos,
3325 2002 3523 2065 quam
3566 1980 4075 2060 vehementiam,
4119 2001 4280 2063 quos
4323 1978 4601 2058 aculeos,

2650 2087 2844 2149 quem
2912 2065 3211 2132 ardorem
3289 2067 3583 2151 requirat
3646 2066 3845 2133 huius
3911 2066 4038 2134 1001
4105 2067 4422 2132 110010110.
4511 2065 4606 2130 Ε1

2649 2159 2824 2217 00110
2869 2173 3003 2218 11011
3044 2152 3380 2220 defuturos
3435 2153 3596 2219 satis
3636 2154 3768 2220 scio
3786 2205 3802 2233 ,
3860 2154 3971 2236 qui
4024 2174 4131 2218 me
4184 2153 4252 2217 in
4307 2160 4448 2217 tam
4500 2152 4603 2216 in-

2649 2239 2821 2323 signi
2878 2237 3352 2323 splendidaque
3417 2241 3696 2305 materia
3765 2238 3860 2304 ita
3918 2240 3997 2305 fri
4051 2238 4230 2305 'dum
4285 2260 4427 2304 esse
4480 2238 4602 2303 mi·

2645 2333 2895 2390 rentur.
2987 2322 3123 2392 Sed
3202 2325 3358 2409 quid
3435 2325 3761 2393 facerem?
3857 2326 4004 2391 Pon
4054 2326 4149 2392 eri
4227 2346 4447 2390 rerum
4529 2346 4604 2392 00

2650 2412 2960 2495 gravitati
3025 2410 3395 2478 succumbO.
3502 2412 3690 2477 Nihil
3776 2412 3996 2496 itaque
4073 2410 4312 2477 melius
4393 2410 4598 2493 vidae,

2650 2518 2846 2580 quam
2912 2519 3052 2564 rem
3118 2498 3533 2582 simpliciter,
3611 2504 3677 2563 et
3742 2497 3986 2582 absque
4050 2498 4186 2564 ullo
4253 2498 4607 2564 verborum

2649 2580 3019 2667 splendore'
3051 2582 3233 2650 vobis
3290 2604 3686 2671 proponere:
3754 2593 3830 2650 ut
3883 2606 4030 2651 eam
4096 2592 4316 2651 vestro
4371 2582 4608 2651 deinde

2651 2670 2954 2734 examine
2997 2669 3388 2754 ponderetis.
3479 2671 3784 2736 Primum
3829 2672 4011 2738 vobis
4055 2672 4124 2737 in
4167 2677 4458 2736 mentem
4492 2691 4608 2736 ve-

2650 2756 2791 2820 niat
2829 2755 3161 2822 horrenda
3203 2758 3369 2823 haec
3403 2757 3715 2824 ecclesiae
3757 2757 4115 2836 calamitas,
4160 2778 4326 2842 quae
4360 2757 4608 2823 ferreos

2646 2842 2845 2907 etiam
2866 2842 3122 2908 animos
3153 2844 3419 2910 flectere
3455 2843 3925 2928 quodammodo
3965 2843 4049 2910 ad
4086 2843 4606 2910 misericordiam

2650 2928 2876 3012 possit.
2965 2929 3109 2995 Imo
3143 2937 3297 2996 ante
3341 2930 3565 2996 oculos
3607 2931 3796 2997 vobis
3839 2928 4212 3015 squalidum
4263 2935 4413 3010 [pag.
4456 2932 4603 3010 139]

2652 3015 2830 3080 1111110
2851 3015 3335 3100 deformemque
3358 3016 3676 3094 habitum,
3723 3024 3790 3082 01
3819 3024 4075 3084 vastam
4098 3016 4605 3101 dissipationem,

2653 3124 2819 3185 quae
2875 3110 3031 3168 sunt
3083 3104 3155 3167 in
3211 3104 3504 3169 omnium
3562 3113 3941 3188 conspectu,
4000 3105 4289 3170 statuite.
4381 3102 4604 3186 Quid?

2652 3210 2959 3273 sponsam
2986 3188 3255 3268 Christi,
3304 3198 3592 3273 vestram
3621 3192 3913 3257 omnium
3942 3204 4241 3269 matrem,
4268 3211 4609 3275 quousque

2652 3274 2922 3341 tandem
2979 3275 3072 3342 sic
3127 3284 3524 3358 prostratam
3576 3277 4015 3361 afflictamque
4073 3279 4286 3344 iacere
4339 3276 4604 3343 feretis?

2651 3362 3056 3427 Praesertim
3100 3383 3305 3445 quum
3341 3370 3409 3428 et
3452 3362 3649 3429 fidem
3692 3372 3985 3429 vestram
4022 3363 4344 3446 imploret,
4391 3370 4459 3428 et
4495 3384 4605 3429 vo-

2652 3448 2753 3514 bis
2797 3445 2882 3512 ad
2905 3469 3172 3513 manum
3215 3448 3302 3514 sit
3337 3450 3479 3514 eius
3501 3449 3944 3516 sublevandae
3989 3449 4201 3515 ratio?
4274 3450 4603 3533 Percipite

2653 3532 2890 3600 deinde
2933 3534 3198 3614 animis,
3255 3544 3498 3618 quanto
3541 3536 3876 3603 acerbiora
3926 3537 4058 3601 iam
4101 3535 4366 3603 instent.
4456 3536 4604 3603 Non

2653 3622 2830 3686 enim
2887 3620 3113 3703 procul
3159 3622 3343 3688 abest
3386 3622 3661 3687 ultimus
3703 3623 4038 3701 interitus,
4095 3622 4227 3688 nisi
4272 3644 4471 3707 quam
4515 3623 4603 3689 ei-

2652 3706 2904 3772 tissime
2947 3706 3208 3774 obviam
3265 3710 3445 3774 eatis.
3538 3707 3849 3775 Servabit
3891 3708 4155 3792 quidem
4199 3709 4602 3787 mirabiliter,

2653 3801 2721 3859 et
2784 3813 2985 3876 supra
3049 3793 3392 3859 hominum
3466 3795 3869 3880 opinionem,
3948 3795 4325 3879 ubicunque
4409 3795 4600 3873 volet,

2652 3880 2995 3946 ecclesiam
3022 3900 3214 3946 suam
3247 3879 3586 3947 Christus:
3632 3880 3748 3947 sed
3786 3881 3909 3947 hoc
3960 3881 4119 3963 dico,
4162 3883 4219 3948 si
4252 3881 4601 3966 paululum

2649 3966 2844 4031 modo
2900 3972 3223 4033 cessatum
3261 3966 3480 4034 adhuc
3524 3987 3564 4032 a
3606 3968 3791 4034 vobis
3825 3968 4058 4048 fuerit,
4115 3969 4429 4036 ecclesiae
4472 3968 4601 4033 for·

2649 4073 2830 4118 mam
2874 4073 2995 4118 nos
3036 4053 3109 4117 in
3154 4052 3515 4118 Germania
3557 4054 3811 4119 nullam
3854 4052 4210 4122 habituros.
4300 4054 4599 4122 Circum-

2649 4138 2881 4223 spicite
2938 4145 3096 4222 quot
3150 4138 3392 4205 indicia
3445 4139 3654 4219 illam,
3731 4140 3837 4206 cui
3905 4161 4248 4208 occurrere
4307 4164 4423 4207 vos
4484 4161 4603 4224 par

2650 4232 2766 4303 001,
2812 4225 3075 4291 1111110111
3110 4225 3462 4306 minentur,
3505 4227 3768 4311 iamque
3803 4227 4146 4294 imminere
4182 4226 4595 4294 denuncient.

2647 4311 2776 4377 Illa
2821 4313 2982 4377 satis
3022 4311 3403 4395 loquuntur,
3454 4313 3652 4378 etiam
3695 4313 3752 4379 si
3796 4319 4069 4380 taceam.

2821 4395 3217 4481 Quanquam
3273 4420 3402 4463 11011
3458 4399 3785 4481 praesenti
3836 4406 4097 4465 tantum
4155 4407 4421 4483 aspectu
4461 4419 4598 4464 mo-

2646 4505 2801 4550 vere
2845 4505 2965 4549 nos
3021 4484 3182 4551 haec
3238 4483 3512 4565 indicia,
3570 4484 3683 4550 sed
3729 4484 3994 4550 divinae
4038 4507 4291 4569 quoque
4332 4486 4596 4552 ultionis

2646 4570 3199 4637 commonefacere
3245 4569 3501 4635 debent.
3572 4570 3827 4637 Vitiato
3871 4578 3969 4637 tot
4011 4575 4236 4654 pravis
4277 4573 4597 4657 opinioni-

2646 4657 2799 4734 bus,
2860 4664 2956 4721 tot
3006 4657 3225 4740 impiis
3284 4657 3615 4739 foedisque
3668 4657 4239 4742 superstitionibus
4292 4680 4599 4743 perverso

2647 4740 2778 4807 Dei
2843 4741 3053 4820 culta,
3130 4744 3337 4808 atroci
3401 4744 3799 4809 contumelia
3867 4744 4148 4810 afficitur
4211 4766 4397 4812 sacra
4461 4746 4599 4812 eius

2648 4828 2979 4905 maiestas,
3023 4829 3408 4911 profanatur
3449 4837 3752 4895 sanctum
3794 4829 3933 4895 eius
3978 4851 4236 4911 nomen,
4283 4832 4423 4899 eius
4506 4831 4599 4897 lo-

2648 4914 2750 4979 ria
2795 4920 3053 4978 tantum
3099 4933 3231 4977 non
3275 4914 3550 4996 pedibus
3593 4916 3903 4981 calcatur:
3962 4916 4092 4982 imo
4135 4938 4339 5000 quum
4382 4940 4424 5002 p
4491 4939 4600 4983 am

586 5001 676 5067 sit
718 5022 794 5067 ac
839 5001 1133 5081 difficile,
1177 5004 1521 5083 miramur,
1579 5004 1637 5070 si
1681 5002 1762 5069 ad
1809 5024 1947 5068 rem
1992 5005 2288 5069 omnium
2331 5003 2543 5067 maxi·
2594 5050 2599 5089 ,
2648 4998 3018 5064 idololatria
3060 4999 3443 5084 inquinatus
3474 5002 3561 5067 sit
3582 5010 3758 5067 totus
3791 5001 4191 5069 christianus
4227 5003 4419 5083 orbis,
4455 5025 4593 5083 sua,

588 5107 766 5151 mam
812 5096 878 5151 ct
921 5089 1550 5170 praestantissimam
1592 5095 1740 5172 [pag.
1787 5095 1929 5170 138]
1971 5110 2090 5174 per
2125 5089 2371 5155 multas
2417 5086 2542 5151 dif-
2594 5092 2599 5177 ξ
2651 5086 2790 5153 01110
2834 5084 3005 5165 1000,
3053 5087 3368 5170 figmenta
3412 5087 3709 5154 homines
3753 5086 4045 5154 adorant.
4135 5090 4326 5157 Mille
4369 5112 4597 5174 super-

584 5171 912 5239 ficultates
976 5175 1061 5237 sit
1126 5175 1550 5241 enitendum?
1638 5174 1928 5255 Deinde,
1992 5172 2545 5259 quemadmodum
2594 5180 2599 5197 ⁴

587 5296 866 5305 ———

725 5359 784 5428 1)
820 5360 883 5417 In
917 5362 1278 5433 apologetico.

2650 5171 2994 5238 stitionum
3059 5173 3311 5255 species
3374 5180 3691 5258 regnant,
3766 5194 3933 5257 quae
3996 5180 4096 5239 tot
4148 5183 4307 5241 sunt
4368 5184 4597 5260 aperta

2650 5258 2788 5322 eius
2845 5257 3144 5324 ludibria.
3232 5257 3470 5324 Virtus
3526 5259 3774 5325 Christi
3841 5281 4045 5345 prope
4110 5262 4455 5328 obliterata
4510 5282 4594 5328 ex

2594 5384 2601 5406 .
2648 5342 2990 5410 hominum
3035 5346 3301 5411 animis:
3360 5345 3597 5413 fiducia
3638 5346 3870 5417 salutis
3927 5349 4009 5414 ab
4049 5349 4192 5431 ipso
4236 5347 4320 5414 ad
4360 5350 4594 5416 inanes
