4999 6179
674 452 763 516 23
1988 452 2115 519 LE
2159 393 2764 534 OATfiOHISME
2808 452 2938 518 DE
2985 450 3389 518 GENEVE.
4614 448 4695 511 24

1521 639 1791 694 n’mnr.

851 708 1072 774 Voire.

1438 832 1507 866 nn
1539 831 1798 866 mmm.
1816 813 1836 845 ¹

850 881 1214 967 Pom-quoy
1266 880 1732 966 l’appelles-tu
1787 813 1936 945 Fila
1993 881 2240 963 unique
2308 879 2388 945 de
2437 880 2634 957 Dieu,

674 985 807 1032 veu
844 987 973 1051 que
1013 967 1191 1033 Dieu
1233 989 1403 1034 nous
1449 967 1701 1051 appelle
1745 976 1891 1032 tous
1937 987 2043 1032 ses
2086 965 2363 1032 enfans?
2437 1013 2441 1017 ·

1525 1070 1793 1123 L’mm.

851 1137 949 1205 Oe
991 1159 1118 1221 que
1161 1159 1330 1205 nous
1373 1159 1656 1204 sommes
1697 1139 1928 1205 enfans
1971 1137 2053 1203 de
2094 1137 2319 1217 Dieu,·
2358 1158 2432 1204 66
2471 1137 2642 1203 n’est

675 1242 798 1306 pas
841 1222 924 1288 de
966 1231 1230 1290 nature:
1277 1226 1446 1290 m'ais
1488 1225 1855 1291 seulement
1894 1245 2017 1308 par
2061 1224 2368 1307 adoption
2412 1232 2479 1288 et
2519 1244 2641 1307 par

675 1329 900 1393 grace:
980 1317 1213 1375 entant
1276 1332 1403 1394 que
1466 1312 1645 1376 Dieu
1708 1332 1876 1376 nous
1939 1318 2101 1378 veut
2162 1316 2430 1393 reputer
2494 1309 2641 1374 telz.

675 1395 852 1460 Mais
895 1395 957 1462 16
998 1394 1329 1481 Seigneur
1360 1396 1567 1477 Iesus,
1612 1397 1727 1481 qui
1760 1403 1862 1462 est
1896 1395 2233 1480 engendre
2271 1395 2352 1461 de
2384 1396 2453 1460 la
2487 1396 2641 1462 sub-

676 1488 902 1547 stance
947 1480 1027 1548 de
1070 1503 1189 1548 son
1232 1484 1433 1563 Pere,
1480 1491 1548 1548 et
1589 1489 1694 1549 est
1736 1482 1932 1548 d'une
1974 1502 2223 1548 mesme
2267 1501 2553 1559 6666666,
2602 1488 2643 1546 a

674 1565 808 1633 bon
863 1566 1072 1633 droict
1116 1576 1217 1635 est
1260 1569 1396 1636 dict
1435 1568 1584 1634 Filz
1624 1570 1872 1650 unique
1917 1567 2188 1653 (Ephes.
2232 1573 2285 1647 1,
2327 1572 2395 1648 5;
2429 1568 2641 1633 Iehan

680 1657 738 1733 1,
782 1656 860 1716 14
877 1676 894 1733 ;
929 1653 1136 1719 Hebr.
1184 1661 1235 1735 l,
1274 1654 1364 1739 2).
1457 1654 1591 1721 Car
1633 1655 1685 1719 il
1737 1659 1853 1738 n'y
1900 1675 1940 1719 a
1991 1675 2118 1737 que
2169 1654 2291 1738 luy
2336 1653 2475 1719 seul
2529 1655 2642 1736 qui

676 1739 808 1804 soit
846 1740 1126 1805 natm-el.

1476 1860 1543 1897 m
1574 1861 1836 1898 mm·
2525 1865 2531 1871 '

848 1913 952 1978 'I'u
996 1934 1175 1980 veux
1220 1912 1390 1978 donc
1433 1911 1575 1977 dire
1589 1963 1603 1989 ‚
1649 1933 1776 1994 que
1820 1919 1957 1977 cest
1997 1912 2303 1976 honneur
2343 1918 2447 1976 est
2487 1931 2642 1995 pro-

672 2019 794 2081 pre
852 2007 896 2064 a
950 1999 1071 2083 luy
1130 1999 1271 2065 seul
1287 2050 1304 2078 ,
1373 2006 1441 2063 et
1495 1998 1611 2083 luy
1668 1998 2044 2083 appartient
2096 1996 2639 2063 naturellement:

672 2085 844 2149 mais
896 2085 947 2149 il
998 2105 1168 2151 nous
1210 2096 1313 2151 est
1354 2085 1813 2167 communique
1867 2084 1950 2150 de
2007 2083 2139 2150 don
2190 2084 2469 2169 gratuit,
2526 2104 2644 2148 en-

672 2176 827 2235 tant
869 2191 997 2254 que
1041 2191 1212 2236 nous
1255 2190 1538 2235 66161666
1583 2192 1687 2235 666
1728 2170 2074 2236 membres.

1520 2273 1792 2327 n’nuru'r.

852 2340 1034 2408 O’est
1086 2342 1245 2408 cela.
1331 2342 1426 2407 Et
1486 2348 1805 2424 pom-tant
1840 2361 1950 2406 au
2015 2339 2256 2425 regat-d
2319 2339 2402 2406 de
2466 2347 2642 2406 ceste

2947 648 2952 657 *
3641 656 3795 693 runt.

2914 706 3029 775 Sic
3069 715 3190 775 est.

3589 829 3850 865 mm.

2832 956 2842 969 ,
2915 881 3056 948 Our
3106 880 3321 947 filium
3362 880 3494 946 Dei
3544 881 3818 947 unicum
3881 898 4255 962 nuncupas,

2744 988 2997 1051 quoque
3041 967 3478 1051 appellatione
3519 987 3641 1033 nos
3684 987 3911 1032 omnes
3955 963 4266 1049 dignetur

3647 1087 3801 1122 PUBB·

2918 1138 3113 1220 Quod
3154 1138 3277 1205 filii
3317 1136 3449 1205 Dei
3495 1158 3758 1216 sumus,
3813 1159 3948 1203 non
3997 1136 4066 1201 id
4123 1134 4446 1202 habemus
4502 1157 4543 1200 a
4584 1154 4701 1199 na-

2744 1233 2914 1302 tura,
2960 1225 3077 1291 sed
3121 1225 3468 1309 adoptione
3525 1231 3594 1290 et
3634 1224 3851 1308 gratia
3894 1224 4247 1289 duntaxat:
4291 1221 4464 1305 quod
4509 1241 4630 1287 nos
4645 1223 4701 1303 ²)

2745 1332 2824 1376 66
2878 1312 3017 1376 1666
3070 1310 3314 1377 habeat
3357 1310 3559 1377 Deus.
3661 1312 3759 1374 At
3798 1309 4130 1375 Dominus
4172 1308 4393 1388 Iesus,
4449 1309 4567 1390 qui
4621 1328 4703 1373 ex

4355 899 4515 942 uum
4580 875 4702 943 hac

4377 961 4536 1029 eus?

2747 1398 3119 1464 substantia
3170 1396 3378 1480 patris
3434 1402 3536 1462 est
3590 1395 3855 1480 genitus
3875 1447 3889 1476 ,
3942 1396 4270 1477 uniusque
4325 1415 4478 1460 oum
4518 1400 4702 1475 patre

2745 1485 3072 1549 essentiae
3107 1492 3227 1564 est,
3274 1482 3520 1566 optimo
3555 1482 3704 1547 iure
3744 1482 3923 1550 filius
3955 1483 4087 1547 Dei
4121 1481 4356 1547 unicus
4400 1488 4699 1545 vocatur:

2746 1591 2950 1654 quum
2994 1569 3177 1635 solus
3218 1569 3307 1635 sit
3348 1573 3607 1635 natura.

2917 1895 3249 1995 Intelligis
3306 1916 3493 1980 ergo,
3559 1845 4109 1962 hliinnlgmlionorem
4164 1893 4304 1959 eius
4358 1913 4500 1959 esse
4554 1914 4699 1976 pro-

2746 1983 2984 2065 prium,
3029 2004 3141 2064 qm
3176 1991 3451 2048 naturae
3492 1982 3636 2047 iure
3669 1981 3772 2046 illi
3805 1981 4152 2060 debeam-3
4199 1984 4316 2059 [fol.
4369 1995 4394 2043 1
4409 1985 4473 2059 5]
4518 1978 4701 2045 nobis

2747 2090 2901 2133 eum
2935 2078 3160 2133 autem
3195 2070 3485 2152 gratuito
3519 2065 3835 2134 beneficio
3865 2065 4352 2145 communicari,
4382 2072 4702 2149 quatenus

2749 2174 2980 2219 sumus
3025 2152 3180 2219 eius'
3213 2155 3527 2220 membra.

3660 2274 3690 2309 1³
3729 2274 3814 2309 RB.

2921 2324 3232 2391 Omnino.
3322 2324 3558 2425 Itaque
3601 2274 3744 2391 ciuus
3786 2322 4395 2391 communicationis
4435 2323 4699 2402 intuitu,

674 2429 1259 2507 eommunioation,
1316 2428 1365 2492 ss
1420 2434 1524 2494 est
1576 2427 1712 2494 djot
1764 2426 2033 2492 afilem-3
2076 2426 2139 2492 10
2181 2427 2468 2509 premier
2509 2448 2643 2512 nay
2749 2410 2907 2478 alibi
2960 2411 3341 2477 nominatur
3392 2410 3872 2495 primogenitus
3924 2412 4102 2476 inter
4154 2409 4400 2474 multos
4449 2410 4699 2476 fratres.

670 2522 866 2580 entre
907 2514 1239 2598 plusieurs
1278 2512 1488 2579 freres
1514 2497 1754 2597 ¹(R0m.
1794 2516 1853 2592 8,
1894 2517 2005 2593 29“;
2043 2511 2291 2578 061666.
2335 2517 2389 2591 1,
2437 2514 2562 2596 15).

1474 3133 1544 3168 u:
1575 3132 1836 3168 mm

849 3183 1000 3266 Que
1043 3189 1208 3252 veut
1250 3181 1392 3248 dire
1435 3204 1511 3250 ce
1553 3183 1667 3266 qui
1711 3182 1983 3249 s'ensuit
2025 3180 2260 3266 apres?

1525 3286 1795 3341 n’mnur.

672 3443 767 3510 du
808 3356 1240 3525 PIdreiegbffie
1254 3354 1652 3507 11ἰοιὲἷῖὲῖ
1677 3354 2642 3508 ἓξίηὲῡῖιὲιθιὸἓεῦθδαῗεὲζῗῗ

671 3550 761 3597 en
798 3538 1091 3614 prenant
1127 3535 1353 3595 nostre
1397 3527 1583 3594 chair
1625 3527 1941 3594 humaine
1954 3579 1969 3606 ‚
2027 3537 2095 3591 et
2122 3526 2642 3610 accomplissant

668 3616 774 3681 les
808 3615 1039 3682 choses
1072 3615 1368 3699 requises
1401 3619 1446 3678 a
1479 3619 1703 3679 nostre
1725 3612 2159 3696 redemption‚
2197 3631 2449 3678 comme
2478 3612 2640 3680 elles

676 3706 735 3782 [f
922 3705 950 3781 ]
1115 3710 1146 3766 t
1190 3701 1203 3715 ‘
1451 3698 1537 3764 'te

730 3712 800 3767 ol.
843 3714 920 3768 10
993 3721 1112 3767 666
1184 3722 1292 3785 icy
1335 3719 1470 3764 recl
1539 3721 1629 3766 66.

1475 3820 1544 3854 LE
1579 3817 1839 3854 mmm·

852 3871 1350 3956 Qu’entens-tu
1403 3891 1525 3954 par
1580 3890 1687 3936 666
1742 3867 1917 3935 deux
1964 3867 2180 3935 mots?
2247 3889 2490 3935 conceu
2549 3869 2640 3936 du

672 3958 749 4028 S.
793 3960 1044 4044 Esprit,
1091 3979 1226 4044 nay
1269 3955 1353 4022 de
1393 3955 1461 4022 la
1494 3953 1740 4040 ‘Vierge
1782 3954 2039 4022 Mario?

656 4187 673 4206 ,
849 4131 1030 4214 6ηή
1072 4150 1113 4196 a
1156 4135 1299 4197 este
1342 4079 1560 4195 form&
1577 4076 1952 4194 ffffissntre
1995 4126 2077 4194 de
2116 4126 2186 4192 la
2207 4125 2456 4212 vierge
2490 4128 2641 4194 Ma-

668 4220 802 4298 rie,
858 4217 940 4283 de
980 4218 1049 4283 la
1089 4236 1331 4300 propre
1376 4215 1728 4282 substance
1769 4212 2019 4280 d’icelle
2032 4264 2050 4294 ,
2109 4234 2278 4298 pour
2320 4220 2495 4280 estre
2537 4235 2641 4281 se-

672 4325 905 4371 616666
963 4302 1046 4368 (16
1085 4299 1339 4380 David,
1395 4322 1649 4368 comme
1700 4300 1749 4365 il
1802 4301 1985 4366 avoit
2042 4306 2180 4365 este
2235 4299 2515 4384 predict:
2574 4307 2643 4368 et

594 4397 601 4412 '
672 4389 1095 4458 neantmoins
1141 4409 1266 4471 que
1310 4385 1451 4454 cela
1493 4388 1653 4453 s'est
1692 4386 1851 4453 faict
1893 4407 2016 4469 par
2056 4386 2397 4469 operation
2436 4385 2640 4452 mira—

3591 2617 3854 2653 mmm.

2920 2667 3226 2750 Qualiter
3260 2665 3626 2733 Dominum
3647 2689 3794 2735 esse
3831 2674 4138 2735 nostrum
4167 2664 4536 2754 intelligis?
4559 2669 4618 2754 ⁸)

2919 2837 3113 2907 Sicut
3163 2861 3204 2903 a
3259 2846 3450 2922 patre
3493 2789 3885 2906 oonsffinfffius
3942 2846 4073 2920 est,
4127 2845 4204 2906 ut
4263 2837 4387 2907 sub
4425 2839 4700 2925 imperio

2746 2945 2866 2993 suo
2900 2946 3022 2991 666
3064 2922 3334 3003 habeat,
3378 2930 3455 2988 ut
3487 2924 3617 2989 Dei
3650 2945 3931 3010 regnum
3966 2924 4381 2991 administret
4420 2925 4492 2991 in
4528 2926 4703 2994 66616

2747 3026 2816 3077 et
2855 3013 2928 3077 in
2971 3022 3168 3092 terra,
3214 3010 3432 3094 sitque
3472 3009 3815 3077 hominum
3827 3012 3888 3096 ⁴)
3945 3021 4144 3095 caput
4186 3019 4254 3076 et
4296 3012 4698 3098 angelorum.

2918 3181 3099 3267 Quid
3142 3182 3269 3249 sibi
3311 3181 3458 3250 vu1t
3501 3133 3937 3268 ςιιόῗῖῗέιω
3980 3182 4321 3269 sequitur?

2914 3354 3195 3424 Modum
3236 3355 3540 3435 ostendit,
3583 3305 3938 3437 ngmfilius
3984 3361 4223 3422 unctus
4267 3361 4369 3421 est
4407 3376 4448 3422 a
4488 3362 4695 3440 patre,

2742 3448 2821 3508 ut
2883 3441 3071 3508 nobis
3134 3448 3308 3508 esset
3373 3440 3682 3508 salvator.
3767 3439 4055 3526 Nempe,
4122 3440 4297 3525 quod
4362 3451 4700 3526 assumpta

2742 3548 2942 3596 carne
2984 3535 3216 3595 nostra
3263 3528 3348 3593 iis
3403 3527 3788 3610 perfunctus
3839 3536 3943 3592 est
3995 3527 4327 3608 omnibus,
4398 3549 4566 3611 quae
4621 3526 4702 3593 ad

2743 3614 3028 3680 salutem¹
3073 3619 3372 3680 nostram
3429 3623 3623 3680 erant
3663 3613 4063 3679 necessaria:
4108 3613 4280 3680 sicut
4324 3614 4432 3680 hic
4475 3635 4699 3681 recen-

2744 3709 2993 3768 sentur.
4461 3737 4466 3748 ι

3590 3820 3853 3856 meum.

2917 3867 3099 3953 Quid
3155 3870 3262 3937 his
3318 3870 3573 3938 duabus
3619 3870 3964 3937 sententiis
4007 3872 4369 3958 significas,
4425 3891 4699 3954 concep·

2743 3963 2888 4023 tum
2923 3977 3066 4024 esse
3102 3979 3185 4022 ex
3222 3958 3458 4041 spiritu
3493 3963 3741 4037 sancto,
3777 3963 4008 4036 natum
4043 3980 4129 4024 ex
4149 3958 4366 4024 Maria
4399 3955 4696 4042 virgine?

2912 4128 3303 4195 Formatum
3338 4127 3411 4192 16
3445 4135 3635 4194 utero
3647 4077 3950 4214 ζῇς-1616
3982 4127 4204 4210 fuisse,
4249 4150 4334 4195 ex
4368 4129 4509 4195 eius
4543 4129 4696 4197 sub-

2744 4216 3006 4295 stantia,
3052 4221 3129 4279 ut
3172 4221 3347 4280 esset
3387 4234 3624 4282 verum
3667 4236 3890 4281 semen
3927 4213 4224 4293 Davidis,
4272 4213 4550 4300 qualiter
4584 4235 4698 4283 va-

2746 4301 2987 4366 ticiniis
3043 4299 3516 4384 prophetarum
3571 4300 3986 4384 praedictum
4041 4302 4282 4368 fuerat:
4350 4300 4420 4368 id
4473 4311 4695 4368 tamen

2741 4386 3023 4452 mirifica
3076 4406 3446 4469 arcanaque
3504 4386 3777 4471 spiritus
3827 4386 4073 4453 virtute
4095 4407 4102 4418 ³
4126 4387 4330 4454 fuisse
4374 4386 4693 4464 effectum,

672 4476 944 4546 culeuse
984 4471 1075 4539 du
1114 4474 1327 4540 sainct
1368 4472 1627 4556 Esprit,
1682 4494 1837 4539 sans
1881 4472 2269 4557 compagnie
2313 4471 2640 4538 d'homme
2744 4472 2987 4556 absque
3029 4471 3207 4538 virili
3251 4473 3449 4540 coitu.

674 4564 818 4650 (Pe.
858 4566 961 4643 32,
1004 4564 1113 4641 113
1154 4558 1395 4626 Matth.
1442 4563 1496 4640 1,
1538 4563 1568 4623 1
1611 4565 1678 4625 et
1716 4563 1830 4638 163
1865 4558 2011 4626 Luc
2053 4563 2111 4639 1,
2149 4561 2231 4623 32
2268 4563 2337 4624 et
2371 4557 2506 4644 55).

712 4703 1153 4889 haigstoit‘lfl
1197 4731 1366 4799 donc
1411 4680 1854 4815 rexgffioeffil
1890 4729 2129 4797 vestist
2152 4736 2377 4798 nostre
2398 4750 2638 4815 propre

672 4846 711 4891 c

2909 4729 3166 4796 Eratne
3225 4729 3238 4743 ‘
3290 4729 3428 4795 itur
3480 4679 3727 4813 6116111Ξὲι
3729 4680 4073 4813 Ἒῒώυω,
4118 4739 4195 4796 ut
4237 4751 4504 4802 carnem
4545 4752 4693 4800 nos·

2737 4822 2911 4883 tram
2952 4815 3259 4884 indueret

985 5110 1048 5179 1)
1084 5111 1167 5167 Le
1204 5110 1255 5167 7.
1291 5109 1586 5166 dimanche.
1632 5136 1700 5147 —-
1746 5107 1926 5164 Christ
1958 5107 2076 5162 Fils
2123 5110 2320 5178 unique
2367 5107 2435 5163 de
2468 5106 2627 5163 Dieu.
2671 5134 2742 5147 -
2787 5106 3018 5164 Onction
3053 5106 3120 5162 de
3156 5106 3354 5162 Christ.
3403 5135 3473 5147 —
3521 5106 3701 5162 Christ
3734 5122 3863 5174 vray
3898 5106 4124 5163 homme.
4159 5136 4231 5147 —
4272 5104 4585 5164 Recouvrer
4626 5121 4693 5162 en

674 5184 859 5241 Christ
891 5196 957 5240 ce
1024 5180 1085 5236 ui
1117 5195 1256 5236 nous
1292 5180 1493 5236 defaut.
1525 5208 1593 5218 -
1628 5177 1810 5233 Christ
1843 5189 2049 5233 666666
2089 5175 2161 5232 dn
2195 5177 2249 5233 8.
2283 5175 2488 5246 Esprit.

1021 5251 1049 5318 )
1083 5248 1230 5319 quod
1263 5249 1471 5305 scilicet
1513 5263 1583 5303 no
1661 5247 1777 5302 sori
1813 5251 2002 5303 urunt
2040 5244 2326 5301 Gallaeius
2377 5251 2428 5302 et
2460 5244 2629 5300 Beza.

672 5320 796 5378 edd.
841 5319 1055 5391 aliquot
1092 5317 1449 5375 mactatus
1492 5315 1596 5371 156
1631 5356 1644 5370 .
1694 5263 1845 5370 1532).
1928 5313 2181 5372 Eaedem
2213 5321 2501 5387 own-amque

670 5390 906 5462 genicio.
1202 5386 1238 5441 4
1240 5396 1265 5456 J
1300 5386 1536 5443 fidelium
1573 5383 1726 5441 1563.

2923 5242 3719 5313 3)Haeequaesaeiowmre
3862 5244 4691 5301 simhoczoooonittitureb

2552 5315 2806 5370 interum
2854 5312 3012 5380 infra
3061 5318 3189 5381 post
3234 5314 3402 5370 verba
3452 5315 3642 5384 pueri.-
3697 5314 3735 5370 S
3846 5313 4114 5385 intelligo,
4169 5311 4230 5371 'ut
4288 5320 4368 5370 est
4423 5317 4484 5370 in
4538 5314 4696 5370 libri-⁸
