4999 6179
399 442 525 505 293
789 471 803 485 ·
1897 439 2027 504 DE
2072 437 2428 507 LIBERO
2469 439 2948 509 ARBI'PRIO.
4309 450 4441 514 294

395 628 672 693 fectione
749 625 1037 691 iustitiae
1111 624 1352 690 scribit.
1464 624 1641 689 Nam
1714 625 1852 692 illic
1928 625 2189 711 Pelagii
2259 625 2358 691 di-

395 714 638 780 lemma
692 713 907 796 ponit,
965 707 1413 793 quaerendum
1469 732 1615 777 esse
1629 762 1645 790 ‚
1699 732 1821 795 per
1874 711 2031 795 quid
2078 712 2359 778 efficitur

395 800 593 865 homo
653 819 806 864 cum
851 794 1162 881 peccato?
1219 816 1340 879 per
1398 804 1675 862 naturae
1726 799 2213 877 necessitatem,
2272 818 2358 863 an

393 907 513 971 per
565 885 818 950 arbitrii
880 882 1295 949 libertatem?
1396 882 1572 947 Nam
1619 883 1676 948 si
1734 903 1856 966 per
1909 890 2188 948 naturae
2241 904 2358 948 ne-

397 972 789 1049 cessitatem,
835 970 1069 1053 inquit,
1115 968 1314 1052 culpa
1356 975 1562 1048 caret;
1607 971 1664 1034 si
1707 990 1826 1051 per
1870 968 2122 1034 arbitrii
2158 969 2358 1035 liber-

395 1064 634 1133 tatem,
691 1052 1143 1140 quaerendum
1187 1076 1227 1119 a
1284 1075 1411 1137 quo
1467 1056 1806 1138 acceperit.
1896 1055 1962 1120 A
1996 1054 2141 1121 Deo
2185 1054 2358 1121 scili-

394 1152 513 1213 cet.
603 1144 870 1209 Bonum
910 1142 1120 1225 igitur
1162 1162 1203 1207 a
1255 1140 1445 1205 bono.
1535 1140 1676 1207 Gur
1717 1143 1941 1223 itaque
1984 1138 2068 1206 ad
2109 1141 2361 1207 malum

393 1230 781 1317 propensius
835 1225 1116 1292 dicitur?
1225 1226 1611 1310 Respondet
1674 1224 1910 1291 deinde
1972 1228 2132 1310 ipse.
2226 1228 2360 1295 Per

395 1317 650 1384 arbitrii
703 1313 1080 1378 libertatem
1131 1313 1375 1378 factum
1435 1319 1563 1391 est,
1629 1321 1707 1377 ut
1749 1320 1922 1379 esset
1964 1312 2162 1377 homo
2208 1333 2359 1378 cum

391 1410 684 1488 peccato;
748 1398 863 1465 sed
918 1399 1052 1465 iam
1101 1399 1400 1481 poenalis
1443 1399 1767 1465 vitiositas
1826 1398 2232 1482 subsequuta
2276 1420 2359 1464 ex

390 1490 694 1556 libertate
737 1487 894 1552 fecit
933 1485 1407 1551 necessitatem.
1498 1483 1692 1551 Unde
1734 1483 1818 1548 ad
1853 1487 2075 1550 Deum
2120 1485 2359 1550 clamat

390 1576 586 1643 fides:
633 1574 739 1639 De
782 1570 1282 1637 necessitatibus
1326 1571 1491 1635 meis
1546 1592 1702 1635 erue
1745 1592 1853 1636 me
1902 1572 2040 1652 (Ps.
2083 1575 2183 1650 25,
2227 1572 2354 1657 17).

392 1661 537 1728 Sub
576 1659 813 1743 quibus
855 1656 1053 1741 positi
1095 1657 1200 1722 vel
1244 1678 1378 1721 non
1412 1677 1779 1739 possumus,
1817 1656 1990 1739 quod
2031 1656 2355 1737 volumus,

386 1747 786 1831 intelligere:
841 1742 953 1808 vel
1008 1742 1179 1825 quod
1241 1742 1790 1821 intellexerimus,
1850 1742 2187 1820 volumus,
2233 1765 2357 1810 1100

389 1834 690 1902 valemus
748 1829 1041 1913 implere.
1135 1828 1310 1893 Nam
1378 1838 1446 1894 et
1507 1830 1653 1912 ipsa
1697 1828 1971 1894 libertas
2029 1851 2069 1894 a
2119 1829 2355 1895 libera-

390 1930 532 1987 tore
615 1916 1013 1983 remittitur:
1052 1912 1130 1980 Si
1157 1936 1274 1981 vos
1291 1914 1470 1979 filius
1503 1913 1898 1993 liberaverit,
1925 1922 2045 1981 etc.
2095 1915 2352 2000 (Ioann.

391 2012 451 2087 8,
489 2009 569 2071 36
606 2056 619 2069 .
700 2002 900 2068 Victa
939 1999 1117 2065 enim
1162 2001 1340 2079 vitio,
1385 2001 1452 2064 10
1498 1999 1671 2083 011οᾶ
1707 2001 1957 2080 cecidit,
1995 2001 2355 2080 voluntate,

388 2092 605 2161 caruit
645 2090 948 2155 libertate
989 2093 1247 2151 natura.
1334 2087 1508 2152 Nam
1551 2086 1759 2151 altera
1800 2088 2125 2171 scriptura
2168 2087 2357 2152 dicit:

390 2180 457 2246 A
500 2198 629 2261 quo
683 2176 827 2259 quis
882 2172 1182 2238 devictus
1240 2179 1373 2251 est,
1432 2172 1587 2237 huic
1642 2180 1709 2236 et
1765 2194 1999 2240 servus
2055 2173 2356 2239 addictus

392 2272 493 2331 est
545 2263 767 2339 (Rom.
809 2264 867 2339 6,
912 2258 1039 2343 16).
1142 2256 1332 2324 Sicut
1393 2279 1550 2343 ergo
1605 2279 1741 2323 non
1799 2267 1900 2325 est
1957 2279 2124 2342 opus
2179 2260 2357 2325 sanis

389 2350 711 2426 medicus,
758 2344 874 2412 sed
916 2344 1090 2409 male
1133 2343 1562 2423 habentibus,
1618 2344 1713 2409 sic
1753 2366 1886 2410 non
1930 2353 2032 2410 est
2073 2366 2236 2428 opus
2275 2345 2356 2409 li-

389 2438 566 2503 beris
611 2434 955 2510 liberator,
1010 2429 1125 2496 sed
1167 2431 1408 2509 servis,
1452 2438 1530 2495 ut
1574 2431 1636 2495 ei
1680 2429 2002 2497 dicamus:
2062 2429 2357 2497 Salvasti

382 2522 464 2588 de
507 2517 1005 2588 necessitatibus
1059 2517 1350 2582 animam
1407 2537 1639 2582 meam.
1737 2518 1894 2601 Ipsa
1938 2517 2114 2583 enim
2175 2518 2354 2583 sani-

381 2616 486 2683 tas
547 2614 649 2673 est
702 2623 862 2670 vera
912 2603 1211 2682 libertae,
1278 2623 1446 2686 quae
1509 2624 1645 2668 000
1699 2604 2027 2687 periisset,
2085 2604 2138 2668 si
2185 2603 2357 2668 bona

381 2693 854 2780 permansisset
903 2688 1234 2757 voluntas.
1324 2687 1500 2771 Quia
1544 2710 1704 2755 vero
1761 2689 2063 2773 peccavit
2117 2690 2352 2755 volun-

381 2788 502 2860 tas,
550 2785 830 2863 sequuta
882 2781 983 2841 est
1038 2783 1421 2858 peccantem
1461 2774 1629 2841 dura
1681 2783 2025 2858 peccatum
2071 2774 2353 2841 habendi

381 2866 752 2939 necessitas,
793 2862 999 2927 donec
1024 2866 1159 2925 tota
1193 2870 1462 2926 sanetur
1495 2862 1867 2927 infirmitas.
1936 2860 2140 2926 Dicat
2176 2883 2352 2927 nunc

381 2950 663 3037 Pighius
718 2969 824 3013 me
877 2947 1307 3014 sententiolas
1372 2958 1640 3014 truncas
1696 2955 1762 3013 et
1815 2947 2085 3013 mutilas
2143 2947 2352 3012 addu-

384 3058 549 3107 cere.
639 3035 814 3104 Item
857 3032 1032 3116 quod
1076 3034 1302 3101 scribit
1344 3033 1430 3101 ad
1473 3033 1944 3100 Laurentium:
1993 3033 2353 3099 Hominem

381 3124 587 3191 libero
632 3119 901 3187 arbitrio
953 3119 1128 3185 male
1169 3141 1394 3200 usum,
1440 3117 1507 3185 et
1546 3141 1616 3185 se
1658 3129 1728 3186 ct
1763 3119 1928 3186 illud
1968 3119 2351 3203 perdidisse.

383 3211 476 3277 Et
497 3205 673 3292 quod
706 3208 780 3271 in
812 3205 1096 3290 eundem
1140 3226 1410 3271 sensum
1454 3227 1538 3270 ex
1580 3206 1778 3272 tertio
1822 3205 1908 3272 ad
1937 3207 2353 3273 Bonifacium

382 3297 552 3363 libro
598 3293 861 3359 adduxi.
951 3289 1145 3374 Quod
1199 3293 1257 3358 si
1296 3291 1405 3357 vel
1447 3293 1802 3375 abruptum
1843 3292 1950 3358 vel
2004 3291 2352 3358 obscurum

384 3381 628 3466 Pighio
683 3377 972 3457 videtur,
1042 3377 1267 3443 audiat
1315 3400 1398 3444 ex
1457 3377 1684 3443 eodem
1738 3376 1904 3443 libro
1957 3376 2352 3461 interpreta-

387 3469 652 3533 tionem.
740 3464 1033 3543 Iustitia,
1090 3463 1324 3547 inquit,
1369 3464 1534 3550 legis
1575 3485 1710 3529 non
1754 3462 2092 3547 impletur,
2151 3485 2352 3547 quum

388 3554 498 3621 lex
560 3551 778 3630 iubet,
846 3558 915 3615 et
967 3551 1162 3615 homo
1228 3553 1417 3634 quasi
1480 3551 1617 3616 suis
1671 3550 1922 3616 viribus
1985 3550 2171 3629 facit,
2238 3548 2356 3616 sed

309 3688 320 3695 ‚
434 3661 596 3705 uum
652 3636 922 3721 spiritus
979 3635 1281 3715 adiuvat,
1339 3646 1405 3700 et
1445 3635 1733 3701 hominis
1778 3657 1912 3700 non
1955 3635 2192 3715 libera,
2237 3636 2353 3702 sed

389 3748 492 3878 Et?
496 3734 810 3877 111811111ξ13111ἰ1
822 3721 1482 3887 ῂαξῖἓῖἓηέῗιῗιῗῗὲῐ
1489 3722 1903 3891 Ἑξῆῡίνῖιῗῐῗ
1926 3722 2258 3875 ἕοῖὐὲὶξῗ
2261 3729 2357 3874 80111

437 3895 798 3963 eccandum
852 3894 1054 3959 valet:
1114 3893 1199 3958 ad
1252 3893 1582 3958 iustitiam
1639 3899 1787 3972 [pag.
1825 3899 1934 3974 85]
1987 3915 2175 3974 vere,
2228 3896 2357 3960 nisi

441 3982 713 4049 'vinitus
768 3979 1117 4045 liberatum
1173 3980 1627 4063 adiutumque,
1693 4000 1828 4045 non
1873 3980 2064 4046 valet.
2151 3980 2357 4046 Libro

395 4078 619 4136 autem
672 4067 888 4150 primo
944 4065 1229 4130 dixerat:
1288 4065 1382 4131 Ut
1425 4065 1602 4130 filius
1645 4066 1770 4130 Dei
1817 4066 1963 4148 quis
2005 4068 2150 4145 fiat,
2195 4066 2357 4133 haec

393 4160 685 4240 potestas
742 4151 925 4217 nulla
978 4173 1122 4217 csse
1183 4161 1399 4236 potest
1451 4173 1534 4216 ex
1589 4150 1795 4216 libero
1852 4151 2149 4232 arbitrio;
2207 4153 2359 4235 quia

395 4262 517 4308 nec
556 4239 841 4305 liberum
875 4237 947 4302 in
989 4237 1157 4303 bono
1201 4239 1344 4316 erit,
1390 4235 1567 4319 quod
1602 4259 1738 4303 non
1778 4237 2088 4304 liberator
2119 4238 2360 4303 libera-

395 4328 585 4394 verit.
684 4324 891 4390 Libro
1000 4331 1191 4389 uarto
1254 4324 1348 4388 sic
1423 4322 1667 4389 iterum
1732 4326 2102 4389 confirmat:
2181 4323 2362 4406 Quid

394 4413 561 4479 mihi
604 4410 905 4477 obtendis
939 4344 1218 4475 lqbflmm
1262 4408 1650 4475 arbitrium?
1693 4409 1865 4493 quod
1908 4409 2190 4476 liberum
2226 4431 2360 4475 non

398 4501 542 4576 erit,
588 4498 720 4562 nisi
764 4496 907 4561 ovis
949 4496 1169 4560 fueris.
1250 4493 1383 4575 Qui
1417 4496 1622 4580 igitur
1659 4496 1812 4561 facit
1848 4496 2146 4561 homines
2182 4517 2357 4575 0100,

396 4586 539 4668 ipse
615 4582 700 4647 ad
775 4581 1213 4648 obedientiam
1284 4582 1584 4647 veritatis
1657 4580 1894 4647 liberat
1967 4581 2358 4646 voluntates.

398 4671 617 4739 Nimis
660 4677 836 4734 certe
881 4689 1177 4732 morosus
1218 4667 1414 4730 homo
1460 4675 1561 4732 est
1599 4666 1896 4751 Pighius,
1944 4668 1999 4732 si
2044 4665 2201 4750 quid
2245 4667 2361 4731 ad-

399 4755 531 4822 huc
576 4756 954 4839 obstrepere
1004 4753 1111 4819 1110
1165 4753 1353 4817 ausit.
1412 4754 1796 4818 Postremus
1837 4752 2021 4818 locus
2064 4774 2148 4817 ex
2193 4751 2361 4817 libro

404 4842 485 4907 de
551 4840 984 4922 correptione
1045 4847 1113 4903 et
1177 4840 1390 4922 gratia
1453 4847 1754 4921 sumptus
1817 4845 1943 4903 est:
2010 4836 2126 4903 ubi
2198 4836 2359 4918 dioc,

403 4928 859 5014 Augustinum
936 4925 1113 4990 vocis
1203 4945 1397 4988 usum
1481 4925 1711 4990 iocosis
1783 4924 2004 4989 verbis
2078 4922 2362 5004 eludere,

405 5035 610 5098 quum
663 5013 757 5079 sic
802 5012 1117 5094 loquitur:
1171 5010 1489 5075 Liberum
1527 5008 1894 5088 arbitrium,
1937 5010 2218 5074 liberum
2260 5011 2363 5075 iu-

408 5102 656 5178 stitiae,
713 5117 980 5163 servum
1033 5096 1299 5180 peccati.
1407 5096 1580 5161 Nam
1645 5093 2015 5161 libertatem
2078 5095 2364 5160 hominis

408 5207 541 5251 non
598 5185 794 5250 aliam
837 5184 1156 5267 agnoscit,
1211 5183 1337 5247 nisi
1381 5203 1421 5246 a
1474 5181 1725 5247 iustitia
1763 5181 2363 5260 manumissionem,

411 5292 575 5355 quae
617 5271 992 5336 miserrima
1034 5276 1133 5335 est
1174 5269 1425 5352 peccati
1466 5266 1765 5334 servitus.
1857 5264 2108 5347 Quinto
2144 5275 2366 5332 autem

415 5366 567 5424 ante
612 5378 827 5437 versu,
872 5379 1005 5421 non
1040 5355 1169 5420 alia
1212 5355 1466 5420 ratione
1507 5354 1789 5419 liberum
1833 5372 1975 5418 esse
2019 5352 2365 5419 arbitrium

2463 626 2755 709 dixerat,
2819 630 2947 695 nisi
3016 628 3175 695 dum
3238 650 3357 713 per
3434 631 3718 714 gratiam
3774 632 4108 699 liberatur.
4211 633 4434 701 Locus

2463 719 2688 778 autem
2729 716 3006 798 primus,
3052 737 3137 780 ex
3173 715 3459 781 secundo
3504 718 3821 784 adversus
3861 719 4199 785 Iulianum
4242 719 4431 800 libro,

2462 798 2576 865 ubi
2632 821 2899 867 servum
2954 800 3271 885 appellat,
3326 801 3422 868 sic
3475 802 3705 870 habet:
3774 805 3907 871 Hic
3962 806 4169 872 vultis
4220 805 4435 871 homi-

2462 905 2619 949 nem
2663 888 2917 968 perfici3
2962 895 3161 971 atque
3205 887 3461 952 utinam
3504 887 3636 954 Dei
3682 888 3870 969 done,
3914 900 3980 956 et
4024 911 4160 955 non
4205 891 4430 969 libere,

2463 970 2571 1036 vel
2613 972 2834 1054 potius
2889 993 3080 1039 servo
3122 974 3485 1040 voluntatis
3540 975 3828 1041 arbitrio,
3919 977 4013 1042 Et
4067 977 4175 1041 hic
4219 975 4433 1043 adhuc

2462 1056 2815 1122 oblatrabit
2876 1059 3189 1143 Pighius,
3248 1081 3382 1124 non
3449 1060 3820 1146 intelligere
3884 1081 3993 1127 me
4056 1061 4227 1145 quod
4283 1064 4431 1143 cit0,

2462 1143 2571 1208 vel
2616 1151 2923 1210 truncata
2981 1146 3180 1210 verba
3223 1144 3598 1229 decerpere,
3657 1169 3825 1231 quae
3870 1148 4235 1232 Augustini
4279 1169 4431 1214 sen-

2463 1249 2613 1293 sum
2667 1229 2940 1296 minime
2993 1230 3367 1314 explicent?
3465 1233 3684 1315 Atque
3738 1232 3900 1300 haec
3934 1232 4200 1317 quidem
4245 1235 4432 1299 testi-

2464 1315 2688 1378 monia
2740 1336 2874 1380 non
2929 1336 3006 1380 eo
3051 1317 3321 1382 consilio
3364 1315 3802 1399 adduxeram,
3861 1320 4031 1385 sicut
4072 1319 4182 1386 hic
4222 1341 4433 1405 nuga-

2463 1407 2569 1464 tor
2612 1401 2832 1484 fingit‚
2887 1408 2966 1467 ut
3030 1402 3112 1467 de
3166 1409 3307 1468 tota
3360 1424 3433 1468 re
3491 1402 3866 1471 diiudicatio
3910 1428 3991 1471 ex
4047 1405 4179 1471 illis
4221 1408 4430 1485 fieret,

2465 1484 2581 1551 sed
2624 1494 2883 1551 tantum
2928 1494 3008 1553 ut
3048 1488 3260 1555 obiter
3302 1490 3716 1556 ostenderem
3761 1491 4007 1571 lectori,
4055 1513 4253 1574 quam
4293 1494 4429 1558 vim

2461 1570 2703 1636 habeat
2745 1573 3084 1656 epitheton
3125 1573 3336 1654 liberi,
3380 1596 3585 1657 quum
3621 1575 3906 1643 hominis
3950 1578 4218 1643 arbitrio
4257 1577 4433 1661 apud

2462 1659 2917 1742 Augustinum
2962 1662 3293 1727 tribuitur.
3381 1662 3489 1726 De
3547 1665 3811 1729 nomine
3856 1665 4063 1749 igitur
4105 1663 4432 1729 duntaxat

2461 1751 2700 1809 tracto:
2763 1745 2869 1810 hic
2923 1753 3131 1812 totam
3182 1747 3279 1812 rei
3335 1745 3782 1814 definitionem
3838 1771 3946 1815 me
3998 1751 4072 1813 in
4128 1749 4429 1832 pauculis

2461 1830 2683 1897 verbis
2728 1833 3127 1898 constituere
3167 1835 3506 1899 mentitur.

2633 1917 3013 2000 Antequam
3057 1939 3213 1984 vero
3255 1920 3709 2002 Augustinum
3753 1922 4162 1987 committere
4208 1921 4430 1987 nobis-

2461 2022 2610 2066 cum
2667 2003 2737 2067 in
2792 2009 3124 2068 certamen
3182 2005 3476 2087 incipiat:
3537 2004 4085 2072 considerandum
4135 2028 4269 2071 11011
4311 2006 4431 2073 abs

2461 2108 2535 2152 re
2592 2086 2927 2168 admonet,
2981 2090 3216 2172 quibus
3271 2090 3553 2172 quidque
3617 2094 4022 2175 temporibus
4074 2093 4428 2177 scripserit.
4463 2145 4494 2155 ,

2460 2174 2681 2256 Atque
2748 2174 2844 2239 ita
2908 2196 3183 2258 operum
3245 2175 3416 2257 eius,
3495 2185 3816 2258 quantum
3876 2177 3959 2243 ad
4028 2180 4431 2262 propositam

2460 2260 2908 2342 quaestionem
2925 2311 2942 2339 ,
3001 2268 3137 2327 tres
3191 2261 3433 2328 classes
3487 2262 3661 2327 facit.
3751 2262 4048 2329 Primam
4094 2266 4178 2329 iis
4222 2265 4430 2349 assig-

2459 2352 2595 2424 nat,
2652 2367 2819 2429 quae
2876 2354 3028 2412 ante
3083 2354 3379 2414 exortam
3436 2353 3583 2430 [pag.
3624 2352 3732 2427 86]
3784 2349 4043 2434 Pelagii
4100 2351 4431 2415 haeresim

2459 2431 2752 2514 scripsit:
2799 2432 3075 2498 alteram
3114 2433 3251 2513 his,
3298 2455 3466 2517 quae
3507 2433 3582 2498 in
3624 2434 3770 2517 ipso
3815 2436 4250 2500 contentionis
4296 2437 4428 2501 101·-

2457 2538 2617 2583 vore
2682 2516 2888 2583 edidit
2951 2527 3182 2584 contra
3252 2519 3600 2605 Pelagium
3669 2522 3885 2602 ipsum
3898 2544 3916 2601 ;
3994 2522 4258 2586 tertiam
4323 2522 4425 2601 iis,

2456 2623 2624 2688 quae
2671 2613 2820 2688 post
2851 2606 3198 2670 remissum
3243 2625 3320 2670 ac
3364 2606 3665 2672 sedatum
3715 2606 4001 2672 calorem
4045 2608 4425 2689 composuit.

2457 2690 2656 2756 Hanc
2711 2688 3237 2757 distributionem
3305 2713 3427 2775 ego
3480 2711 3741 2775 quoque
3802 2690 4087 2758 libenter
4150 2694 4426 2777 recipio:

2457 2777 2590 2842 nisi
2643 2774 2817 2859 quod
2867 2796 3215 2842 censuram
3270 2776 3483 2857 illam,
3543 2796 3740 2859 quam
3796 2777 4108 2844 continuo
4152 2779 4428 2843 subiun-

2456 2862 2576 2946 git,
2623 2882 2856 2928 veram
2899 2883 3042 2928 esse
3096 2883 3233 2927 non
3291 2860 3592 2930 concedo.
3693 2864 3869 2928 Nam
3910 2866 4065 2947 quia
4108 2865 4426 2947 Augusti-

2456 2968 2620 3013 num
2663 2948 2735 3012 in
2779 2956 2914 3013 toto
2966 2948 3082 3013 illo
3136 2946 3422 3014 secundo
3474 2947 3798 3014 librorum
3854 2950 4084 3015 ordine
4143 2950 4269 3017 sibi
4311 2972 4428 3033 pa-

2455 3055 2609 3100 rum
2666 3055 2809 3100 esse
2862 3034 3225 3119 propitium
3280 3035 3496 3114 novit,
3554 3041 3631 3099 ut
3680 3034 3814 3101 illis
3868 3032 4069 3101 fidem
4137 3035 4425 3121 abroget,

2454 3120 2566 3187 vel
2630 3120 2885 3186 saltem·
2933 3121 3355 3187 autoritatem
3419 3120 3717 3204 deroget,
3797 3141 4027 3203 sapere
4091 3123 4427 3188 conflicta«-

2455 3206 2656 3270 tionis
2700 3204 3003 3271 ardorem
3048 3204 3226 3271 dicit.
3312 3207 3581 3272 Nudam
3624 3207 3833 3290 igitur
3865 3208 4168 3274 veritatis
4213 3207 4426 3292 expli-

2455 3292 2779 3358 cationem
2822 3312 2906 3355 ex
2949 3290 3094 3357 aliis
3136 3291 3604 3375 posterioribus
3646 3292 3885 3358 melius
3928 3295 4122 3375 sumi,
4167 3294 4240 3359 in
4282 3295 4426 3377 qui-

2453 3379 2581 3444 bus
2624 3377 2980 3460 composito
3034 3383 3102 3443 ct
3152 3386 3386 3461 pacato
3440 3377 3661 3443 animo
3710 3399 3854 3443 rem
3897 3380 4110 3463 ipsam
4155 3378 4427 3446 distinc-

2455 3465 2590 3530 tius
2631 3460 2995 3528 tradiderit.
3084 3463 3233 3547 Ego
3268 3484 3425 3530 vero
3467 3469 3547 3530 ut
3587 3465 3861 3529 minime
3895 3464 4202 3546 detrecto,
4238 3466 4429 3532 litem

2458 3571 2544 3615 ex
2600 3548 2705 3613 his
2759 3548 3234 3632 posterioribus
3286 3549 3503 3628 libris,
3563 3551 3619 3614 si
3661 3571 3824 3633 opus
3869 3553 3973 3632 sit,
4022 3552 4272 3631 dirimi,
4329 3551 4429 3618 ita

2455 3637 2551 3703 sic
2611 3633 2949 3719 pugnandi
3008 3635 3370 3719 cupiditate
3420 3635 3779 3703 incaluisse
3835 3638 4283 3722 Augustinum
4348 3639 4425 3702 in

2457 3722 2606 3788 aliis
2647 3741 2841 3804 nege,
2899 3721 3058 3805 quin
3111 3720 3432 3805 liquidam
3477 3732 3544 3788 et
3596 3722 3978 3788 distinctam
4039 3727 4176 3790 veri
4221 3743 4425 3808 expo-

2458 3810 2762 3878 sitionem
2807 3829 3066 3890 semper
3109 3808 3472 3873 retinuerit.
3548 3809 3701 3874 Non
3746 3810 3922 3874 enim
3966 3810 4227 3875 iuvenis
4261 3816 4423 3889 erat,

2461 3894 2651 3961 sicuti
2696 3914 2902 3975 quum
2959 3891 3273 3960 adversus
3314 3893 3736 3960 Manichaeos
3777 3895 4122 3960 scriberet:
4184 3894 4425 3960 deinde

2459 4001 2662 4063 quum
2706 3977 2818 4043 dili
2869 3987 3057 4043 enter
3110 3980 3339 4044 multis
3392 3978 3555 4045 locis
3610 3981 4071 4045 retractaverit
4113 4002 4307 4045 suum
4350 3981 4423 4045 in

2459 4064 2810 4150 praedican
2857 4086 2894 4129 0
2947 4063 3155 4129 libero
3212 4065 3479 4129 arbitrio
3524 4086 3895 4145 excessum,
3953 4085 4279 4147 nusquam
4324 4088 4428 4130 01-
4460 4065 4477 4080 ’

2462 4153 2588 4217 mis
2624 4171 2693 4216 se
2735 4149 2905 4214 illud
2946 4157 3340 4215 extenuasse
3380 4151 3710 4228 meminit,
3756 4171 3882 4232 quo
3925 4151 4086 4215 satis
4126 4171 4261 4216 non
4308 4151 4427 4216 ali-

2463 4249 2565 4302 ter
2629 4258 2701 4302 se
2766 4243 2915 4318 post
2974 4237 3175 4300 finem
3242 4236 3617 4301 certaminis
3685 4237 3957 4314 sentire,
4012 4256 4211 4319 quam
4262 4243 4425 4304 tunc

2460 4345 2666 4408 quum
2707 4321 3037 4401 scriberet,
3080 4320 3415 4387 indicavit.
3900 4353 3904 4357 ·

2635 4408 2799 4472 Post
2849 4407 2973 4473 hoc
3018 4408 3456 4491 prooemium,
3525 4405 3869 4489 audiamus
3925 4407 4120 4489 quale
4176 4408 4425 4489 primae

2461 4495 2691 4562 classis
2734 4493 2999 4558 initium
3040 4494 3255 4559 faciat.
3319 4493 3545 4571 Libro,
3590 4494 3822 4575 inquit,
3869 4493 4182 4570 secundO,
4229 4513 4426 4574 quem

2464 4581 2545 4645 de
2588 4580 2796 4645 libero
2850 4580 3120 4644 arbitrio
3173 4579 3509 4661 inscripsit
3561 4587 3791 4644 contra
3844 4579 4266 4644 Manichaeos
4284 4625 4298 4654 ‚
4342 4577 4426 4643 li-

2461 4667 2692 4732 beram
2727 4664 2982 4729 homini
3022 4664 3430 4729 voluntatem
3465 4666 3830 4730 necessario
3866 4664 4085 4728 datam
4118 4664 4424 4741 affirmat,

2462 4753 2659 4836 idque
2702 4752 2774 4815 in
2818 4771 2970 4815 eum
3023 4749 3221 4815 finem
3268 4758 3343 4816 ut
3393 4758 3571 4817 recte
3614 4752 3884 4816 viveret.
3975 4749 4121 4815 Hac
4162 4755 4423 4832 negata,

2465 4838 2672 4904 divini
2727 4833 2953 4902 iudicii
3006 4836 3148 4901 tolli
3215 4837 3624 4920 aequitatem.
3724 4838 3824 4900 Ac
3879 4854 3964 4897 ne
4022 4834 4427 4914 cavillemur,

2467 4923 2548 4990 de
2602 4923 2907 4988 libertate
2961 4921 3085 4987 hoc
3140 4921 3375 4987 debere
3428 4922 3713 5004 intelligi
3769 4941 3935 5004 quae
3992 4918 4186 4984 detur
4236 4921 4425 4986 nobis

2465 5032 2585 5095 per
2626 5007 2938 5094 gratiam,
2995 5008 3415 5090 occupatione
3465 5007 3696 5070 utitur.
3787 5004 3998 5087 Quasi
4036 5027 4196 5071 vero
4251 5007 4430 5089 peri-

2466 5096 2689 5161 culum
2734 5095 2822 5159 sit
2862 5116 2946 5159 ne
2986 5094 3419 5178 subterfugia,
3473 5091 3662 5156 velut
3703 5090 4121 5175 deprehensi,
4167 5093 4429 5173 quaeri-

2468 5188 2711 5246 temus:
2779 5201 2983 5262 quum
3041 5180 3460 5263 Augustinus
3517 5177 3659 5261 ipse
3723 5180 3859 5244 suis
3916 5177 4139 5243 verbis
4200 5175 4429 5260 Pighii

2467 5265 2893 5332 obiectionem
2936 5287 3070 5331 non
3104 5272 3362 5330 tantum
3398 5263 3632 5339 solvat,
3671 5263 3783 5328 sed
3825 5261 4131 5328 frivolam
4173 5269 4242 5325 et
4276 5283 4430 5328 eva-

2469 5351 2699 5418 nidam
2740 5349 3170 5430 demonstret,
3215 5348 3381 5414 libro
3426 5349 3999 5415 Retractationum
4043 5347 4275 5430 prime,
4320 5369 4429 5415 ca-

3908 5448 4024 5503 19*
