4999 6179
318 495 423 556 33.
1632 486 2294 559 OATEOHJSMUS
2340 485 2956 557 GENEVENSIS.
4256 496 4338 561 34

1107 696 1173 732 LE
1209 697 1468 733 nmmum.

486 748 660 814 N'en
704 767 911 815 avons
952 769 1118 813 nous
1160 769 1281 831 pas
1325 749 1604 833 quelque
1649 756 1843 836 autre
1878 747 2136 813 utilite?

1158 850 1427 905 n’nnuwr.

489 918 567 986 Si
609 939 837 984 avons:
886 922 1042 983 c’est
1081 940 1208 1002 que
1252 922 1305 984 si
1351 941 1518 986 nous
1552 940 1835 997 sommes
1860 918 2039 984 vrais
2064 939 2272 984 mem·
2324 926 2325 935 ’

3227 697 3487 732 munna.

2548 745 2822 810 Nihilne
2861 754 3205 828 praeterea
3245 746 3549 813 utilitatis
3585 748 3772 814 nobis
3816 750 4052 817 affert?

3271 868 3424 904 PUER-

2550 917 2695 983 Imo
2764 938 2936 983 vero.
3024 917 3201 982 Nam
3264 926 3333 984 et
3399 919 3542 986 eius
3596 921 3942 1001 beneficio,
4009 920 4331 1006 siquidem

312 1007 464 1075 bres
501 1006 583 1071 de
601 1004 845 1083 Christ,
891 1013 1115 1069 nostre
1150 1006 1307 1071 vieil
1354 1007 1616 1071 homme
1652 1015 1753 1070 est
1789 1005 2069 1083 crucifie,
2117 1024 2273 1068 nos-
2376 1024 2536 1072 vera
2569 1005 2777 1069 simus
2821 1002 3117 1071 membra
3151 1004 3421 1087 Christi,
3461 1012 3656 1072 vetus
3687 1007 3883 1073 homo
3918 1015 4143 1075 noster
4184 1032 4331 1076 cru-

312 1099 416 1159 tre
449 1092 636 1159 chair
661 1098 763 1157 est
780 1090 1131 1156 mortifiee:
1177 1093 1309 1158 afin
1333 1112 1457 1176 que
1490 1091 1588 1157 les
1632 1092 2001 1159 mauvaises
2036 1110 2274 1156 concu-

312 1181 646 1264 piscences
690 1199 775 1242 ne
819 1185 1103 1263 regnent
1145 1177 1293 1260 plus
1337 1199 1422 1242 en
1464 1198 1650 1242 nous.

1109 1300 1176 1335 m
1210 1298 1469 1334 mm.

484 1349 792 1417 Declaire
836 1349 1113 1416 l’article
1156 1354 1461 1435 suyvant.

1158 1452 1424 1506 L’nxrfflr.

490 1523 669 1589 O’est
711 1543 840 1607 que
893 1521 956 1586 16
1013 1521 1380 1586 troisiesme
1433 1519 1581 1584 iour
1636 1517 1688 1582 il
1750 1524 1851 1584 est
1901 1517 2268 1584 ressuscite.

312 1611 554 1694 Enquo
646 1608 695 1673 11
739 1612 896 1673 6’661
938 1607 1317 1673 (1616666116
1358 1605 1717 1671 vaincueur
1759 1602 1844 1669 de
1885 1603 1949 1669 la
1992 1611 2166 1669 mort
2207 1609 2275 1668 et

315 1696 400 1763 de
441 1717 560 1779 pec
609 1702 661 1760 6.
752 1692 886 1759 061
919 1713 1040 1776 par
1082 1714 1156 1759 sa
1194 1691 1631 1759 resurrection
1674 1691 1722 1754 il
1768 1712 1808 1755 a
1848 1690 2169 1774 englouty
2208 1688 2276 1754 la

2379 1090 2693 1173 cifigitur:
2755 1088 3052 1156 aboletur
3106 1110 3343 1175 corpus
3390 1094 3669 1176 peccati,
3728 1115 3812 1159 ne
3857 1078 4139 1178 amplius
4181 1117 4333 1182 reg·

2378 1182 2543 1241 nent
2585 1198 2828 1259 pravae
2872 1176 3089 1243 carnis
3133 1177 3696 1261 concupiscentiae
3740 1181 3812 1244 in
3857 1182 4060 1248 nobis.

3225 1298 3485 1337 mmm

2551 1348 2769 1432 Perge
2813 1349 2884 1415 in
2926 1348 3215 1433 reliquis.

2552 1518 2895 1604 Sequitur,
2943 1490 3136 1587 tertio
3169 1470 3530 1607 ipsffindie
3564 1525 4007 1592 resurrexisse
4040 1547 4124 1592 ex
4157 1530 4335 1592 mor-

2377 1605 2541 1671 tuis:
2598 1627 2725 1689 quo
2780 1607 3097 1673 victorem
3134 1631 3204 1675 se
3248 1609 3494 1693 peccati
3546 1616 3612 1674 et
3651 1611 3885 1676 mortis
3926 1611 4335 1679 demonstra-

2377 1693 2492 1759 vit.
2566 1689 2708 1758 Sua
2749 1693 2929 1758 enim
2972 1696 3449 1764 resurrectione
3483 1702 3762 1762 mortem
3807 1696 4173 1782 deglutivit,
4220 1691 4338 1765 611-

310 1789 504 1861 mort,
549 1790 618 1847 et
661 1802 700 1845 a
743 1799 980 1862 rompu
1014 1778 1113 1844 les
1147 1779 1317 1844 liens
1354 1777 1443 1842 du
1478 1775 1735 1857 Diable,
1774 1781 1842 1842 et
1876 1776 2199 1843 destruict
2224 1774 2271 1860 ¹)
2378 1778 2561 1861 rupit
2606 1777 2845 1878 diaboli
2866 1780 3146 1860 vincula,
3195 1790 3261 1847 et
3304 1790 3510 1848 totam
3554 1783 3696 1849 eius
3740 1785 4102 1867 potentiam
4145 1784 4334 1852 rede-

310 1876 500 1934 toute
545 1889 620 1933 sa
658 1865 1007 1950 puissance
1051 1867 1113 1949 (1
1153 1867 1383 1932 Pierre
1422 1867 1479 1942 3,
1524 1862 1654 1945 18).

1110 1987 1178 2022 u
1214 1985 1473 2021 mmm.

489 2043 606 2120 [fol.
637 2054 662 2102 1
676 2043 740 2118 5]
782 2038 891 2103 En
929 2037 1229 2103 combien
1266 2036 1346 2102 de
1383 2042 1591 2102 sortes
1626 2056 1796 2101 nous
1830 2034 2063 2118 profite
2099 2040 2274 2100 66616

310 2122 800 2192 resurrection?

1159 2226 1430 2279 n'mtrm.

489 2295 594 2361 La
648 2296 974 2379 premiere
1028 2303 1155 2374 est,
1222 2316 1346 2377 que
1410 2293 1478 2359 la
1539 2292 1773 2357 iustice
1824 2303 1990 2358 n‘ous
2045 2311 2085 2356 a
2137 2297 2276 2357 este

2379 1865 2478 1948 git
2519 1864 2591 1929 in
2633 1864 2936 1930 mhilum.

2547 2034 2935 2119 Quotuplex
2990 2058 3074 2102 ex
3126 1990 3791 2108 hadmrlgmszunrrectione
3847 2043 4102 2110 fructus
4146 2044 4336 2112 nobis

2379 2121 2729 2206 provenit?
2761 2166 2786 2207 .-

2555 2295 2843 2379 Triplex.
2916 2297 3089 2362 Nam
3128 2304 3196 2363 et
3237 2247 3490 2363 iffia
3531 2298 3720 2364 nobis
3763 2319 3883 2382 per
3925 2320 4071 2366 eam
4115 2305 4340 2386 acqui-

314 2382 721 2466 pleinement
763 2383 1024 2465 acquise
1070 2403 1153 2446 en
1197 2379 1384 2447 icelle
1438 2379 1660 2479 (Rom.
1699 2384 1759 2458 4,
1801 2380 1933 2464 24).
2023 2379 2129 2443 La
2173 2397 2275 2443 se-
2381 2382 2527 2461 6116,
2573 2392 2642 2445 61
2684 2389 2937 2447 certum
2973 2382 3158 2449 nobis
3202 2392 3304 2449 est
3335 2385 3577 2469 pignus
3613 2386 3875 2450 futurae
3916 2394 4179 2454 nostrae
4212 2391 4339 2456 im-

318 2467 542 2546 conde,
586 2489 716 2551 que
760 2488 834 2533 ee
878 2488 1045 2533 nous
1090 2474 1193 2533 est
1233 2489 1326 2531 un
1366 2472 1618 2531 certam

316 2554 824 2621 ressusciterons
876 2574 1010 2620 une
1064 2554 1185 2618 fois
1244 2574 1329 2618 en
1367 2553 1568 2617 immo

1802 2486 1838 2530 e
1854 2515 1869 2540 ‚
1925 2484 2054 2547 que
2107 2485 2273 2529 nous

1705 2551 1791 2615 ’16
1835 2550 2160 2635 glorieuse
2207 2552 2270 2631 (1

2380 2466 2819 2547 mortalitatis,
2866 2475 2933 2534 et
2973 2469 3106 2534 iam
3140 2492 3318 2536 nunc
3362 2472 3504 2535 eius
3538 2471 3787 2536 virtute
3823 2473 4222 2542 suscitamur
4265 2478 4336 2542 in

2380 2554 2558 2621 vitae
2623 2554 2986 2621 novitatem
3006 2606 3022 2634 ,
3093 2565 3168 2620 ut
3220 2576 3386 2640 pure
3442 2563 3799 2641 sancteque
3854 2557 4139 2625 vivendo
4207 2563 4338 2630 Dei

318 2639 471 2706 Gor.
526 2642 652 2722 15).
742 2640 847 2706 La
904 2640 1270 2705 troisiesme
1285 2689 1299 2715 ,
1368 2658 1495 2722 que
1560 2636 1619 2703 si
1679 2658 1847 2702 nous
1914 2635 2276 2703 communi-
2324 2626 2330 2717 1
2379 2638 2704 2705 voluntati
2744 2640 3195 2726 obsequamur.

318 2747 525 2811 quons
564 2736 954 2812 vrayement
997 2734 1040 2792 6
1093 2725 1309 2803 166116,
1369 2746 1535 2789 6666
1595 2723 2032 2789 166666611666
2078 2723 2191 2787 (166
2235 2728 2278 2787 a
2325 2720 2331 2741 ¹

316 2822 589 2898 present
641 2834 726 2877 en
785 2819 1156 2878 nouveaute
1215 2811 1295 2877 de
1340 2812 1475 2889 vie,
1617 2830 1698 2875 ur
1742 2810 1953 2876 servir
1996 2816 2040 2875 6
2080 2809 2276 2887 Β166,

317 2909 385 2965 et
406 2901 596 2967 vivre
635 2898 1072 2965 sainctement
1106 2897 1289 2963 selon
1324 2920 1443 2963 son
1478 2917 1520 2979 p
1549 2896 1705 2961 aisir
1723 2897 1781 2980 ²)
1823 2895 2045 2979 (Rom.
2088 2900 2145 2975 6,
2182 2895 2275 2978 4).

1085 3020 1153 3056 m
1188 2998 1508 3066 mmm.⁸)

489 3071 971 3157 Poursuyvons
1012 3077 1217 3137 outre.

1162 3174 1429 3226 :Banu-m.

494 3243 558 3308 Il
598 3250 700 3310 est
742 3251 965 3309 monte
1011 3263 1096 3308 au
1138 3241 1278 3308 ciel.

1122 3364 1188 3398 m
1220 3361 1479 3397 mm.

493 3414 698 3479 Est—il
742 3421 965 3479 monte
1011 3434 1094 3478 en
1137 3412 1290 3478 telle
1330 3419 1534 3490 sorte,
1590 3409 1753 3493 qu’il
1807 3430 1892 3475 ne
1947 3409 2077 3475 soit
2130 3407 2280 3492 plus

317 3524 406 3568 en
449 3500 668 3565 terre?

1165 3602 1435 3654 llantur.

495 3669 671 3757 Ouy.
762 3669 897 3737 Car
938 3671 1088 3753 puis
1144 3670 1304 3753 qu'il
1363 3693 1404 3736 a
1455 3670 1614 3735 faict
1669 3673 1813 3735 tout
1867 3689 1939 3734 66
1997 3669 2108 3751 qui
2161 3668 2281 3753 luy

318 3757 520 3824 estoit
560 3758 847 3822 enioinct
888 3757 979 3821 du
1019 3757 1222 3836 Pere,
1270 3763 1338 3820 et
1382 3756 1494 3839 qui
1540 3755 1735 3821 estoit
1779 3754 1999 3838 requis
2042 3761 2085 3819 6
2127 3775 2281 3819 1166-

318 3851 426 3910 tre
482 3844 686 3923 salut,
738 3843 787 3907 il
844 3842 1106 3908 n'estoit
1158 3841 1312 3926 plus
1366 3841 1635 3907 mestier
1687 3839 1844 3924 qu’il
1899 3848 2285 3907 conversast

317 3951 413 3996 66
454 3930 713 3995 monde.

1116 4049 1183 4084 m
1219 4049 1478 4084 mmm.

501 4099 650 4181 Que
693 4121 857 4165 nous
902 4101 1137 4183 profite
1180 4107 1357 4167 ceste
1397 4097 1780 4166 ascension?

1169 4203 1436 4257 n‘mtrm.

499 4274 602 4338 Le
645 4273 841 4355 profit
880 4293 964 4336 en
1004 4281 1106 4337 est
1150 4270 1404 4338 double.
1495 4271 1628 4337 Car
1672 4270 1968 4336 d'autant
2009 4289 2138 4352 que
2178 4267 2284 4333 Ie-

320 4383 441 4428 sus
486 4358 715 4425 Christ
765 4366 869 4424 est
922 4366 1108 4423 entre
1165 4377 1249 4420 au
1305 4357 1428 4423 ciel
1482 4379 1563 4422 en
1608 4365 1834 4422 nostre
1877 4376 2060 4435 nom,
2118 4354 2285 4419 ainsi

318 4446 482 4531 qu'il
521 4468 606 4510 en
641 4445 840 4510 estoit
874 4442 1201 4510 descendu
1236 4464 1403 4527 pour
1438 4464 1622 4522 nous,
1661 4442 1711 4507 il
1744 4463 1913 4507 nous
1939 4465 1981 4527 y
2008 4463 2047 4506 a
2068 4439 2285 4506 (161166

320 4541 579 4608 6111166,
649 4543 716 4596 61
778 4551 945 4596 nous
999 4550 1040 4594 a
1096 4538 1362 4595 asseure
1418 4550 1543 4612 quc
1596 4529 1662 4594 16
1714 4537 1901 4612 porte
1967 4549 2132 4592 nous
2188 4534 2288 4593 est

319 4620 746 4686 maintenant
788 4629 1086 4693 ouverte‚
1140 4613 1417 4698 laquelle
1459 4636 1624 4680 nous
1669 4615 1863 4680 estoit
1905 4613 2077 4679 close
2121 4634 2290 4696 pour

318 4727 450 4771 noz
494 4704 738 4789 pechez
785 4702 1007 4786 (Rom.
1052 4706 1111 4779 8,
1153 4704 1283 4782 34).
1354 4699 1854 4780 Secondement,
1897 4698 1949 4764 il
1993 4700 2290 4783 apparoit

318 4792 397 4858 16
440 4790 684 4856 devant
738 4788 803 4854 16
848 4790 1020 4854 Face
1076 4785 1166 4851 du
1210 4787 1410 4864 Pero,
1467 4808 1634 4869 pour
1677 4793 1851 4852 estre
1908 4794 2129 4851 nostre
2172 4785 2287 4850 In-

320 4881 721 4943 tercesscur'
742 4883 809 4940 et
851 4875 1152 4942 Advocat
1197 4872 1430 4954 (Hebr.
1474 4877 1531 4952 7,
1572 4877 1704 4958 25).

1131 4995 1198 5029 LE
1233 4994 1489 5029 mmm.

503 5048 676 5113 Mais
698 5047 890 5112 Iesus
926 5045 1156 5112 Christ
1189 5051 1494 5109 montant
1527 5064 1610 5108 au
1651 5044 1793 5110 Ciel
1832 5042 2065 5109 s'est-il
2102 5043 2288 5108 telle-

2555 3071 3046 3156 Persequamur
3086 3020 3486 3158 relifflm

3287 3194 3438 3232 FUEB·

2558 3243 2877 3311 Ascendit
2919 3236 3296 3311 in‘coelum.

3233 3348 3488 3384 nnuma.

2563 3403 2681 3478 [fol.
2731 3414 2763 3464 2
2779 3405 2839 3479 1]
2885 3396 3023 3465 Sed
3067 3420 3155 3464 an
3200 3398 3293 3464 sic
3306 3401 3367 3484 ⁴)
3413 3396 3727 3480 ascendit,
3774 3409 3849 3466 ut
3891 3422 4027 3469 non
4070 3405 4159 3470 sit
4201 3425 4342 3472 am·

2389 3484 2563 3569 plius
2607 3486 2680 3550 in
2725 3485 2943 3551 terra?

3287 3607 3438 3644 PU'BB.

2562 3656 2694 3725 Sic.
2782 3658 3144 3742 Postquam
3202 3657 3381 3724 enim
3432 3658 3733 3726 omnibus
3775 3660 4159 3743 perfunctus
4201 3662 4344 3730 fue-

2388 3754 2526 3826 rat,
2574 3766 2740 3830 quac
2783 3744 2882 3809 1111
2928 3767 2968 3810 a
3009 3751 3197 3828 patre
3240 3744 3540 3811 iniuncta
3581 3746 3871 3827 fiicrant,
3934 3769 4228 3833 quaeque
4270 3751 4346 3816 in

2389 3832 2670 3897 salutem
2715 3839 3012 3897 nostram
3048 3837 3258 3910 erant,
3303 3831 3474 3897 nihil
3517 3852 3682 3916 opus
3727 3843 3869 3898 erat
3905 3833 4149 3901 diutius
4190 3856 4346 3903 eum

2387 3920 2459 3984 in
2504 3919 2696 3984 terris
2737 3918 3009 3985 versari.

3237 4039 3497 4074 mmm.

2562 4088 2744 4171 Quid
2780 4111 2865 4154 ex
2904 4087 3026 4155 hac
3063 4089 3444 4154 ascensione
3490 4088 3642 4154 boni
3686 4090 4188 4173 consequimur?

3290 4210 3443 4246 run.

2564 4261 2832 4346 Duplex
2876 4269 2978 4328 est
3015 4262 3286 4327 fructus.
3361 4261 3536 4325 Nam
3579 4267 3904 4342 quatenus
3948 4261 4204 4327 coelum
4243 4264 4350 4329 in-

2391 4369 2657 4434 gressus
2702 4357 2803 4414 est
2836 4346 3141 4415 Christus
3185 4355 3408 4412 nostro
3450 4337 3735 4423 nomine,
3782 4348 3952 4412 sicut
3984 4348 4056 4412 in
4103 4356 4349 4415 terram

2394 4443 2622 4502 nostra
2665 4456 2862 4502 causa
2895 4432 3343 4513 descenderat,
3387 4432 3642 4497 aditum
3685 4432 3840 4499 illuc
3855 4434 3915 4518 ⁵)
3960 4427 4146 4500 ndbis
4188 4458 4349 4519 quo-

2393 4543 2520 4606 que
2563 4523 2897 4605 patefecit:
2958 4528 3032 4584 ut
3074 4521 3209 4585 iam
3253 4527 3482 4603 aperta
3538 4519 3626 4584 sit
3668 4519 3858 4586 nobis
3900 4521 4128 4599 ianua,
4184 4543 4353 4604 quae

2392 4617 2659 4693 propter
2723 4614 3062 4692 peccatum
3138 4615 3290 4671 6616
3376 4605 3598 4671 clausa
3676 4614 3836 4672 6161..
3952 4606 4212 4672 Deinde
4281 4609 4354 4676 in

2394 4703 2750 4778 conspectu
2802 4693 2933 4759 Dei
3005 4699 3341 4776 comparet
3409 4713 3527 4776 pro
3581 4690 3769 4758 nobis
3836 4692 4229 4760 intercessor
4285 4702 4357 4762 et

2390 4790 2729 4866 patronus.
3301 4790 3312 4800 ·

3242 4986 3501 5022 mumma.

2573 5041 2852 5117 Verum,
2917 5059 3006 5102 an
3061 5034 3367 5102 Christus
3421 5037 3491 5100 in
3545 5033 3799 5100 coelum
3854 5055 3925 5101 se
3980 5038 4355 5121 recipiendo

325 5142 520 5200 ment
562 5134 761 5199 retire
798 5133 886 5198 du
920 5131 1177 5210 monde,
1224 5130 1379 5214 qu'il
1414 5151 1498 5195 ne
1534 5132 1660 5197 soit
1695 5130 1845 5214 plus
1880 5151 2038 5195 avec
2072 5130 2286 5195 nous?
2338 5111 2347 5208 ἱ
2396 5129 2492 5193 616
2536 5148 2576 5191 6
2619 5124 2807 5191 nobis
2851 5124 3138 5204 recessit,
3182 5132 3260 5188 ut
3301 5124 3433 5187 iam
3474 5121 3814 5187 nobiscum
3855 5143 3998 5189 esse
4042 5123 4353 5191 desierit?

450 5247 663 5257 ‚vn--

647 5251 711 5352 1)'
720 5249 815 5341 'Et'
840 5250 884 5341 ἐξ(
918 5251 1181 5341 desumet
1216 5283 1580 5339 1561—1563.

328 5383 403 5398 --
438 5357 515 5411 Le
552 5357 718 5426 profit
751 5356 818 5410 de
852 5355 1172 5410 l’ascension
1210 5371 1275 5408 en
1313 5355 1453 5408 deux

644 5425 703 5490 4)
744 5426 821 5479 sic
854 5441 955 5479 om.
986 5424 1194 5478 Catech.
1215 5440 1263 5477 a.
1290 5423 1444 5477 1550.
1468 5424 1494 5475 1

552 5511 773 5565 Calvina·
804 5526 986 5578 ope-ra.
1056 5511 1169 5566 Vol.
1218 5509 1313 5565 VI.

1870 5283 1931 5348 2)
1971 5299 2067 5337 666
2103 5283 2210 5337 bon
2248 5281 2435 5351 plaisir
2472 5279 2623 5334 1561.

1529 5355 1718 5408 oinctz.
1756 5382 1821 5393 —-
1857 5354 2020 5408 Estre
2056 5353 2195 5407 assis
2230 5354 2264 5408 6
2296 5354 2349 5406 la
2381 5350 2590 5406 dextre.

1574 5422 1602 5474 1
1631 5429 1743 5477 tum
1768 5422 1887 5476 edd.
1913 5420 2267 5476 studentum
2292 5421 2420 5475 inde
2444 5438 2481 5474 a
2508 5420 2772 5475 Gallast'o.
2834 5418 2894 5485 5)
2919 5418 3078 5484 illius,
3103 5414 3256 5469 Beea
3276 5414 3444 5484 et‘qui
3466 5430 3535 5469 ex
3558 5430 3620 5469 eo
3639 5414 3944 5471 hauserunt
3962 5420 4166 5471 temtum
4180 5433 4359 5479 suum.

2901 5279 2961 5346 3)
2999 5277 3080 5332 Le
3117 5276 3197 5331 12.
3236 5276 3533 5331 dimanche.
3582 5303 3649 5313 —
3696 5274 3878 5331 Ohrist
3910 5281 4091 5333 monte
4128 5295 4197 5334 au
4235 5280 4356 5337 ciel.

3907 5500 3942 5554 3
