4999 6179
652 459 729 521 91
1972 452 2095 518 LE
2139 449 2743 518 GATEGHJSME
2788 448 2917 514 DE
2958 448 3363 515 GENEVE.
3929 458 3936 468 '
4589 455 4667 518 92

650 652 754 711 est
790 642 921 709 bon
964 642 1045 709 de
1089 641 1474 720 demandet:
1522 642 1702 708 aussi
1745 661 1868 707 noz
1913 640 2120 706 desire
2164 648 2314 706 sont
2359 640 2417 705 si
2460 637 2607 705 des-
2713 638 2901 705 nobis
2944 612 3280 721 expediat:
3338 644 3406 703 et
3458 659 3539 705 ea
3580 636 4018 720 cupiditatum
4059 637 4453 722 intemperie
4490 639 4670 706 labo-

652 728 998 807 ordonnez,
1033 728 1194 813 qu’il
1228 736 1331 795 est
1363 727 1494 795 bon
1527 728 1797 795 mestier
1821 747 1947 811 que
1982 748 2068 792 ne
2100 725 2247 793 leur
2279 724 2608 792 laschions

651 814 838 900 point
878 815 945 881 18
987 813 1191 882 bride.

1452 937 1519 971 m
1553 937 1809 973 mm.

823 986 971 1069 Que
1013 984 1240 1052 faut-il
1285 984 1500 1053 donc?

1490 1089 1754 1143 n'mutr.

823 1157 977 1240 Que
1029 1155 1209 1222 Dieu
1262 1177 1510 1222 mesme
1571 1178 1739 1223 nous
1799 1157 2113 1241 enseigne
2128 1206 2146 1235 ,
2214 1154 2398 1220 selon
2451 1153 2610 1237 qu’il

651 1244 997 1329 congnoist
1039 1250 1213 1309 estre
1256 1240 1639 1325 expedient:
1694 1250 1760 1307 et
1798 1243 1989 1333 ‘quasi
2024 1241 2195 1341 ‘qu’il
2239 1260 2408 1305 nous
2452 1261 2608 1305 con-

2713 746 2956 805 ramus‚
3002 743 3170 809 quae
3212 724 3401 789 freno
3445 722 3737 790 cohiberi
3779 744 4048 790 necesse
4082 724 4346 791 habeat.

3559 931 3817 967 mm.

2886 977 3068 1061 Quid
3109 980 3383 1064 proinde
3425 1001 3590 1064 opus
3634 988 3738 1047 est
3779 981 3993 1049 facto?

2882 1152 3032 1218 Hoc
3076 1158 3285 1218 restat
3326 1173 3537 1217 unum
3551 1204 3569 1232 ,
3614 1103 3917 1219 hffieus
3963 1153 4105 1237 ipse
4148 1164 4398 1220 rectam
4440 1155 4668 1222 orandi

2712 1239 2989 1304 formam
3045 1238 3234 1305 nobis
3276 1239 3705 1321 praescribat:
3766 1245 3842 1304 ut
3882 1246 4146 1305 tantum
4180 1260 4385 1306 manu
4428 1240 4670 1310 ducen-

652 1329 838 1397 duise
870 1349 993 1414 par
1011 1328 1080 1393 la
1110 1329 1308 1409 main,
1345 1338 1412 1393 et
1432 1351 1557 1413 que
1592 1350 1762 1395 nous
1798 1349 1881 1394 ne
1916 1329 2163 1394 faciens
2197 1347 2323 1413 que
2346 1347 2603 1411 suyvre.
2713 1331 2847 1390 tem
2889 1345 3260 1408 sequamur,
3305 1331 3373 1388 et
3415 1326 3603 1406 quasi
3646 1325 3850 1391 verba
3890 1333 4337 1409 praeeuntem.

1449 1450 1516 1484 ut·
1549 1450 1807 1485 mm.

819 1498 1057 1583 Quelle
1101 1499 1494 1565 instruction
1536 1520 1705 1565 nous
1749 1521 1835 1565 en
1879 1520 1919 1563 a
1960 1497 2011 1563 il
2054 1497 2291 1564 baille?

817 1672 955 1739 Par
997 1678 1179 1738 toute
1228 1622 1918 1737 l’EsoritftssgFilmhous
1960 1661 2045 1736 l'a
2087 1669 2284 1736 baille
2328 1675 2605 1734 tresam-

648 1757 786 1842 ple:
844 1758 1013 1824 mais
1067 1759 1203 1823 afin
1246 1756 1328 1822 de
1368 1778 1533 1823 nous
1588 1758 1813 1823 mieux
1857 1756 2200 1822 addresser
2244 1761 2284 1819 a
2326 1777 2419 1820 un
2463 1776 2603 1821 cer-

648 1845 789 1910 tain
842 1845 993 1924 but,
1058 1843 1109 1909 il
1163 1864 1203 1908 a
1257 1842 1476 1909 donne
1532 1865 1626 1909 un
1679 1842 2089 1922 formulaire,
2157 1841 2391 1926 auquel
2456 1840 2507 1905 il
2565 1862 2605 1906 a

647 1928 1059 1996 brievement
1101 1929 1432 2012 comprins
1474 1936 1624 1996 tous
1666 1929 1763 1996 les
1805 1929 2059 2012 poinotz
2094 1928 2255 2013 qu'il
2298 1948 2465 1999 nous
2503 1936 2604 1993 est

646 2014 826 2084 licite
868 2022 937 2081 et
977 2015 1328 2098 expedient
1371 2014 1452 2080 de
1494 2014 1866 2082 demandet.

1442 2223 1508 2257 LE·
1543 2223 1802 2260 mmm.

817 2273 1046 2340 Recite
1090 2272 1171 2338 le.

1490 2374 1758 2429 n’mm.

816 2443 999 2510 O’est
1043 2465 1171 2528 que
1231 2452 1458 2511 nostre
1504 2441 1832 2528 Seigneur
1872 2444 2062 2510 Iesus
2118 2452 2335 2511 estant
2382 2443 2604 2526 requis

646 2529 729 2597 de
790 2551 896 2597 ses
948 2530 1308 2614 DiscipleS‚
1376 2530 1535 2614 qu’il
1598 2530 1699 2595 les
1764 2530 2139 2615 enseignast
2199 2535 2318 2611 [fol.
2357 2534 2465 2610 46]
2523 2528 2604 2593 de

642 2615 841 2700 prier,
853 2614 1021 2767 Iliam
1042 2614 1348 2783 respo)nd,
1385 2615 1580 2699 qu’ilz
1615 2621 1853 2682 auront
1887 2623 1930 2682 a
1951 2615 2091 2682 dire
2126 2617 2295 2682 ainsi
2331 2615 2600 2699 (Matth.

649 2703 708 2781 6,
748 2707 818 2782 93
918 2724 1000 2767 uc
1041 2706 1140 2780 11,
1183 2706 1212 2764 1
1268 2720 1283 2765 :

816 2787 881 2852 N
880 2797 1058 2852 estre
1090 2787 1262 2854 Pere
1305 2786 1417 2870 qui
1461 2806 1531 2852 es
1576 2807 1709 2851 aux
1744 2785 1989 2853 Gieux:
2017 2787 2068 2872 ¹)
2110 2794 2229 2853 ton
2259 2786 2436 2853 Nom
2475 2787 2606 2854 soit

645 2873 968 2938 sanetifie:
1007 2880 1128 2938 ton
1162 2873 1394 2958 Regne
1430 2871 1779 2940 advienne:
1817 2880 1887 2938 ta
1920 2873 2195 2940 volunte
2227 2875 2354 2941 soit
2388 2874 2601 2952 faicte,

644 2979 733 3024 en
773 2957 840 3023 la
881 2968 1058 3025 terre
1102 2979 1356 3024 comme
1392 2979 1476 3023 au
1512 2958 1668 3024 ciel:
1714 2957 1931 3037 donne
1973 2980 2143 3026 nous
2182 2960 2603 3045 auiourdhuy

643 3051 869 3111 nostre
911 3045 1069 3129 pain
1112 3044 1475 3131 quotidien:
1534 3044 1877 3130 pardonne
1918 3066 2086 3113 nous
2128 3066 2249 3112 noz
2293 3045 2601 3128 offences,

643 3152 895 3198 comme
937 3153 1104 3198 nous
1145 3131 1568 3216 pardonnons
1602 3139 1645 3198 a
1679 3152 1848 3198 ceux
1883 3132 1996 3216 qui
2036 3154 2205 3199 nous
2238 3140 2355 3198 ont
2395 3134 2601 3199 offen-

643 3237 754 3284 oez
769 3239 783 3282 :
801 3216 861 3301 ²)
916 3222 985 3282 et
1035 3238 1123 3284 ne
1173 3237 1342 3284 110118
1393 3217 1613 3284 induis
1663 3219 1851 3303 point
1892 3239 1978 3284 en
2019 3220 2372 3300 tentation‚
2431 3220 2601 3286 mais

641 3323 810 3368 nous
861 3299 1112 3369 delivre
1153 3303 1245 3369 du
1284 3303 1438 3369 mal.
1528 3302 1663 3371 Gar
1706 3311 1748 3370 8
1801 3311 1918 3391 toy
1959 3313 2061 3371 est
2106 3305 2173 3371 le
2215 3305 2479 3391 Regne,
2534 3305 2603 3370 la

644 3387 853 3542 {¹21OE
897 3396 964 3455 et
1003 3387 1072 3454 la
1110 3389 1485 3473 puissanoe,
1506 3390 1567 3475 Β)
1627 3411 1759 3456 aux
1814 3390 2044 3458 siecles
2056 3391 2117 3477 ⁴)
2174 3389 2288 3459 des
2340 3391 2598 3459 siecles:

782 3495 885 3541 en.

1443 3597 1510 3632 m
1545 3597 1802 3634 mm·

816 3646 999 3712 Pour
1039 3647 1189 3729 plus
1231 3646 1421 3714 facile
1461 3647 1882 3733 intelligence
1895 3698 1913 3729 ,
1970 3647 2063 3733 dy
2103 3668 2261 3735 moy
2303 3649 2602 3717 combien

646 3730 976 3798 d’articles
1018 3732 1143 3798 elle
1186 3734 1490 3799 contient·
1770 3755 1778 3766 ·

1488 3835 1757 3890 n’zmmzr.

818 3901 973 3970 Six:
1020 3901 1179 3969 dont
1219 3903 1319 3970 les
1360 3905 1523 3970 trois
1556 3905 1874 3988 premiers
1908 3904 2262 3990 regardent
2295 3905 2364 3970 la
2397 3905 2603 3990 gleire

647 3989 729 4057 de
781 3990 992 4070 Dieu,
1050 4010 1206 4057 sans
1258 3991 1536 4074 quelque
1588 3990 2067 4058 consideration
2123 3990 2204 4059 de
2258 4011 2602 4058 nousmes-

643 4098 812 4144 mes:
865 4077 963 4142 les
1005 4082 1224 4143 autres
1267 4083 1418 4143 sont
1459 4099 1625 4162 pour
1667 4097 1852 4158 nous,
1898 4086 1966 4145 et
2006 4084 2408 4145 concernent
2447 4099 2601 4145 nos-

645 4169 748 4228 tre
790 4160 942 4228 bien
986 4169 1053 4228 et
1092 4163 1310 4247 profit.

1442 4284 1510 4318 u:
1543 4284 1799 4320 mmm

818 4331 1412 4400 Comment‘done?
1450 4334 1592 4400 faut
1623 4334 1673 4399 il
1708 4332 2065 4402 demandet
2096 4334 2375 4418 quelque
2409 4334 2602 4403 chose

643 4429 687 4489 a
727 4422 923 4501 Dieu,
970 4418 1131 4485 dont
1171 4419 1223 4485 11
1261 4441 1347 4486 118
1389 4440 1558 4486 110118
1600 4420 1919 4487 revienne
1962 4419 2148 4487 nulle
2191 4420 2454 4488 utilite?

1493 4520 1759 4578 n'mm.
2182 4558 2194 4568 α

812 4593 876 4659 11
919 4600 1023 4659 est
1064 4613 1233 4678 vray
1276 4612 1404 4674 que
1442 4611 1564 4675 par
1606 4612 1682 4658 sa
1722 4593 1922 4658 bonte
1962 4592 2213 4673 infinie,
2256 4592 2306 4657 il
2343 4592 2599 4678 dispose

643 4685 713 4746 et
769 4678 1066 4746 ordonne
1127 4677 1470 4744 tellement
1530 4684 1751 4744 tontes
1814 4677 2073 4760 choses,
2130 4700 2257 4763 que
2310 4681 2455 4746 rien
2510 4700 2597 4745 ne

642 4770 801 4848 peut
856 4773 1029 4831 estre
1083 4770 1126 4829 a
1177 4764 1245 4829 18
1297 4763 1504 4850 gleire
1559 4763 1642 4829 de
1698 4785 1822 4831 son
1875 4764 2080 4846 Nom,
2142 4766 2255 4850 qui
2297 4788 2381 4832 ne
2424 4763 2599 4833 110118

643 4849 772 4916 soit
823 4870 1072 4917 mesme
1126 4849 1459 4916 salutaire.
1549 4850 1745 4918 Ainsi
1758 4902 1777 4931 ,
1830 4850 2051 4935 quand
2102 4873 2223 4918 son
2274 4852 2451 4919 Nom
2494 4858 2599 4919 est

643 4936 960 5016 sanctific,
1005 4934 1057 5000 11
1095 4957 1264 5003 110118
1302 4943 1494 5003 terne
1528 4935 1668 5003 oela
1707 4958 1794 5003 en
1828 4938 2330 5005 sanctification:
2375 4936 2599 5022 quand

643 5041 767 5089 son
821 5021 1056 5107 Regne
1111 5022 1411 5103 advient,
1463 5043 1630 5090 110118
1687 5045 1770 5091 811
1829 5045 2111 5092 8011111188
2156 5032 2601 5092 aucunement

951 5313 1010 5380 1)
1050 5316 1108 5368 es
1144 5315 1299 5369 cieux
1335 5313 1472 5369 1548
1503 5316 1641 5370 suiv.

641 5379 703 5446 3)
739 5383 794 5437 la
826 5384 1112 5451 puissance
1148 5391 1205 5438 et
1238 5384 1293 5439 la
1326 5385 1498 5455 gloire
1534 5383 1673 5439 1548
1706 5385 1844 5439 suiv.

3267 1488 3270 1491 ,
3559 1446 3820 1482 mmmm.

2885 1493 3102 1577 Quam
3145 1496 3334 1561 nobis
3377 1494 3592 1580 legem
3630 1496 4102 1581 praescripsit?
4175 1496 4216 1534 ⁴

3431 1636 3438 1647 .
3611 1616 3763 1652 PUER-

2880 1668 3123 1751 Ampla
3165 1666 3427 1751 quidem
3472 1674 3541 1733 et
3584 1668 3846 1751 copiosa
3886 1669 4134 1751 passim
4189 1670 4261 1734 in
4316 1669 4661 1753 seripturis

2695 1754 2906 1837 'huius
2949 1755 3047 1819 rei
3092 1754 3391 1820 doctrina
3432 1752 3731 1819 traditur.
3820 1754 4097 1835 Verum,
4146 1775 4274 1839 quo
4320 1756 4666 1823 certiorem

2706 1842 3100 1924 praefigeret
3153 1861 3423 1924 scopum
3437 1891 3452 1918 ‚
3511 1840 3867 1921 formulam
3920 1840 4283 1925 composuit
4296 1892 4313 1921 ,
4372 1848 4440 1908 et
4473 1845 4664 1927 quasi

2708 1926 2996 2005 dietavit,
3041 1947 3172 2010 qua
3201 1925 3515 2010 quidquid
3555 1947 3595 1992 8
3616 1926 3760 1993 Deo
3793 1934 4018 2010 petere
4041 1927 4141 1994 fas
4185 1934 4302 2009 est,
4346 1936 4666 1994 acnostra

2705 2012 2937 2091 refert,
2988 2012 3281 2079 breviter
3334 2011 3714 2097 complexus
3760 2019 3890 2092 est,
3948 2021 4016 2080 et
4060 2014 4133 2078 in
4187 2033 4401 2097 pauca
4443 2015 4662 2099 capita

2708 2099 2996 2185 digessit.

3557 2220 3814 2257 mm

2881 2271 3132 2338 Recita.

3610 2392 3763 2427 PUER-

2877 2441 3176 2525 Rogatus
3229 2460 3269 2506 a
3313 2441 3649 2525 discipulis
3693 2443 4019 2509 Dominus
4061 2452 4289 2512 noster
4330 2444 4663 2526 Christus,

2707 2548 2996 2611 quonam
3038 2527 3363 2592 orandum
3405 2536 3578 2593 esset
3618 2528 3830 2608 modo,
3876 2529 4246 2615 respondit:
4272 2530 4504 2613 Quum
4546 2553 4665 2600 vo-

2707 2613 2965 2679 lueritis
2997 2635 3206 2694 orare,
3252 2614 3347 2679 sic
3390 2612 3610 2680 dicite:
3636 2615 3840 2680 Pater
3881 2625 4111 2682 noster
4133 2617 4250 2701 qui
4290 2640 4360 2684 es
4402 2619 4478 2684 in
4520 2639 4669 2685 coe-

2707 2700 2807 2779 lis,
2833 2700 3278 2767 sanctificetur
3299 2720 3543 2765 nomen
3562 2706 3782 2764 tuum:
3808 2699 4118 2768 adveniat
4140 2725 4424 2789 regnum
4446 2710 4669 2769 tuum:

2707 2787 2826 2851 fiat
2873 2786 3183 2851 voluntas
3236 2793 3380 2864 tua,
3446 2785 3520 2849 in
3572 2791 3751 2850 terra
3807 2788 3976 2852 sicut
4025 2789 4100 2853 in
4152 2790 4358 2856 coelo:
4426 2809 4672 2871 panem

2708 2880 3009 2938 nostrum
3044 2870 3495 2954 quotidianum
3538 2870 3624 2937 da
3661 2871 3849 2939 nobis
3881 2873 4108 2940 hodie:
4147 2883 4215 2941 et
4248 2877 4514 2942 remitte
4554 2881 4671 2957 [fol.

2712 2963 2820 3038 57]
2855 2952 3043 3025 nobis
3073 2955 3294 3040 debita
3327 2964 3578 3038 nostra,
3615 2959 3787 3024 sicut
3818 2980 3940 3025 nos
4020 2982 4233 3045 uoque
4267 2961 4671 3028 remittimus

2708 3043 3111 3112 debitoribus
3164 3044 3438 3111 nostris:
3497 3049 3563 3110 et
3605 3063 3691 3110 ne
3732 3066 3852 3112 nos
3907 3045 3976 3111 in
4023 3067 4182 3114 neas
4228 3048 4302 3113 in
4356 3047 4673 3115 tentatio-

2706 3150 2888 3197 nem:
2947 3130 3064 3197 sed
3116 3130 3325 3200 libera
3378 3152 3498 3197 nos
3551 3152 3592 3196 a
3644 3131 3835 3198 111810.
3926 3130 4102 3214 Quia
4143 3140 4332 3200 tuum
4375 3142 4477 3202 est
4514 3156 4669 3222 reg-

2705 3238 2890 3298 num,
2927 3224 3002 3283 et·
3027 3217 3341 3301 potentia,
3379 3223 3446 3283 et
3478 3216 3707 3302 gloria,
3749 3217 3824 3282 in
3866 3220 4142 3287 saecula.
4231 3221 4469 3288 Amen.

2709 3733 2724 3747 ο
2879 3646 3029 3747 Quo
3082 3644 3322 3746 melius
3376 3597 3824 3733 iutefflfflmss
3872 3647 4033 3735 quid
4083 3650 4449 3731 contineat,
4517 3673 4669 3720 eam

2705 3756 2778 3798 111
2820 3740 3038 3818 capita
3078 3739 3461 3816 partiamur.

2881 3904 3019 3973 Sex
3067 3903 3270 3971 habet
3321 3860 3544 3990 partes
3559 3956 3575 3985 ‚
3607 3855 3916 3990 »mmm
3971 3913 4110 3973 tres
4156 3908 4404 3991 priores
4449 3909 4666 3976 solam

2707 3992 2838 4058 Dei
2892 3991 3199 4091 gloriam,
3269 4011 3406 4056 non
3448 3990 3677 4057 habita
3733 3992 3945 4092 nostri
3998 3994 4284 4094 ratione,
4340 4001 4669 4080 tanquam

2706 4079 3558 4247 {fflssffiffiofflmffl’
3576 4085 3994 4248 sssffssffim
4042 4080 4327 4163 ’ΜΝ
4373 4081 4459 4148 ²⁶
4516 4104 4663 4163 '³⁰⁵’

2877 4337 3143 4489 118ιὲ130118
3187 4286 3809 4437 Ροῢθῃᾱιιωᾚπέ
3844 4335 3991 4403 Deo
4032 4337 4420 4423 quidqum,
4483 4338 4670 4406 unde

3047 4443 3167 4489 nos
3211 4422 3367 4489 bom
3405 4421 3673 4489 redeat?

3602 4543 3756 4580 PUER-

2703 4423 2875 4489 nihil

2875 4594 3031 4678 Ipse
3066 4594 3350 4679 quidem,
3392 4615 3515 4679 pro
3547 4594 3811 4660 infinita
3841 4607 3963 4662 sua
3994 4594 4304 4675 bonitate,
4348 4596 4442 4663 sie
4477 4617 4666 4664 com-

2703 4680 2887 4766 ponit
2930 4682 3180 4761 omnia,
3224 4689 3302 4746 ut
3342 4680 3515 4746 nihil
3557 4680 3745 4747 cedat
3785 4682 3858 4745 in
3900 4681 4111 4766 ipsius
4152 4681 4450 4766 gloriam,
4494 4684 4671 4767 quin

2699 4766 2888 4833 nobis
2929 4787 3184 4851 quoque
3227 4767 3317 4833 sit
3358 4767 3663 4833 salutare.
3752 4766 3991 4852 Itaque
4036 4789 4241 4851 quum
4284 4769 4668 4836 sanetifica-

2703 4860 2813 4919 tur
2850 4852 2994 4919 eius
3027 4873 3289 4933 nomen,
3335 4860 3411 4917 ut
3431 4852 3616 4918 nobis
3659 4873 3915 4937 quoque
3959 4854 4031 4918 in
4073 4854 4669 4934 sanctificationem

2701 4944 3001 5007 vertatur
3018 4989 3035 5020 ,
3081 4939 3309 5005 efficit:
3346 4960 3478 5005 11011
3522 4938 3793 5005 advenit
3836 4940 3980 5005 81118
4023 4960 4098 5005 re
4190 4962 4325 5019 um,
4361 4942 4526 5025 quin
4573 4937 4668 5008 si-

2701 5045 2850 5091 mus
2893 5023 3374 5110 quodammodo
3427 5024 3568 5092 eius
3615 5025 3986 5110 participes.
4143 5048 4332 5092 erum
4345 5078 4361 5106 ,
4420 5027 4497 5092 in
4544 5048 4668 5111 op·

1849 5315 1913 5384 2)
1950 5322 2008 5369 et
2040 5331 2179 5369 nous
2215 5317 2386 5384 quitto
2420 5332 2524 5370 nos
2559 5317 2754 5385 dettes,
2793 5333 2998 5371 comme
3031 5333 3170 5373 nous
3207 5318 3445 5386 quittons
3481 5319 3515 5373 a
3550 5332 3686 5372 ceux
3722 5319 3812 5386 qui
3846 5334 3984 5375 nous
4019 5319 4258 5390 doyvent
4295 5317 4675 5376 1561—1563.

2097 5380 2157 5449 4)
2198 5386 2257 5440 es
2292 5384 2483 5440 siecles
2522 5384 2657 5440 1561
2693 5386 2831 5440 mciv.
