4999 6179
566 402 686 465 631

557 588 940 655 testimonio
980 584 1355 652 laborantes
1397 583 1700 650 nonnihil
1743 584 1974 650 iuvare
2019 587 2136 647 aut
2177 580 2524 649 sublevare

558 681 855 759 possunt.
934 673 1189 738 Locum
1243 672 1424 736 enim
1478 670 1535 737 si
1570 670 1966 754 relinquant,
2013 689 2126 733 eos
2169 667 2366 734 simul
2411 666 2523 732 de-

561 760 829 826 stitutos
851 759 1250 842 relinquunt.
1306 754 1727 840 Respondeo:
1775 754 2037 820 nullum
2059 753 2300 819 talibus
2333 773 2525 836 posse

568 845 713 911 dari
765 845 1002 909 meliu's
1057 843 1397 910 consilium
1415 895 1432 921 ,
1491 859 1687 924 quam
1741 848 1820 907 ut
1863 842 2072 907 vitam
2122 860 2306 904 suam
2351 840 2525 922 peri-

565 932 711 999 culo
744 932 1070 1008 obiiciant,
1115 951 1233 1012 pro
1268 927 1620 994 asserenda
1655 927 1908 993 Christi
1939 927 2180 1011 gloria:
2228 927 2331 991 sin
2367 945 2526 990 vero

564 1013 827 1082 tantum
873 1037 1008 1082 non
1050 1014 1296 1080 habent
1330 1016 1549 1092 animi,
1593 1014 1852 1078 nullum
1897 1012 2221 1078 secundae
2262 1009 2528 1076 tabulae

565 1103 856 1169 officium
893 1100 976 1166 ab
1017 1099 1383 1167 idololatria
1430 1108 1497 1164 et
1546 1099 1692 1165 aliis
1737 1098 2258 1182 inquinamentis
2299 1118 2531 1179 super-

567 1189 905 1255 stitionum
955 1208 1065 1253 eos
1109 1193 1397 1252 excusat.

1803 395 1934 462 DE
1955 363 1959 368 ’
1978 390 2429 458 vrrANms
2467 339 3387 460 surnasrmoumus.
3432 427 3441 434 -

4458 386 4583 447 632

2801 583 2948 661 [pag.
3001 582 3149 657 116]
3195 577 3279 643 In
3321 577 3463 661 ipso
3506 576 3906 660 quaestionis
3948 579 4153 652 statu,
4199 580 4268 637 et
4309 593 4584 654 summa,

2626 686 2758 731 non
2803 672 2964 748 puto
3006 663 3132 730 hoc
3177 684 3400 728 meum
3442 681 3829 746 responsum
3874 660 3956 727 ab
4000 660 4279 738 aliorum
4321 667 4586 725 senten-

2626 753 2722 816 tia
2765 751 3151 834 discrepare.
3222 748 3567 833 Siquidem
3610 748 3692 813 D.
3731 746 4103 830 Philippus,
4150 746 4254 812 cui
4300 747 4413 811 alii
4457 745 4587 810 duo

2630 837 3141 916 assentiuntur„
3182 843 3518 919 utcunque
3592 833 3925 918 sigillatim
3996 853 4127 897 non
4192 831 4589 915 respondeat

2629 924 2774 989 istis
2839 920 3337 999 obiectionibus,
3402 921 3561 986 dum
3625 929 3848 985 tamen
3912 925 4294 1003 praetextus
4360 938 4588 982 omnes

2630 1029 2765 1074 uno
2811 1010 3011 1075 verbo
3069 1007 3385 1085 excludit,
3446 1008 3605 1073 satis
3651 1013 3967 1086 testatur,
4024 1003 4194 1069 nihil
4248 1003 4375 1069 sibi
4418 1004 4586 1069 tanti

2632 1116 2803 1174 esse,
2836 1102 2916 1168 ut
2957 1095 3212 1159 homini
3257 1092 3619 1159 christiano
3660 1091 4068 1158 idololatriae
4100 1091 4587 1174 professionem,

2581 1249 2585 1258 ,
2633 1182 2830 1246 etiam
2878 1181 3239 1258 obscuram,
3285 1180 3642 1262 permittat„

1497 1605 1510 1614 ‚
1564 1526 2038 1595 ErlsroLA
2083 1525 2476 1592 oALvINI
2523 1522 2654 1589 AD
2699 1487 3167 1605 QUENDAM
3213 1522 3606 1589 AMICUM.
3676 1547 3681 1552 ι

739 1707 889 1782 [pag.
942 1706 1089 1778 1171
1149 1700 1370 1783 Quum
1426 1700 1741 1765 haberem
1796 1699 1880 1764 ad
1932 1707 2000 1764 te
2054 1698 2306 1773 literas,
2364 1715 2529 1780 quas
2579 1697 2585 1780 1
2633 1697 2994 1774 conabitur,
3043 1696 3158 1761 ubi
3200 1716 3409 1778 neque
3454 1695 3598 1760 Deo
3637 1715 3875 1761 canere
3916 1694 4335 1777 permittitur,
4380 1714 4593 1776 neque

509 1817 514 1824 ·
563 1810 699 1855 non
753 1789 951 1872 longo
1021 1794 1175 1871 post
1243 1793 1540 1869 tempore
1607 1786 1926 1851 missurus
1998 1804 2208 1849 eram:
2282 1782 2529 1847 alterae

537 1882 723 1960 ‘tuae
766 1874 1278 1956 superveniunt,
1336 1871 1574 1954 quibus
1627 1872 1869 1935 iterum
1914 1870 2081 1935 mihi
2122 1889 2244 1952 pro
2289 1867 2529 1932 labori-

561 1961 708 2036 bus,
753 1967 989 2042 rogatu
1035 1966 1150 2022 tuo
1188 1959 1529 2041 susceptis,
1575 1957 1718 2041 agis
1764 1958 2026 2040 gratias,
2066 1977 2140 2021 ac
2184 1953 2381 2020 simul
2415 1974 2528 2035 pe-

562 2047 685 2122 tis,
745 2054 820 2109 ut
864 2043 1029 2108 duas
1083 2043 1175 2108 ibi
1220 2044 1636 2125 quaestiones
1688 2041 2067 2125 expediam,
2128 2062 2211 2105 ne
2258 2038 2414 2124 quid
2457 2041 2530 2103 in

567 2151 718 2196 meo
763 2149 1077 2212 responso
1113 2127 1534 2193 desideretur.
1607 2126 1801 2209 Quod
1845 2137 1913 2193 te
1957 2126 2334 2193 referendae
2378 2145 2529 2210 gra-

567 2217 699 2281 tiae
743 2216 856 2282 vix
880 2235 1105 2298 parem
1148 2234 1290 2280 esse
1312 2213 1668 2296 praedicas,
1718 2219 1852 2299 egos
1865 2234 2019 2278 vero
2061 2212 2224 2277 mihi
2269 2209 2529 2277 abundo

570 2302 848 2368 relatam
915 2322 1056 2366 esse
1123 2300 1434 2378 arbitror,
1514 2320 1718 2381 quum
1786 2321 2005 2364 meum
2079 2299 2531 2381 qualecunque

571 2387 867 2453 studium
959 2387 1143 2451 vobis
1242 2387 1336 2450 ita
1428 2385 1692 2468 probari
1789 2386 1998 2450 audin.

569 2473 651 2538 ad
707 2479 824 2538 tua
877 2481 1129 2556 rogata.
1221 2470 1506 2552 Quaeris
1561 2472 1777 2552 priore
1834 2471 2001 2549 loco,
2061 2475 2216 2535 num

570 2557 948 2642 christiam,
986 2558 1098 2639 qui
1135 2578 1204 2623 se
1250 2556 1333 2622 ab
1373 2557 1678 2621 omnibus
1722 2557 2268 2640 superstitionum
2310 2555 2533 2637 inqui-

567 2645 902 2710 namentis
958 2644 1271 2722 abstinet,
1330 2642 1525 2709 liceat
1563 2643 1844 2726 patriam
1889 2644 2288 2727 relinquere,
2335 2661 2532 2725 prop-

569 2737 755 2795 terea
796 2730 965 2811 quod
1015 2728 1149 2794 illic
1194 2748 1528 2794 sacrorum
1576 2736 2022 2794 conventuum
2077 2728 2245 2793 bono
2289 2746 2533 2811 magna

571 2836 656 2900 ex
701 2824 889 2897 parte
933 2815 1250 2896 privetur.
1340 2814 1492 2879 Non
1536 2816 1795 2897 quaeris
1843 2836 1928 2878 an
1972 2814 2069 2879 illi
2110 2816 2197 2879 sit
2242 2833 2528 2890 necesse,

570 2899 687 2965 sed
728 2920 815 2964 an
858 2899 1071 2965 liceat.
1139 2900 1268 2964 Illa
1304 2900 1686 2965 deliberatio
1730 2900 1926 2984 longe
1962 2899 2286 2964 difficilior
2330 2905 2529 2964 esset:

573 2986 739 3051 haec
797 2987 1015 3070 magis
1064 2984 1405 3068 expedita,
1464 2985 1657 3050 modo
1710 3007 1917 3051 unum
1975 2985 2275 3065 tollatur,
2331 3006 2416 3049 ne
2471 2984 2531 3048 is

570 3079 789 3138 certae
832 3072 1160 3138 vocationi
1184 3073 1273 3139 sit
1306 3072 1635 3158 alligatus,
1681 3093 1876 3155 quam
1913 3070 2210 3139 deserere
2251 3073 2351 3138 fas
2395 3092 2531 3137 non

570 3159 676 3224 sit.
767 3157 1083 3238 Proinde,
1142 3179 1271 3242 quo
1325 3179 1431 3223 res
1486 3160 1573 3223 sit
1627 3157 1961 3242 liquidior:
2017 3159 2229 3243 primo
2287 3158 2530 3224 consti-

568 3251 835 3310 tuamus
893 3244 1069 3309 vitae
1123 3265 1363 3328 genus,
1422 3266 1462 3309 a
1514 3265 1640 3328 quo
1695 3244 2027 3310 discedere
2081 3245 2169 3310 sit
2224 3245 2526 3310 liberum.

570 3329 708 3412 Qui
767 3331 836 3393 in
881 3329 1004 3394 tali
1048 3329 1279 3395 ordine
1335 3331 1462 3396 crit
1519 3331 1948 3409 constitutus,
2008 3331 2068 3394 is
2124 3330 2286 3396 duas
2327 3328 2533 3395 habet

567 3417 776 3480 iustas
822 3435 1198 3481 causas-cur
1242 3415 1551 3496 discedat,
1593 3418 1652 3482 si
1686 3416 1998 3482 voluerit:
2047 3423 2121 3480 ut
2163 3414 2530 3499 periculum

569 3508 965 3579 antevertat,
1012 3510 1087 3565 ut
1128 3502 1199 3565 in
1236 3523 1386 3567 eum
1430 3503 1650 3567 locum
1694 3522 1766 3567 se
1809 3503 2117 3585 recipiat,
2169 3502 2287 3567 'ubi
2322 3501 2530 3567 libera

570 3592 719 3667 [pag.
776 3592 925 3666 118]
984 3594 1544 3653 sacramentorum
1602 3589 2192 3654 communicatione
2246 3588 2529 3667 fruatur,

570 3684 637 3737 et
678 3674 750 3738 in
797 3672 1057 3755 publico
1117 3675 1372 3756 piorum
1433 3682 1621 3739 coetu
1665 3671 1884 3738 Deum
1939 3674 2248 3740 invocare
2304 3674 2526 3757 possit.

569 3756 749 3825 Sunt
808 3758 986 3824 enim
1041 3780 1147 3825 ros
1197 3781 1440 3844 magno
1490 3759 1964 3838 aestimandae,
2034 3760 2322 3825 solennis
2375 3758 2530 3824 fidei

569 3844 903 3929 professiO,
947 3864 1281 3910 sacrorum
1333 3852 1783 3911 conventuum
1828 3866 2005 3924 usus,
2058 3866 2299 3929 purum
2343 3845 2529 3912 verbi

567 3938 636 3996 et
677 3939 1238 3997 sacramentorum
1273 3931 1732 3997 ministerium.
1805 3931 1870 3997 N
1870 3951 1944 3997 ec
1987 3939 2366 4016 exspectare
2408 3952 2530 3996 nos

568 4018 751 4082 iubet
793 4016 1011 4096 Deus,
1070 4015 1227 4081 dum
1284 4026 1597 4101 praesens
1642 4018 1841 4100 capiti
1894 4025 2118 4084 nostro
2163 4017 2526 4101 periculum

566 4102 941 4181 immineat,
989 4104 1116 4167 nisi
1158 4102 1418 4187 aliquod
1460 4103 1785 4186 peculiare
1826 4103 2171 4171 vinculum
2203 4124 2325 4169 nos
2367 4103 2529 4169 reti-

567 4197 752 4266 neat,
811 4197 877 4252 et
922 4189 1108 4271 quasi
1171 4189 1552 4272 praecludat
1595 4190 1865 4255 exitum.
1958 4189 2236 4257 Summa
2278 4192 2389 4255 sit:
2446 4190 2528 4253 li-

566 4275 772 4342 citum
816 4295 959 4340 esse
989 4274 1239 4340 homini
1283 4275 1659 4355 christiam,
1691 4275 1819 4360 ,qui
1863 4276 2053 4342 modo
2092 4276 2332 4359 alioqui
2360 4276 2530 4341 liber

568 4361 656 4427 sit
697 4360 769 4425 in
813 4360 1131 4424 mutanda
1173 4363 1540 4441 vocatione,
1595 4363 1980 4444 praevenire
2022 4363 2376 4447 impiorum
2418 4380 2527 4424 ra-

563 4447 742 4513 biem
808 4454 876 4511 et
931 4447 1451 4530 tranquilliorem
1510 4456 1769 4530 portum
1823 4469 2163 4531 quaerere,
2219 4447 2333 4513 ubi
2386 4446 2526 4512 Do-

565 4533 749 4598 mino
795 4533 1061 4598 serviat.
1153 4534 1413 4600 Relicta
1467 4542 1688 4600 autem
1713 4598 1720 4609 ,
1744 4536 1989 4617 patria,
2049 4533 2407 4603 concedere
2450 4534 2524 4598 in

567 4640 718 4684 eum
744 4618 979 4697 locum,
998 4618 1109 4683 ubi
1133 4620 1331 4685 fidem
1361 4641 1548 4686 suam
1585 4641 1750 4703 pure
1772 4632 1839 4685 et
1867 4621 2114 4703 absque
2136 4620 2284 4686 fuco
2318 4621 2521 4702 profi-

565 4710 806 4784 teatur,
839 4725 976 4770 non
1026 4704 1219 4771 modo
1255 4706 1510 4773 licitum
1554 4726 1713 4785 esse,
1765 4704 1882 4771 sed
1929 4706 2128 4771 etiam
2172 4703 2518 4772 laudabile.

562 4790 738 4857 Nam
760 4792 817 4856 si
840 4790 1005 4858 haec
1028 4792 1313 4875 suspiria
1333 4814 1415 4857 ex
1438 4793 1708 4875 spiritus
1733 4790 2087 4859 directione
2110 4813 2254 4859 esse
2283 4812 2521 4877 agnos-

566 4878 801 4944 cimus:
844 4875 1064 4957 Quam
1108 4877 1347 4943 dilecta
1384 4877 1805 4944 tabernacula
1829 4886 1957 4944 tua
1983 4879 2268 4944 Domine
2301 4880 2517 4945 virtu-

565 4963 741 5028 tum!
790 4962 994 5045 (Psal.
1023 4968 1125 5042 84,
1165 4968 1256 5048 2.)
1297 4963 1503 5029 Item:
1547 4963 1892 5045 Quomodo
1928 4966 2339 5031 cantabimus
2362 4986 2517 5032 can-

563 5049 770 5116 ticum
795 5048 1067 5113 Domini
1088 5050 1160 5113 in
1185 5056 1366 5115 terra
1412 5049 1670 5115 aliena?
1719 5049 1925 5134 (Psal.
1978 5055 2113 5131 137,
2152 5051 2244 5137 4.)
2309 5051 2513 5117 Item:

563 5133 848 5216 Quando
869 5136 1129 5200 veniam
1163 5143 1230 5201 et
1256 5136 1517 5201 intrabo
1550 5136 1622 5199 in
1648 5137 2096 5202 sanctuarium
2117 5135 2250 5204 Dei
2269 5136 2514 5205 Iacob?

566 5221 768 5305 (Psal.
787 5226 889 5299 43,
906 5223 996 5297 4.)
1024 5219 1155 5302 Qui
1181 5221 1416 5305 spiritu
1440 5222 1566 5288 Dei
1590 5223 1859 5306 regitur,
1881 5222 1940 5291 is
1969 5223 2435 5308 proculdubio,
2459 5225 2517 5289 si

2635 1784 2962 1848 sinceram
3027 1780 3179 1846 fidei
3248 1781 3721 1863 professionem
3777 1779 3986 1846 edere.
4079 1782 4171 1845 At
4224 1780 4282 1844 si
4335 1780 4591 1846 vocatio

2636 1867 3027 1934 adstrictum
3085 1867 3459 1952 quempiam
3515 1868 3794 1944 tenebit,
3861 1866 4076 1931 decies
4151 1867 4321 1931 mori
4379 1867 4589 1932 satius

2633 1954 2860 2031 fuerit,
2919 1957 3068 2033 [pag.
3133 1959 3279 2032 119]
3334 1974 3530 2037 quam
3587 1961 3665 2017 ut
3716 1953 4069 2018 stationem
4126 1972 4316 2018 suam
4358 1961 4591 2036 sponte

2636 2038 2922 2118 deserat,
2994 2040 3119 2106 hoc
3176 2048 3307 2118 est,
3383 2041 3713 2122 praesenti
3773 2038 4064 2122 periculo
4121 2059 4255 2102 non
4313 2047 4588 2104 coactus.

2624 2124 3038 2208 Quanquam
3096 2146 3180 2189 ne
3234 2125 3603 2210 periculum
3670 2123 3931 2208 quidem
3987 2144 4247 2207 semper
4302 2133 4587 2189 excusat.

2635 2209 2770 2276 Sed
2812 2211 2974 2276 illud
3021 2211 3410 2294 praevenire
3453 2212 3826 2276 voluntario
3872 2209 4192 2286 discessu,
4251 2230 4594 2295 nunquam

2634 2298 3074 2363 concederem.
3163 2297 3349 2361 Nihil
3395 2296 3553 2361 dum
3596 2307 3821 2363 tamen
3867 2295 4023 2362 inde
4079 2299 4243 2362 certi
4286 2296 4593 2362 constitui

2112 2384 2246 2451 Sed
2274 2384 2529 2533 hvenio
2579 2385 2585 2552 ἱ
2634 2385 2904 2467 poterit,
2961 2383 3092 2448 nisi
3149 2382 3540 2448 definiamus
3584 2384 3778 2467 quale
3832 2384 3920 2449 sit
3972 2382 4333 2448 vocationis
4386 2403 4592 2467 genus

2324 2488 2530 2532 ommi

2634 2469 2806 2553 quod
2856 2470 3194 2535 hominem
3243 2468 3675 2535 christianum
3722 2467 4111 2534 adstrictum
4155 2475 4400 2534 teneat:
4461 2467 4593 2533 tale

2633 2576 2776 2621 esse
2819 2557 3103 2639 pastoris
3139 2556 3429 2622 officium
3474 2565 3663 2620 extra
3697 2555 4217 2621 controversiam
4262 2563 4379 2620 est.
4454 2554 4588 2636 Qui

2634 2642 2813 2706 enim
2868 2642 3180 2708 ecclesiae
3234 2643 3708 2727 gubernatione
3763 2649 3995 2725 sponte
4038 2638 4236 2720 cedit,
4294 2662 4429 2707 non
4466 2640 4591 2705 alio

2633 2728 2773 2793 loco
2835 2726 3178 2794 habendus
3245 2734 3373 2808 est,
3453 2749 3647 2810 quam
3716 2727 3990 2792 militiae
4055 2725 4366 2792 desertor.
4450 2724 4593 2792 Sed

2633 2815 2945 2896 quoniam
2988 2814 3183 2880 nulla.
3214 2821 3314 2878 cst
3355 2815 3717 2880 vocationis
3752 2814 3998 2897 species
4041 2820 4176 2878 tam
4221 2812 4446 2890 libera,
4486 2812 4591 2877 cui

2634 2919 2773 2963 non
2808 2920 3144 2965 annexum
3181 2900 3267 2964 sit
3288 2899 3625 2966 vinculum
3649 2898 3936 2984 aliquod:
3978 2897 4389 2983 distinguere
4420 2899 4592 2964 inter

2634 2984 2882 3070 gradus
2950 2988 3272 3052 convenit.
3364 2985 3762 3069 Quanquam
3819 2987 3888 3050 in
3948 2984 4250 3050 omnibus
4286 2983 4592 3060 ‚tenenda

2635 3079 2738 3139 est
2782 3073 3130 3156 praecipue
3185 3073 3349 3138 haec
3402 3072 3659 3157 regula:
3720 3071 3851 3139 Ubi
3908 3071 3979 3136 in
4035 3068 4405 3138 conditione
4449 3093 4591 3137 mu-

2633 3157 2840 3223 tanda
2898 3159 3087 3224 nulla
3152 3162 3250 3225 est
3319 3159 3582 3243 religi0,
3653 3157 3934 3224 liberum
3999 3178 4143 3223 osse
4207 3157 4585 3224 discessum.

2636 3242 2789 3310 Scio
2834 3245 2994 3328 quid
3040 3243 3149 3311 hic
3194 3246 3386 3312 obiici
3426 3245 3656 3310 solo-at:
3715 3245 3960 3310 nimiae
4016 3266 4157 3310 esse
4200 3242 4586 3323 timiditatis,

2632 3330 2863 3415 fugam
2903 3332 3311 3416 praecipere,
3339 3331 3390 3413 ¹)
3448 3337 3802 3415 antequam
3846 3330 4031 3396 nobis
4075 3329 4441 3396 molestiam
4494 3329 4589 3394 fa-

2632 3424 2894 3482 cessant
2947 3418 3161 3501 impii:
3220 3426 3287 3481 et
3339 3417 3776 3482 inhumanum
3834 3438 4004 3496 esse,
4062 3424 4413 3499 antequam
4454 3415 4591 3481 ulla

2631 3503 2846 3567 maior
2903 3504 3002 3570 vis
3060 3509 3281 3587 cogat,
3337 3524 3446 3568 eos
3503 3502 3855 3569 destitutos
3898 3502 4295 3585 relinquere,
4352 3503 4587 3586 quibus

2633 3590 3013 3671 profuturus
3058 3591 3149 3656 sis
3191 3589 3552 3668 manendO,
3610 3597 3677 3655 et
3722 3588 4167 3674 bene'agendi
4210 3588 4588 3655 facultatem

2635 3675 2822 3758 quasi
2875 3675 3207 3758 proiicere.
3300 3674 3433 3742 Sed
3500 3683 3578 3740 ut
3625 3675 3863 3741 vitium
3913 3675 3984 3740 in
4040 3674 4394 3739 timiditate
4448 3694 4588 3740 esse

2635 3762 2983 3840 confitear,
3044 3782 3215 3846 nego
3270 3768 3495 3826 tamen
3553 3760 3948 3846 culpandum
4009 3782 4154 3826 esse
4207 3760 4586 3826 remedium.

2636 3845 2789 3928 Qua
2830 3848 3250 3931 responsione
3306 3848 3587 3913 alterum
3640 3848 3835 3913 etiam
3878 3845 4042 3912 illud
4087 3846 4413 3912 obiectum
4457 3846 4586 3913 sol-

2632 3935 2841 3999 vitur:
2900 3933 3210 4017 prodesse
3255 3935 3432 3999 enim
3496 3935 3808 3999 fratribus
3864 3933 4140 4017 quisque
4185 3932 4408 4013 debet,
4468 3931 4585 3998 sed

2632 4038 2752 4105 pro
2804 4020 3116 4085 fflcultate
3173 4020 3298 4085 sibi
3354 4019 3523 4085 data.
3614 4020 3704 4084 Et
3759 4024 3907 4098 [pag.
3961 4024 4111 4099 120]
4163 4020 4257 4086 sic
4314 4019 4585 4103 quisque

2631 4106 2955 4172 adducere
2997 4106 3159 4171 alios
3199 4104 3465 4171 studeat
3516 4104 3598 4170 ad
3642 4106 4001 4171 Dominum
4020 4156 4035 4185 ,
4088 4112 4166 4170 ut
4205 4105 4586 4171 formandae

2630 4191 2714 4257 ad
2768 4191 2897 4258 Dei
2970 4191 3322 4258 cultionem
3396 4192 3695 4276 propriae
3759 4192 3936 4258 vitae
4002 4192 4282 4274 primam
4344 4191 4583 4258 habem

2630 4298 2875 4343 curam.
2966 4278 3099 4344 Hic
3152 4277 3430 4362 singulis
3469 4284 3726 4343 mature
3770 4277 4139 4343 vivendum
4186 4289 4315 4357 est,
4376 4298 4584 4361 quan-

2630 4373 2775 4429 tum
2829 4365 2913 4430 ad
2968 4363 3389 4447 excipiendas
3446 4365 3982 4448 persequutiones
4027 4363 4279 4429 roboris
4322 4370 4392 4429 et
4427 4382 4582 4429 con-

2629 4452 2909 4517 stantiae
2966 4449 3257 4517 habituri
3301 4453 3463 4529 sint,
3522 4450 3579 4515 si
3628 4449 3890 4535 quando
3944 4450 4015 4515 in
4072 4471 4342 4515 arenam
4386 4448 4587 4516 tracti

2626 4537 2892 4602 fuerint.
2966 4537 3118 4601 Non
3162 4543 3319 4601 sunt
3351 4536 3615 4620 quidem
3658 4536 3969 4621 fingenda
3990 4543 4239 4601 temere
4274 4535 4582 4619 pericula,

2669 4643 2790 4689 uae
2843 4622 3074 4708 procul
3131 4624 3398 4701 absunt,
3469 4632 3584 4688 aut
3635 4631 3811 4689 certe
3861 4621 4159 4688 nondum
4211 4621 4580 4686 imminent.

2681 4709 2762 4779 ed
2816 4711 2932 4795 qui
2986 4707 3368 4793 quotidiana
3410 4709 3721 4776 saevitiae
3764 4707 4067 4793 exempla
4108 4707 4337 4773 vident
4394 4727 4583 4772 exer-

2623 4797 2759 4862 ceri
2821 4796 3135 4863 advcrsus
3200 4793 3455 4876 fideles,
3527 4795 3915 4879 quibuscum
3980 4793 4266 4860 similem
4331 4792 4581 4859 habent

2623 4904 2885 4949 causam
2902 4934 2920 4963 ,
2977 4880 3216 4955 debent
3262 4901 3333 4947 se
3378 4880 3462 4947 ad
3507 4879 3996 4965 perferendum,
4057 4876 4375 4963 quidquid
4409 4879 4579 4945 acci-

2622 4966 2822 5048 derit,
2889 4970 2960 5034 in
3014 4975 3306 5051 tempore
3360 4988 3767 5050 comparare,
3823 4989 3908 5032 ne
3964 4965 4304 5050 inopinato
4359 4965 4580 5049 oppri-

2759 5190 2818 5257 1)
2847 5190 2939 5245 Sic
2972 5193 3169 5262 ἱερέων
3187 5193 3251 5245 in
3285 5192 3452 5246 libris
3468 5191 3887 5261 antiquioribus.
3942 5189 4098 5245 Beza
4131 5188 4382 5257 &capric-
4454 5204 4576 5245 rae-

2619 5260 2829 5328 ripere,
2865 5259 3013 5330 quod
3046 5261 3298 5327 deinceps
3331 5259 3391 5313 in
3425 5260 3815 5315 recentioribus
3851 5260 4015 5314 etiam
4051 5261 4302 5315 occurrit.
4430 5258 4576 5311 ertio

559 5327 694 5391 qua
727 5309 812 5372 sit
832 5305 1149 5372 evadendi
1186 5307 1481 5389 facultas,
1524 5306 1679 5373 inde
1708 5328 1905 5394 quam
1935 5331 2225 5398 prlmum
2243 5311 2518 5397 ,evolare
2567 5330 2573 5383 Ι
2616 5329 2819 5397 gallica
2855 5345 2975 5383 cum
3009 5328 3111 5386 hoc
3143 5329 3409 5386 consentit
3440 5345 3605 5399 quum
3640 5330 3826 5385 debat:
3851 5329 4127 5399 anticipet.
