4999 6179
588 437 709 499 507

579 619 886 709 loquendi
941 622 1328 689 necessitate
1371 619 1833 697 tacuissemus,
1892 636 2026 682 non
2083 613 2540 696 tantummodo

575 712 649 776 in
692 710 917 774 Deum
958 709 1200 792 ingrati
1245 715 1312 772 et
1355 704 1617 790 perfidi,
1675 703 1789 768 sed
1834 704 2030 769 etiam
2078 701 2428 765 inhumani
2467 700 2541 765 in

577 796 908 861 homines:
935 794 1169 879 quibus
1201 791 1543 858 videamus
1568 797 1908 860 aeternum
1933 786 2236 853 omnibus
2261 786 2540 852 exitium

578 883 941 958 imminere,
987 881 1115 947 nisi
1159 880 1231 944 in
1276 878 1452 943 viam
1495 875 1981 941 reducerentur.

753 967 985 1043 Canis,
1042 968 1099 1033 si
1154 973 1412 1029 tantam
1468 963 1776 1028 iniuriam
1820 962 2050 1026 inferri
2109 959 2371 1024 domino
2416 978 2537 1022 suo

578 1065 894 1133 cerneret,
941 1062 1188 1136 quanta
1220 1052 1366 1117 Deo
1411 1048 1809 1115 contumelia
1844 1049 2173 1132 irrogatur
2209 1046 2276 1110 in
2323 1066 2536 1111 saera-

580 1142 840 1215 mentiS,
885 1140 1161 1205 latraret
1194 1137 1514 1221 protinus,
1560 1134 1895 1216 vitamque
1938 1154 2128 1198 suam
2162 1133 2379 1215 potius
2423 1151 2539 1213 op-

579 1233 855 1311 poneret
914 1224 1234 1308 periculo,
1312 1242 1510 1308 quam
1576 1241 1647 1285 se
1713 1227 1973 1286 tacente
2040 1218 2381 1284 dominum
2444 1216 2539 1280 ita

579 1312 751 1379 male
796 1311 1064 1377 tractari
1108 1311 1372 1374 sineret.
1446 1309 1558 1373 An
1599 1326 1721 1371 nos
1760 1304 1906 1370 Deo
1949 1307 2169 1370 minus
2205 1308 2538 1388 praestare

579 1397 871 1481 obsequii
938 1395 1312 1472 debuimus,
1391 1415 1588 1475 quam
1654 1392 1906 1457 homini
1970 1399 2307 1475 praestare
2373 1387 2539 1455 solet

577 1483 830 1551 bestia?
920 1483 1131 1549 Taceo
1187 1479 1358 1564 quod
1413 1478 1739 1543 institutis
1788 1500 1827 1543 a
1871 1477 2139 1543 Christo
2182 1476 2534 1561 mysteriis,

577 1570 969 1653 coelestique
1037 1574 1185 1648 [pag.
1244 1572 1353 1645 93]
1420 1566 1560 1631 eius
1626 1565 1980 1637 autoritate
2042 1562 2535 1640 commendatis,

577 1654 757 1723 nuda
798 1656 1139 1722 hominum
1185 1653 1525 1718 voluntate
1583 1648 1875 1734 proditos
1916 1651 2086 1714 ritus
2134 1654 2533 1733 aequarunt:

578 1741 752 1827 quod
808 1751 1033 1807 tamen
1088 1742 1312 1824 ipsum
1378 1739 1618 1804 acriter
1683 1734 2074 1820 reprehendi
2141 1733 2532 1800 merebatur.

578 1828 905 1915 Mysteria
961 1848 1118 1893 vero
1181 1827 1329 1910 ipsa
1381 1830 1483 1889 tot
1545 1822 2123 1906 superstitionibus
2185 1821 2534 1902 eorrumpi,

535 1929 542 1934 “
578 1924 678 1981 tot
720 1914 974 1999 pravis,
1021 1934 1182 1996 quas
1229 1910 1602 1986 retulimus,
1661 1907 2076 1991 opinionibus
2121 1905 2393 1984 foedari,
2451 1904 2538 1970 ad

577 2010 841 2084 turpem
882 2001 1322 2080 infamemque
1367 2004 1714 2080 quaestum
1757 1996 2001 2079 absque
2037 1993 2172 2059 ulla
2214 2014 2536 2059 verecun-

578 2086 689 2153 dia
764 2085 1101 2170 prostitui:
1180 2103 1268 2148 an
1340 2080 1834 2148 dissimulanter
1895 2082 2070 2146 ferre
2147 2077 2535 2145 debuimus?

576 2172 878 2257 Flagello
956 2169 1434 2236 nummularios
1499 2167 1759 2252 fugavit
1825 2166 2134 2234 Christus
2178 2187 2216 2230 e
2269 2164 2535 2249 temple,

487 2308 498 2318 .
578 2280 805 2325 eorum
865 2278 1131 2324 mensas
1196 2277 1403 2321 manu
1470 2253 1744 2331 evertit,
1821 2274 2072 2319 merces
2138 2252 2535 2318 exturbavit.

581 2345 729 2411 Non
769 2344 1105 2421 omnibus,
1164 2344 1404 2419 fateor,
1461 2339 1800 2424 flagellum
1853 2340 1926 2403 in
1967 2358 2240 2403 manum
2274 2357 2538 2402 sumere

577 2431 750 2510 lieet,
794 2450 1033 2495 verum
1074 2428 1211 2494 zelo
1253 2427 1387 2507 ille,
1433 2447 1564 2510 quo
1606 2425 1925 2491 incitatus
1949 2425 2076 2490 fuit
2100 2424 2408 2491 Christus
2452 2422 2538 2487 ad

577 2515 1041 2584 vindicandam
1084 2514 1293 2598 patris
1333 2513 1641 2597 gloriam,
1700 2512 1982 2596 flagrare
2024 2531 2254 2575 omnes
2298 2531 2539 2576 eonve-

577 2604 679 2669 nit
723 2602 834 2686 qui
887 2623 958 2669 se
1003 2599 1255 2667 Christi
1310 2620 1454 2664 esse
1493 2601 1904 2681 profitentur.
1993 2597 2314 2676 Proinde,
2369 2615 2538 2679 quae

579 2689 706 2756 sibi
741 2695 1083 2771 tantopere
1126 2684 1471 2770 displicere
1524 2683 1754 2767 templi
1799 2683 2296 2767 inquinamenta
2341 2703 2538 2765 opere

576 2775 993 2850 monstravit,
1040 2778 1343 2837 nostrum
1387 2769 1622 2836 saltem
1666 2778 1783 2848 est,
1828 2769 2037 2835 libera
2079 2769 2537 2851 constantique

576 2881 739 2928 voce
781 2859 1039 2925 fortiter
1082 2858 1428 2923 exsecrari.
1502 2855 1674 2937 Quis
1719 2856 1979 2941 ignorat
2019 2855 2283 2921 venalia
2324 2854 2536 2919 nihilo

576 2948 799 3013 minus
840 2965 1025 3012 saera
1065 2944 1139 3008 in
1183 2942 1443 3027 templis
1490 2940 1878 3007 iamdudum
1921 2962 2083 3022 esse,
2127 2963 2324 3025 quam
2368 2961 2536 3024 quae

576 3031 794 3100 medio
849 3032 988 3098 foro
1033 3036 1335 3115 prostant
1378 3027 1669 3095 merces?
1760 3029 1854 3095 Et
1896 3027 2028 3095 alia
2072 3025 2336 3112 quidem
2378 3048 2534 3094 con-

579 3120 750 3188 dicto
794 3120 1008 3204 pretio
1062 3124 1383 3195 veneunt,
1432 3116 1512 3181 de
1559 3114 1737 3195 aliis,
1795 3122 1945 3198 post
1998 3116 2279 3181 multam
2322 3114 2535 3180 licita-

576 3208 821 3272 tionem
866 3205 1304 3290 paciscuntur.
1396 3201 1532 3268 Sed
1576 3202 1887 3284 quoniam
1929 3202 1996 3266 in
2045 3223 2276 3280 coena,
2321 3201 2536 3285 magis

575 3314 777 3377 quam
833 3292 904 3355 in
960 3290 1258 3373 reliquis,
1322 3289 1583 3355 illustro
1641 3296 1746 3353 est
1800 3288 2212 3372 exemplum,
2268 3295 2335 3353 et
2387 3289 2536 3370 plus

574 3377 985 3463 indignitatis
1026 3375 1242 3454 habet,
1285 3397 1425 3460 age,
1470 3394 1599 3459 qua
1633 3376 2033 3441 conscientia
2067 3374 2153 3439 ad
2185 3383 2326 3439 tam
2360 3373 2534 3437 mul-

575 3472 680 3529 tas
735 3472 1002 3544 tamque
1056 3462 1408 3546 sacrilegas
1461 3462 1602 3526 eius
1654 3460 2139 3543 profanationes
2183 3461 2536 3526 connivere

575 3548 956 3634 potuimus?
1028 3547 1139 3614 Ad
1182 3569 1345 3631 quas
1390 3547 1874 3631 exprimendae,
1918 3566 2121 3628 quum
2155 3545 2320 3610 mihi
2356 3567 2536 3612 nunc

578 3636 797 3702 desint
836 3633 1057 3726 verba,
1104 3655 1232 3718 quo
1275 3634 1421 3698 iure
1464 3631 1651 3698 nobis
1695 3633 1855 3699 vitio
1900 3632 2201 3709 vertitur,
2247 3629 2420 3714 quod
2463 3632 2534 3696 in

576 3744 689 3789 eas
748 3719 1123 3787 invehendo
1190 3719 1385 3785 nimis
1449 3718 1768 3785 fuerimus
1832 3717 2300 3785 vehementes?
2391 3718 2534 3783 Vos

576 3809 718 3888 hic,
775 3806 1203 3891 invictissime
1260 3804 1506 3872 Caesar
1563 3813 1631 3869 et
1683 3804 2114 3870 illustrissimi
2167 3804 2531 3887 PrincipeS,

575 3916 696 3979 per
737 3915 1000 3960 sacrum
1044 3892 1298 3959 Christi
1339 3913 1607 3974 eorpus,
1667 3890 1842 3974 quod
1885 3889 2363 3955 immolandum
2411 3910 2534 3974 pro

576 3980 767 4046 nobis
818 3980 1150 4063 exposuit,
1207 4000 1329 4063 per
1381 3975 1835 4043 venerandum
1885 3976 2078 4041 illum
2120 3977 2533 4061 sanguinem,

577 4088 772 4151 quem
817 4087 933 4150 pro
988 4074 1215 4131 nostra
1269 4064 1603 4130 ablutione
1659 4068 1807 4144 [pag.
1849 4069 1957 4142 94]
2005 4062 2267 4141 effudit,
2316 4064 2532 4129 obtes-

578 4161 697 4230 tor,
744 4158 824 4217 ut
866 4159 1174 4235 reputare
1219 4173 1372 4217 cum
1417 4152 1657 4215 animis
1715 4149 1953 4215 vestris
1998 4148 2242 4227 velitis,
2301 4150 2536 4232 quanti

577 4237 812 4304 debeat
856 4258 999 4304 esse
1042 4241 1462 4322 mysterium,
1520 4237 1590 4301 in
1644 4256 1770 4318 quo
1823 4234 2015 4301 nobis
2072 4257 2309 4318 corpus
2367 4234 2535 4300 illud

577 4325 647 4390 in
694 4324 941 4401 cibum,
1007 4324 1281 4407 sanguis
1336 4322 1410 4386 in
1461 4329 1690 4404 potum
1745 4320 2125 4386 exhibetur:
2196 4342 2324 4404 qua
2381 4321 2535 4387 reli-

567 4410 790 4496 gione,
825 4430 956 4492 qua
989 4430 1167 4487 cura,
1204 4406 1514 4474 custodiri
1549 4406 1970 4491 impollutum
1998 4406 2247 4474 debeat.
2322 4407 2534 4474 Cuius

577 4517 735 4581 ergo
777 4494 1271 4581 ingratitudinis
1328 4493 1486 4571 erit,
1537 4495 1593 4561 si
1637 4496 1782 4577 quis
1839 4494 2118 4561 coeleste
2172 4494 2296 4561 hoc
2349 4516 2532 4578 mys-

577 4583 849 4662 terium,
909 4580 1084 4666 quod
1138 4581 1346 4647 instar
1399 4581 1908 4662 pretiosissimae
1962 4581 2358 4665 margaritae
2412 4600 2533 4644 no-

575 4669 679 4735 bis
711 4666 1200 4734 commendavit
1233 4665 1561 4745 Christus,
1598 4667 1838 4733 calcari
1874 4667 2147 4750 aspiciat
2183 4687 2533 4750 porcorum

578 4752 885 4839 pedibus,
946 4761 1014 4818 et
1071 4752 1327 4820 taceat?
1416 4755 1620 4836 Atqui
1678 4773 1810 4819 non
1856 4753 2092 4819 calcari
2135 4753 2360 4833 mode,
2415 4752 2533 4820 sed

579 4839 764 4904 omni
806 4840 1004 4904 etiam
1047 4840 1422 4923 pollutionis
1466 4861 1708 4925 genere
1741 4839 2079 4924 inquinari
2119 4839 2529 4907 videbamus.

579 4924 795 5006 Quale
838 4925 1194 4991 ludibrium
1240 4933 1409 5006 erat,
1455 4925 1630 5012 quod
1671 4927 1902 4993 mortis
1946 4926 2198 4993 Christi
2242 4927 2533 4993 efficacia

578 5010 662 5075 ad
737 5011 1122 5078 theatricam
1200 5013 1488 5079 hominis
1567 5015 1888 5079 actionem
1970 5012 2528 5079 transferebatur?

621 5097 749 5163 uod
804 5098 1240 5177 sacrificulus,
1297 5106 1615 5183 tanquam
1669 5099 1926 5166 Christi
1968 5118 2335 5177 successor,
2393 5119 2533 5163 me-

628 5183 641 5197 '
690 5194 900 5250 torem
954 5205 1024 5251 se
1077 5185 1253 5251 inter
1295 5187 1514 5252 Deum
1571 5194 1640 5252 et
1680 5186 1982 5252 homines
2024 5183 2529 5267 interponebat?

621 5270 752 5338 uod
784 5270 1128 5337 obliterata
1161 5271 1337 5339 unici
1380 5274 1680 5340 sacrificii
1724 5272 1987 5351 virtute,
2032 5270 2216 5336 mille
2250 5270 2532 5355 singulis

627 5358 808 5424 'ebus
861 5358 1179 5425 sacrificia
1220 5358 1293 5423 in
1345 5380 1482 5424 una
1534 5360 1697 5425 urbe
1751 5358 1836 5424 ad
1894 5355 2226 5441 expianda
2266 5364 2535 5440 peccata

2191 426 2318 492 DE
2364 423 3005 493 NECESSITATE

4473 427 4597 489 508

2644 612 3139 680 offerebantur?
3217 611 3390 695 quod
3454 612 3694 679 millies
3771 612 4057 695 quotidie
4133 613 4602 682 immolabatur

2643 700 2969 780 Christus,
3016 700 3201 783 quasi
3245 721 3378 764 non
3422 701 3766 778 sufficeret,
3813 700 4016 765 semel
4062 721 4202 766 esse
4243 721 4365 785 pro
4410 702 4600 769 nobis

2642 784 3024 851 mortuum?
3116 784 3225 850 Ad
3298 786 3461 850 istas
3536 806 3762 850 omnes
3838 786 4268 853 contumelias
4335 786 4602 855 Christo

2641 871 3031 957 irrogandas
3086 879 3537 937 sacrosanctae
3603 892 3842 937 coenae
3908 872 4099 937 titulo
4157 872 4344 939 abusi
4410 882 4599 940 sunt:

2643 960 2701 1025 si
2742 957 3005 1043 quidem
3047 957 3122 1022 in
3166 958 3302 1024 solo
3347 958 3646 1023 sacrificii
3691 958 3957 1022 nomine
3988 978 4216 1024 omnes
4258 962 4602 1027 continen-

2642 1053 2770 1110 tur.
2844 1045 3073 1127 Neque
3117 1064 3274 1110 vero
3308 1045 3557 1128 ignore,
3605 1064 3766 1127 quas
3810 1065 3988 1109 nunc
4022 1046 4601 1129 interpretationes

2643 1131 3009 1197 obtendant
3063 1130 3454 1209 adversarii,
3512 1128 3597 1193 ad
3641 1130 3983 1196 diluendas
4038 1139 4259 1198 tantas
4301 1133 4601 1199 absurdi-

2644 1227 2827 1282 tates.
2918 1217 3205 1295 Verum,
3253 1238 3455 1300 quum
3504 1216 3823 1281 hactenus
3867 1238 4125 1296 omnes,
4171 1240 4333 1301 quas
4378 1221 4598 1301 retuli,

2642 1304 3161 1369 abominationes
3204 1302 3621 1387 impudenter
3660 1304 4101 1383 exercuerint,
4148 1327 4326 1371 nunc
4370 1305 4602 1391 depre-

2644 1390 2833 1454 hensi
2876 1388 3253 1473 perfodiunt
3293 1389 3418 1455 sibi
3460 1410 3663 1454 novos
3707 1390 4060 1471 cuniculos,
4105 1392 4338 1473 quibus
4376 1400 4602 1459 tamen

2641 1497 2829 1541 suam
2871 1475 3348 1559 turpitudinem
3391 1475 3665 1539 minim-e
3711 1475 4035 1559 operiunt.
4094 1477 4373 1542 Missam
4398 1480 4600 1546 sacri-

2639 1562 2863 1627 ficium
2917 1582 3060 1626 esse
3116 1561 3562 1638 tradiderunt,
3631 1583 3758 1645 quo
3816 1564 4243 1645 expiarentur
4308 1572 4598 1647 peecata,

2642 1670 2775 1713 non
2818 1649 3127 1715 vivorum
3184 1647 3407 1725 modo,
3467 1648 3584 1712 sed
3639 1649 3839 1712 etiam
3900 1658 4323 1715 mortuorum.
4417 1650 4598 1733 Quid

2641 1756 2819 1802 nunc
2879 1736 3228 1817 proficiunt
3271 1735 3793 1817 tergiversandO,
3851 1734 3979 1799 nisi
4024 1734 4196 1818 quod
4240 1757 4428 1803 suam
4472 1740 4596 1802 im-

2639 1820 3026 1903 pudentiam
3070 1824 3218 1899 [pag.
3258 1824 3366 1898 95]
3409 1819 3742 1902 produnt?
3824 1819 4093 1901 Quanta
4137 1823 4335 1889 etiam
4379 1844 4598 1890 saera-

2639 1907 2846 1971 menti
2889 1906 3196 1989 pollutio,
3254 1905 3426 1988 quod
3481 1928 3684 1989 quum
3741 1916 3968 1989 aperta
4022 1909 4205 1974 verbi
4258 1907 4596 1993 praediea-

2641 1994 2819 2057 tione
2874 1998 3129 2058 constet
3179 1992 3475 2076 legitima
3535 1995 3974 2072 consecratiO,
4039 1996 4203 2060 flatu
4270 1994 4599 2061 duntaxat

2641 2086 2709 2143 et
2752 2100 3089 2143 murmure
3118 2079 3311 2162 panis
3342 2078 3761 2144 incantatur?
3810 2078 3983 2163 quod
4015 2100 4151 2145 non
4184 2079 4599 2149 distribuitur

2640 2166 2711 2230 in
2754 2173 2946 2231 coetu
2984 2163 3306 2245 fidelium,
3362 2164 3477 2229 sed
3520 2186 3813 2231 seorsum
3857 2173 4128 2232 voratur
4170 2166 4253 2232 ab
4295 2189 4446 2246 une,
4491 2168 4596 2236 vel

2641 2252 2712 2316 in
2756 2250 3045 2316 alienum
3090 2272 3287 2316 usum
3329 2251 3713 2334 reponitur?
3762 2252 3975 2336 quod,
4017 2274 4218 2336 quum
4261 2254 4481 2338 aliqua
4521 2257 4599 2320 fit

2643 2336 3049 2417 distributim
3106 2337 3394 2421 populus
3439 2337 3710 2404 dimidia
3747 2350 3962 2422 parte,
4020 2339 4145 2405 hoc
4186 2348 4318 2419 est,
4375 2341 4595 2419 calice,

2642 2423 2963 2489 adversus
3053 2424 3303 2490 clarum
3381 2423 3656 2489 Domini
3739 2425 4167 2491 interdictum
4241 2426 4592 2510 privatur?

2642 2508 2856 2591 Quale
2898 2509 3435 2588 deliramentum,
3494 2510 3665 2593 quod
3720 2511 3965 2577 aboleri
4020 2513 4158 2578 suis
4216 2514 4600 2581 exorcismis

2641 2598 2904 2680 fingunt
3004 2597 3150 2662 anis
3208 2596 3672 2677 substantiam,
3727 2605 3808 2662 ut
3859 2598 3930 2662 in
3975 2596 4321 2664 Christum
4376 2608 4598 2666 trans·

2640 2689 2934 2748 mutetur
3072 2681 3283 2764 Quale
3326 2682 3657 2765 probrum,
3702 2682 3876 2767 quod
3911 2683 4119 2750 nihilo
4153 2686 4598 2752 verecundius

2640 2768 2993 2835 missarum
3024 2775 3369 2835 exercetur
3389 2770 3910 2849 mercimonium,
3944 2791 4143 2855 quam
4178 2771 4593 2839 calceorum?

2640 2855 2811 2920 Nam
2858 2854 2916 2919 si
2960 2854 3277 2939 recipitur
3318 2854 3489 2938 quod
3532 2854 3779 2938 dieunt,
3822 2856 3892 2921 id
3936 2865 4039 2923 est
4069 2859 4380 2924 meritum
4420 2879 4597 2924 mor-

2640 2942 2725 3007 tis
2757 2939 3007 3007 Christi
3051 2940 3355 3006 vendere.
3425 2940 3623 3007 Certe
3645 2964 3778 3009 non
3801 2942 4111 3009 leviorem
4140 2943 4409 3011 Christo
4441 2967 4594 3011 eon-

2640 3026 2982 3095 tumeliam
3024 3026 3292 3107 faciunt,
3339 3048 3533 3111 quam
3579 3031 3636 3096 si
3681 3030 3822 3096 eius
3862 3029 4098 3097 faciem
4133 3041 4594 3115 conspuerent.

2813 3113 2991 3193 Tibi,
3060 3136 3328 3198 quaeso,
3411 3116 3844 3182 invictissime
3915 3116 4191 3198 Caesar,
4280 3116 4596 3201 vobisque

2640 3201 3069 3266 illustrissimi
3094 3201 3457 3284 Principes,
3501 3203 3572 3266 in
3613 3209 3904 3268 mentem
3946 3205 4191 3283 veniat,
4235 3203 4396 3288 quid
4432 3204 4595 3270 olim

2641 3285 3006 3353 Corinthiis
3077 3296 3346 3371 propter
3404 3310 3645 3368 unum,
3703 3309 3827 3354 nee
3878 3290 3975 3354 ita
4042 3310 4317 3374 gravem
4380 3291 4597 3374 prima

2640 3375 2874 3457 specie,
2933 3374 3208 3439 abusum
3272 3374 3469 3440 huius
3526 3376 3920 3440 sacramenti
3966 3375 4291 3442 acciderit.
4382 3376 4599 3443 Suam

2640 3459 2915 3543 quisque
2959 3479 3227 3525 coenam
3273 3459 3466 3525 domo
3510 3461 3855 3527 afferebat:
3912 3483 4049 3527 non
4102 3474 4179 3528 ut
4219 3464 4599 3530 conferrent

2637 3546 2710 3610 in
2752 3567 3126 3623 commune,
3175 3545 3291 3611 sed
3333 3555 3410 3611 ut
3450 3546 3629 3613 laute
3671 3547 4096 3631 epularentur
4134 3548 4388 3629 divites,
4432 3570 4600 3634 pau-

2636 3653 2826 3715 peres
2870 3640 3091 3698 autem
3135 3633 3476 3698 esurirent.
3545 3633 3743 3700 Hanc
3785 3635 3867 3700 ob
3911 3656 4176 3701 causam
4220 3634 4603 3702 vehementi

2639 3740 2715 3785 ac
2758 3740 2956 3784 saeva
2997 3719 3375 3802 pestilentia
3412 3719 3613 3785 fuisse
3659 3743 3699 3785 a
3731 3719 4026 3786 Domino
4069 3721 4445 3806 castigatos,
4488 3742 4599 3789 as·

2639 3805 2798 3871 serit
2849 3804 3133 3870 Paulus:
3204 3805 3316 3889 qui
3369 3812 3593 3871 tamen
3652 3816 4004 3890 paternum
4069 3808 4193 3874 hoc
4257 3808 4600 3894 flagellum

2638 3913 2779 3958 esse
2820 3889 3156 3970 admonet,
3212 3911 3340 3975 quo
3383 3892 3711 3959 Dominus
3767 3914 3877 3958 eos
3935 3893 4019 3958 ad
4076 3895 4599 3977 resipiscentiam

2637 3986 2905 4044 voearet
2949 3977 3009 4061 (l
3056 3976 3205 4043 Cor.
3252 3984 3348 4056 ll,
3388 3983 3518 4061 30).
3608 3979 3788 4045 Hinc
3831 3979 4151 4063 colligite,
4206 3980 4363 4063 quid
4404 3981 4600 4048 nobis

2640 4063 2835 4129 hodie
2870 4063 3387 4147 exspectandum
3428 4066 3539 4144 sit,
3577 4066 3690 4148 qui
3722 4087 3855 4130 non
3892 4066 4233 4149 paululum
4277 4066 4597 4151 quiddam

2640 4150 3111 4217 declinavimus
3155 4173 3195 4216 a
3238 4162 3417 4216 recta
3459 4150 3712 4217 Christi
3752 4151 4185 4231 institutione,
4231 4152 4349 4218 sed
4391 4154 4471 4220 ab
4514 4173 4600 4220 ea

2638 4239 2963 4302 immenso
3008 4236 3355 4302 intervallo
3400 4235 3835 4315 discessimus,
3882 4238 3996 4320 qui
4029 4260 4161 4304 non
4205 4260 4337 4305 uno
4371 4240 4441 4305 in
4478 4260 4597 4324 ge—

2638 4343 2799 4388 nere
2842 4323 3251 4406 corrupimus
3295 4325 3437 4389 eius
3480 4324 3866 4407 puritatem,
3916 4329 4065 4403 [pag'.
4103 4330 4212 4405 96]
4256 4323 4373 4391 sed
4415 4346 4596 4392 eom-

2638 4407 2970 4492 pluribus,
3031 4417 3100 4474 et
3153 4409 3235 4475 iis
3293 4409 3557 4492 quidem
3603 4410 3947 4476 horrendis
3989 4410 4229 4490 modis,
4287 4432 4434 4477 eam
4479 4411 4599 4478 de·—

2638 4495 3095 4560 formavimus:
3153 4496 3266 4578 qui
3322 4516 3453 4559 non
3511 4517 3642 4560 uno
3700 4495 3991 4579 quolibet
4042 4496 4249 4563 abusu
4292 4498 4597 4565 turbavi-

2636 4602 2787 4646 mus
2842 4580 3213 4665 legitimum
3267 4581 3409 4647 eius
3466 4603 3694 4659 usum,
3751 4580 3866 4648 sed
3922 4590 4128 4649 totam
4170 4583 4593 4651 administra-

2640 4668 2887 4733 tionem
2934 4669 3310 4732 evertimus.
3400 4667 3466 4731 N
3467 4688 3541 4733 ec
3578 4688 3736 4733 vero
3781 4668 4055 4734 dubium
4099 4677 4217 4747 est,
4261 4669 4421 4754 quin
4455 4672 4595 4753 pri-

2637 4753 2788 4819 dem
2842 4753 3018 4818 hano
3072 4753 3479 4836 impietatem
3535 4752 3763 4821 ulcisci
3815 4757 4103 4839 eoeperit
4150 4756 4354 4824 Deus.
4442 4758 4597 4823 Iam

2636 4839 2878 4904 multos
2935 4860 3142 4904 annos
3196 4839 3542 4906 continuos
3596 4840 3896 4923 plurimis
3954 4843 4281 4926 variisque
4331 4864 4597 4909 aerum-

2635 4927 2741 4991 nis
2785 4934 2851 4990 et
2893 4923 3378 4991 calamitatibus
3435 4926 3728 4992 mundus
3769 4928 4119 5009 premitur,
4174 4938 4241 4994 et
4283 4951 4463 4996 nunc
4505 4929 4599 4996 ad

2636 5018 3007 5077 extremum
3049 5031 3248 5095 prope
3292 5012 3706 5077 miseriarum
3750 5022 4024 5079 ventum
4059 5021 4176 5080 est.
4263 5016 4402 5081 Nos
4443 5016 4596 5100 qui-

2638 5095 2789 5163 dem
2844 5104 2960 5162 aut
2986 5094 3033 5180 ¹)
3091 5098 3611 5182 obstupescimus
3669 5097 3754 5165 ad
3823 5108 4082 5167 nostras
4137 5100 4394 5187 plagas,
4470 5110 4598 5168 ant

2776 5371 2832 5439 1)
2872 5378 2993 5440 aut,
3037 5375 3289 5428 omittunt
3324 5388 3510 5427 omnes
3551 5379 3772 5441 praeter
3802 5375 4139 5445 principem,
4174 5376 4335 5431 eiiam
4377 5375 4594 5433 Gallu.

3788 5479 3819 5521 ο
