4999 6179
581 416 710 479 479

577 599 790 668 Suum
850 601 1030 666 enim
1082 600 1320 684 cuique
1378 599 1759 686 pulchrum,
1819 606 1894 664 ut
1936 601 2143 668 veteri
2187 599 2535 684 proverbio

575 687 820 753 fertur:
866 708 995 770 quo
1036 688 1142 766 fit,
1187 693 1266 752 ut
1306 708 1472 771 quae
1517 708 1602 752 ex
1645 686 1854 770 capite
1898 693 2122 752 nostro
2165 692 2323 751 nata
2358 691 2534 764 sunt,

574 774 788 858 magis
830 793 952 839 nos
996 771 1346 839 delectent:
1402 780 1468 838 et
1510 773 1725 839 fictitii
1780 772 1897 838 isti
1949 771 2169 838 cultus
2213 792 2406 855 saepe
2450 770 2536 836 ad

576 859 869 942 aliquam
932 860 1295 943 sapientiae
1361 858 1644 943 speciem
1705 865 1860 924 sunt
1924 858 2296 941 compositi,
2364 857 2537 924 sicut

574 946 778 1011 etiam
818 945 1072 1011 Paulus
1128 945 1376 1011 fatetur
1422 944 1602 1095 ίἓΟοΙ.
1643 947 1702 1024 2,
1743 947 1875 1029 23).
1963 945 2323 1011 Praeterea
2376 963 2535 1027 quo-

572 1031 758 1097 niam
812 1038 1161 1097 externum
1229 1031 1418 1114 splen
1466 1051 1647 1096 orem
1704 1037 1781 1096 ut
1841 1029 2205 1113 plurimum
2265 1028 2532 1108 habent,

572 1118 687 1202 qui
741 1119 816 1183 in
873 1117 1091 1184 oculos
1148 1117 1457 1196 incurrit,
1522 1115 1765 1200 magis,
1831 1136 1952 1199 pro
2010 1123 2251 1182 natura
2303 1123 2536 1181 nostra

574 1204 850 1283 carnali,
912 1202 1098 1269 nobis
1139 1199 1462 1283 arrident,
1508 1223 1706 1286 quam
1743 1202 1893 1281 illa,
1951 1222 2120 1287 quae
2163 1203 2350 1268 Deus
2394 1202 2535 1267 sola

575 1295 643 1355 et
681 1289 963 1373 requirit
1016 1296 1084 1354 et
1127 1288 1389 1371 probat,
1447 1309 1655 1373 quum
1713 1289 1934 1354 minus
1977 1287 2271 1355 habeant
2312 1296 2532 1353 osten-

571 1375 856 1442 tationis.
945 1373 1133 1440 Nihil
1189 1380 1414 1440 tamen
1469 1395 1541 1439 m
1633 1375 1645 1387 “
1750 1375 2134 1441 obtenebrat
2186 1374 2534 1441 hominum

570 1467 862 1541 mentes,
919 1468 996 1526 ut
1036 1461 1130 1526 ita
1168 1481 1517 1545 perperam
1543 1395 1810 1526 a‹ffslflhac
1853 1482 1927 1527 re
1967 1459 2291 1541 iudicent,
2337 1480 2533 1544 quam

571 1546 958 1632 hypocrisis.
1045 1546 1223 1612 Nam
1278 1568 1483 1630 quum
1536 1568 1731 1613 veros
1775 1547 1907 1612 Dei
1963 1545 2247 1613 cultores
2301 1566 2412 1611 cor
2467 1553 2535 1609 et

572 1633 873 1698 animum
918 1639 1216 1716 oporteat
1258 1633 1524 1713 afferre,
1595 1632 1875 1716 cupiunt
1918 1655 2176 1716 semper
2229 1633 2532 1697 homines

568 1718 844 1784 modum
902 1718 1237 1784 serviendi
1280 1718 1427 1785 Deo
1471 1720 1551 1784 ab
1606 1740 1682 1784 eo
1723 1740 1994 1802 prorsus
2050 1719 2385 1785 diversum
2427 1717 2533 1781 in-

571 1804 829 1872 venire:
878 1811 956 1870 ut
999 1805 1248 1870 scilicet
1291 1805 1583 1888 corporis
1627 1805 1954 1888 obsequiis
1990 1826 2149 1890 erga
2189 1804 2374 1869 illum
2419 1802 2532 1868 de-

572 1890 784 1956 functi
827 1891 1125 1957 animum
1166 1889 1292 1956 sibi
1332 1892 1676 1956 retineant.
1765 1891 1976 1957 Porro
2019 1891 2177 1956 dum
2222 1898 2533 1955 externas

571 1997 850 2061 pompas
872 1976 970 2041 illi
997 1975 1375 2057 obtrudunt,
1412 1976 1534 2043 hoc
1559 1997 1628 2042 se
1661 1977 1937 2044 artificio
1964 1977 2249 2044 evasisse
2272 1983 2530 2060 putant,

570 2084 657 2128 ne
722 2063 959 2127 offerre
1024 2084 1094 2127 se
1157 2064 1335 2145 ipsos
1403 2069 1739 2147 cogantur.
1841 2064 2061 2146 Atque
2116 2062 2279 2129 haec
2334 2082 2535 2128 causa

572 2155 702 2228 est,
763 2168 881 2214 cur
938 2149 1325 2213 innumeros
1383 2148 1599 2214 cultus
1642 2145 1955 2215 libentius
2000 2149 2370 2231 suscipiant
2410 2147 2532 2211 ho-

569 2235 816 2314 mines,
875 2233 1108 2318 quibus
1152 2236 1294 2299 sine
1336 2235 1470 2299 fine
1515 2241 1584 2299 et
1624 2233 1819 2299 modo
1863 2236 2105 2300 misere
2147 2234 2529 2318 fatigentur,

570 2327 640 2386 et
679 2342 801 2387 cur
841 2321 912 2385 in
956 2319 1335 2406 labyrintho
1379 2341 1604 2386 errare
1653 2327 1972 2403 perpetuo
2012 2319 2276 2400 malint,
2334 2339 2533 2403 quam

571 2406 957 2490 simpliciter
1000 2406 1222 2472 Deum
1261 2405 1473 2472 colere
1515 2406 1587 2470 in
1631 2406 1872 2490 spiritu
1914 2413 1980 2473 et
2023 2405 2319 2471 veritate.

742 2492 1057 2576 Improba
1097 2493 1306 2577 igitur
1350 2492 1680 2558 calumnia
1722 2498 1855 2570 est,
1900 2490 2072 2575 quod
2115 2492 2337 2558 hostes
2379 2512 2532 2557 nos-

567 2579 656 2643 tri
730 2578 1044 2644 facilitate
1106 2586 1174 2643 et
1238 2576 1657 2662 indulgentia
1718 2598 1841 2643 nos
1907 2577 2167 2644 allicere
2231 2577 2533 2643 homines

570 2664 1025 2729 criminantur.
1115 2663 1293 2728 Nam
1347 2663 1405 2728 si
1462 2662 1657 2727 detur
1712 2663 1921 2747 optio:
1993 2664 2254 2747 quidvis
2310 2665 2532 2748 potius

569 2770 833 2832 semper
876 2750 1078 2833 eliget
1114 2749 1311 2813 homo
1356 2748 1658 2827 carnalis,
1703 2771 1902 2833 quam
1944 2756 2020 2815 ut
2055 2748 2274 2816 Deum
2320 2750 2534 2816 colere

571 2835 655 2902 ad
702 2839 851 2914 [pag.
893 2839 1000 2914 42]
1046 2834 1384 2902 doctrinae
1423 2843 1688 2900 nostrae
1730 2837 2214 2920 praescriptum
2256 2858 2532 2903 consen-

569 2921 709 2986 tiat.
799 2919 1038 2986 Fidem
1084 2928 1152 2986 et
1205 2920 1682 3003 poenitentiam
1753 2922 1940 2986 facilc
1996 2927 2096 2988 est
2159 2923 2527 2987 nominare:

569 3006 685 3073 sed
727 3028 834 3073 res
875 3017 1034 3073 sunt
1067 3005 1152 3071 ad
1195 3005 1663 3091 praestandum
1700 3006 2141 3074 difficillimae.
2231 3006 2532 3092 Quicun-

569 3115 697 3179 que
739 3096 760 3159 i
814 3095 947 3159 'tur
989 3095 1060 3159 in
1101 3092 1208 3159 his
1263 3094 1600 3159 constituit
1640 3093 1774 3160 Dei
1817 3095 2098 3175 cultum,
2151 3095 2212 3160 is
2255 3096 2532 3161 minime

565 3179 753 3246 laxat
821 3181 1067 3249 abenas
1102 3180 1511 3245 hominibus:
1549 3180 1666 3246 sed
1701 3182 1877 3265 cogit
1910 3181 1983 3246 in
2018 3204 2173 3247 eum
2208 3182 2528 3261 ordinem,

567 3287 701 3351 quo
757 3267 988 3331 venire
1043 3266 1331 3332 maxime
1385 3266 1835 3333 reformidant.
1925 3266 2136 3334 Cuius
2184 3269 2282 3334 rei
2346 3268 2530 3333 locu-

566 3352 1012 3437 pletissimum
1056 3353 1512 3419 testimonium
1556 3354 1627 3417 in
1662 3375 1735 3419 re
1778 3354 1924 3438 ipsa
1959 3352 2295 3420 habemus.
2364 3355 2530 3420 Plu-

567 3439 755 3503 rimis
800 3446 868 3503 et
911 3434 1091 3503 duris
1135 3439 1389 3524 legibus
1447 3439 1774 3524 adstringi
1816 3461 1915 3520 se,
1974 3438 2057 3504 ad
2103 3440 2419 3523 plurimas
2465 3448 2533 3504 et

567 3523 927 3591 laboriosas
963 3524 1571 3591 observatiunculas
1593 3546 1664 3591 se
1687 3526 1850 3610 cogi,
1888 3525 2178 3610 rigidum
2222 3534 2290 3591 et
2323 3549 2531 3611 grave

566 3612 638 3676 iu
689 3631 804 3674 um
846 3609 969 3675 sibi
1001 3610 1271 3694 imponi,
1317 3609 1598 3695 denique
1640 3611 1807 3676 nihil
1848 3633 1982 3676 non
2023 3612 2361 3678 molestiae
2406 3612 2531 3679 sibi

569 3717 606 3761 e
704 3696 868 3761 iberi
923 3696 1257 3779 patientur
1322 3697 1657 3761 homines:
1725 3697 1921 3763 modo
1985 3719 2071 3763 ne
2138 3698 2351 3764 cordis
2412 3700 2532 3763 fiat

570 3782 837 3848 mentio.
927 3782 1107 3849 Hinc
1149 3789 1455 3867 apparet,
1500 3781 1670 3847 nihil
1713 3785 1928 3867 magis
1972 3785 2271 3868 refugere
2315 3784 2529 3850 homi-

575 3869 682 3934 nis
741 3867 1081 3953 ingenium
1101 3922 1116 3949 ,
1188 3890 1382 3952 quam
1442 3868 1857 3951 spiritualem
1911 3869 2097 3934 illam
2152 3870 2526 3951 veritatem,

568 3953 649 4020 de
704 3975 836 4038 qua
889 3976 1007 4020 nos
1067 3954 1327 4022 assidue
1383 3955 1881 4021 concionamur:
1939 3978 2144 4039 quum
2187 3955 2528 4040 splendido

509 4108 520 4117 ,
565 4040 680 4106 illo
725 4048 1078 4124 apparatu,
1124 4044 1194 4108 in
1239 4060 1369 4126 quo
1413 4048 1760 4124 tantopere
1797 4041 2117 4108 insistunt
2157 4045 2368 4108 nostri
2412 4043 2527 4109 ad-

563 4128 872 4207 versarii,
927 4126 1261 4193 obruatur.
1349 4126 1498 4193 Hoc
1542 4135 1893 4211 extorquet
1933 4130 2078 4212 ipsa
2115 4129 2249 4195 Dei
2289 4130 2528 4196 maies-

563 4219 686 4293 tas,
733 4234 818 4278 ne
862 4214 1151 4279 eximere
1188 4234 1309 4281 nos
1354 4214 1436 4279 ab
1460 4212 1602 4279 eius
1637 4213 1822 4280 cultu
1866 4216 2210 4298 possimus.
2280 4216 2346 4281 N
2349 4237 2527 4282 eces-

563 4299 830 4365 sitatem
880 4321 953 4365 er
999 4320 1037 4365 o
1079 4298 1210 4365 Dei
1255 4294 1513 4365 colendi
1568 4299 1729 4365 dum
1773 4300 1902 4366 effu
1955 4321 2063 4366 ere
2117 4323 2253 4367 non
2294 4322 2527 4386 possu-

564 4405 743 4463 mus,
798 4405 930 4468 quo
1027 4385 1353 4470 reliquum
1396 4391 1528 4466 est,
1589 4385 1854 4470 obliqua
1946 4387 2288 4454 'verticula
2328 4409 2526 4471 quae-

564 4470 804 4552 rimus,
860 4491 946 4536 ne
988 4477 1171 4538 recta
1223 4471 1296 4536 in
1340 4471 1480 4538 eius
1520 4481 1944 4557 conspectum
1986 4474 2215 4541 venire
2259 4496 2527 4542 necesse

566 4558 680 4623 sit:
740 4556 850 4622 vel
900 4556 1118 4641 potius
1164 4558 1458 4624 externis
1501 4560 1960 4640 caeremoniis,
2018 4569 2332 4645 tanquam
2376 4582 2525 4645 spe-

564 4643 759 4712 ciosis
788 4642 1014 4723 larvis,
1049 4643 1511 4712 abscondimus
1533 4645 1910 4712 interiorem
1935 4646 2149 4714 cordis
2182 4646 2525 4727 malitiam,

566 4735 635 4795 et
692 4730 983 4814 corporis
1038 4731 1349 4816 obsequia
1406 4733 1795 4816 opponimus
1838 4741 2153 4817 tanquam
2205 4735 2526 4818 parietem

565 4814 1064 4898 intermedium,
1121 4839 1207 4884 ne
1252 4817 1445 4884 corde
1500 4816 1583 4883 ad
1640 4838 1793 4884 eum
1837 4819 2147 4886 accedere
2191 4841 2522 4904 cogamur.

563 4901 912 4968 Eiusmodi
965 4905 1375 4989 subterfugia
1428 4902 1555 4970 sibi
1597 4906 1819 4972 excuti
1866 4906 2232 4991 aegerrime
2273 4907 2527 4990 patitur

564 4988 886 5069 mundus,
942 4996 1139 5075 atque
1196 4991 1355 5057 hinc
1409 4990 1560 5056 illae
1614 4990 1982 5079 lacrymae,
2037 4993 2212 5076 quod
2253 5014 2338 5059 ex
2391 4992 2525 5059 illis

562 5073 868 5154 latebris,
932 5075 1005 5140 in
1058 5076 1298 5160 quibus
1346 5097 1575 5143 secure
1621 5099 1774 5145 cum
1827 5080 1971 5145 Deo
2034 5077 2385 5157 ludebant,
2451 5079 2525 5143 in

564 5170 864 5246 apertam
905 5161 1123 5229 lucem
1163 5183 1283 5247 per
1323 5184 1445 5229 nos
1485 5164 1768 5230 extracti
1810 5172 1988 5232 sunt.
2215 5172 2228 5183 ‘

739 5248 824 5314 In
878 5249 1169 5315 oratione
1217 5248 1349 5315 tria
1400 5249 1824 5317 correximus.
1913 5250 2089 5316 Nam
2146 5258 2214 5316 et
2267 5254 2526 5316 sancto—

564 5354 719 5400 rum
784 5340 934 5417 [pag.
984 5340 1094 5415 43]
1161 5335 1632 5403 intercessione
1698 5336 1920 5404 valere
1987 5337 2167 5404 iussa
2221 5335 2526 5401 homines

2194 410 2321 477 DE
2365 407 3005 478 NECESSITATE

4472 409 4601 474 480

2642 597 2727 664 ad
2770 596 3117 664 Christum
3160 597 3642 665 revocavimus:
3688 604 3767 664 ut
3808 603 3952 663 tum
3994 597 4067 673 in
4107 596 4286 663 illius
4329 597 4601 664 nomine

2641 691 2893 768 patrem
2948 683 3281 764 invocare,
3340 690 3485 748 tum
3538 704 3614 749 eo
3656 683 4016 750 mediatore
4068 684 4193 748 niti
4236 683 4565 750 discerent
4577 706 4597 764 ς

2642 777 2709 835 et
2763 771 2942 853 ipsos
3001 769 3373 849 docuimus,
3448 769 3739 854 primum
3804 791 3954 836 cum
4011 768 4222 836 solida
4272 771 4596 854 firmaque

2639 856 2896 936 fiducia,
2945 856 3183 922 deinde
3227 858 3428 922 etiam
3471 875 3620 921 cum
3655 856 4095 941 intelligentia
4137 876 4355 923 orare:
4391 876 4603 939 quum

2641 950 2795 1008 ante
2839 943 3141 1009 confusas
3194 963 3421 1026 preces
3474 941 3710 1026 lingua
3750 943 4089 1028 incognita
4142 942 4601 1008 demurmura-

2639 1034 2805 1095 rent.
2876 1029 3009 1095 Hic
3051 1027 3536 1113 proscindimur
3574 1028 3901 1094 atrocibus
3935 1027 4265 1107 conviciis,
4355 1028 4605 1094 rimum

2640 1114 2813 1198 quod
2865 1116 2937 1179 in
2991 1125 3250 1181 sanctos
3308 1115 3516 1179 simus
3575 1114 4061 1194 contumeliosi,
4131 1113 4284 1179 dein
4331 1135 4368 1179 e
4422 1112 4603 1199 quod

2638 1200 2863 1267 fideles
2905 1203 3160 1286 ingenti
3194 1201 3513 1268 beneficio
3548 1201 3903 1284 privemus.
3974 1201 4113 1266 Nos
4148 1221 4306 1268 vero
4339 1207 4603 1266 utrum-

2638 1309 2766 1370 que
2807 1309 3143 1372 negamus.
3232 1287 3409 1352 Nam
3450 1286 3623 1369 quod
3664 1286 3797 1353 illis
3840 1285 4092 1352 Christi
4133 1287 4421 1353 officium
4463 1308 4602 1352 non

2638 1374 2929 1456 patimur
2972 1374 3334 1457 assignari,
3390 1373 3515 1438 hoc
3570 1375 3648 1438 fit
3689 1374 3831 1439 sine
3889 1372 4025 1438 ulla
4063 1393 4293 1438 eorum
4336 1373 4598 1438 iniuria.

2637 1458 2914 1524 Nullum
2971 1481 3128 1544 ergo
3162 1459 3327 1531 ,illis
3386 1459 3702 1524 honorem
3766 1458 4203 1542 praeripimus
4220 1510 4234 1537 ‚
4303 1458 4419 1524 sed
4484 1459 4599 1542 qui

2637 1552 2886 1611 temere
2930 1566 3005 1611 ac
3050 1566 3419 1629 perperam,
3467 1545 3811 1611 hominum
3856 1565 4103 1624 errore,
4147 1544 4280 1611 illis
4324 1544 4601 1610 attribu-

2639 1639 2746 1697 tus
2783 1643 2941 1697 erat.
3016 1631 3199 1697 Nihil
3247 1630 3477 1710 dicam,
3525 1629 3699 1715 quod
3740 1651 3874 1697 non
3917 1632 4125 1715 possit
4160 1629 4364 1715 digito
4407 1652 4599 1697 mon-

2638 1718 2851 1783 strari.
2938 1717 3274 1801 Principio
3324 1716 3623 1784 homines
3676 1717 4033 1801 precaturi,
4093 1717 4317 1782 Deum
4359 1717 4599 1801 imagi-

2636 1811 2882 1869 nantur
2923 1804 3151 1888 procul
3196 1804 3450 1883 abesse,
3495 1824 3618 1869 nec
3661 1803 3746 1869 ad
3788 1824 3969 1880 eum,
4015 1803 4146 1868 nisi
4190 1803 4446 1886 patroni
4479 1823 4597 1869 cu—

2634 1890 2919 1973 iuspiam
2955 1889 3176 1968 ductu,
3214 1897 3440 1973 patere
3483 1910 3834 1956 accessum.
3906 1889 4140 1972 Neque
4179 1891 4357 1954 inter
4397 1888 4599 1955 rudes

2638 1996 2714 2041 ac
2757 1974 3056 2043 indoctos
3098 1981 3363 2040 tantum
3417 1998 3460 2040 v
3590 1983 3702 2040 tur
3749 1975 3917 2041 falsa
3970 1975 4134 2040 haec
4177 1975 4423 2057 opinio:
4480 1973 4602 2041 sed

2635 2063 2749 2145 qui
2793 2061 2991 2128 duces
3034 2081 3380 2128 caecorum
3421 1997 3652 2126 hzaiffiri
3696 2061 3957 2142 volunt,
4000 2063 4096 2126 ita
4145 2081 4397 2144 quoque
4441 2068 4602 2126 sunt

2636 2149 2949 2230 persuasi.
3021 2148 3232 2213 Porro
3275 2147 3343 2211 in
3390 2145 3778 2231 quaerendis
3821 2147 4136 2231 patronis,
4182 2167 4376 2212 suum
4416 2146 4599 2230 quis-

2636 2254 2761 2316 que
2806 2255 3071 2299 sensum
3117 2233 3427 2317 sequitur.
3503 2233 3695 2299 Alius
3738 2233 4040 2310 Mariam,
4087 2231 4258 2299 alius
4300 2233 4602 2299 Michae-

2634 2318 2796 2400 lem‚
2844 2319 3014 2384 alius
3056 2320 3336 2385 Petrum
3379 2319 3581 2403 eligit.
3674 2318 4047 2397 Christum,
4094 2326 4170 2383 ut
4210 2319 4598 2403 plurimum,

2637 2404 2821 2470 nullo
2867 2406 3008 2470 loco
3060 2425 3183 2470 nec
3234 2426 3512 2470 numero
3559 2403 3937 2490 dignantur.
4025 2405 4172 2470 Imo
4215 2406 4329 2471 vix
4372 2412 4599 2471 cente-

2637 2492 2843 2557 simus
2879 2492 3155 2575 quisque
3198 2492 3585 2574 reperietur,
3626 2492 3738 2575 qui
3777 2512 3912 2556 non
3957 2496 4237 2576 stupeat,
4280 2503 4602 2574 tanquam

2638 2576 2722 2642 ad
2776 2598 3021 2643 novum
3076 2584 3483 2660 portentum,
3543 2579 3599 2644 si
3645 2575 3987 2643 Christum
4043 2575 4269 2642 audiat
4313 2577 4601 2644 advoca-

2636 2671 2783 2728 tum
2828 2664 3175 2729 nominari.
3265 2664 3536 2730 Christo
3578 2664 3786 2748 igitur
3825 2664 4180 2746 praeterito
4221 2663 4295 2727 in
4336 2671 4601 2730 sancto-

2638 2771 2788 2814 rum
2831 2750 3211 2834 patrociniis
3268 2771 3496 2815 omnes
3540 2750 3980 2834 acquiescunt.
4071 2749 4315 2815 Gliscit
4357 2747 4599 2815 deinde

2637 2837 2849 2921 magis
2904 2858 2979 2901 ac
3028 2836 3239 2919 magis
3295 2837 3703 2919 superstitio,
3765 2846 3842 2901 ut
3894 2837 4261 2920 promiscue
4313 2841 4597 2915 sanctos,

2638 2943 2771 2987 non
2815 2921 3009 2986 aliter
3050 2943 3247 3005 quam
3282 2922 3535 3000 Deum,
3591 2923 3913 2994 invocent.
3999 2922 4246 2986 Fateor
4288 2921 4602 3005 equidem

2636 3029 2840 3092 quum
2876 3007 3249 3074 distinctius
3281 3007 3460 3093 loqui
3504 3011 3653 3088 [pag.
3692 3012 3801 3088 44]
3828 3008 4076 3087 volunt,
4106 3027 4239 3072 non
4275 3007 4455 3073 aliud
4478 3027 4598 3093 pe-

2635 3103 2777 3161 tere
2817 3116 2930 3161 eos
2965 3116 3006 3159 a
3048 3098 3293 3162 sanctis
3327 3116 3524 3179 quam
3558 3103 3637 3161 ut
3678 3116 3907 3161 eorum
3940 3095 4243 3178 precibus
4278 3096 4603 3161 iuventur

2635 3181 2812 3265 apud
2857 3182 3093 3247 Deum.
3186 3180 3322 3248 Sed
3365 3181 3654 3266 saepiae,
3713 3183 3979 3247 confuso
4021 3181 4148 3247 hoc
4192 3180 4595 3262 discrimine,

2636 3288 2811 3333 nunc
2854 3267 3103 3347 Deum,
3159 3290 3336 3334 nunc
3379 3268 3558 3347 illos,
3603 3275 3800 3352 prout
3833 3267 4062 3333 tulerit
4105 3269 4344 3334 mentis
4368 3269 4601 3351 impe-

2634 3360 2775 3434 tus,
2839 3355 3192 3437 requirunt
3237 3360 3304 3420 et
3352 3353 3726 3438 implorant.
3817 3353 4000 3435 Quin
4065 3354 4267 3420 etiam
4330 3354 4604 3437 propria

2637 3441 2870 3524 cuique
2922 3440 3265 3524 provincia
3317 3448 3418 3505 est
3474 3441 3837 3523 assignata:
3904 3447 3983 3505 ut
4040 3440 4207 3506 alius
4273 3440 4597 3523 pluviam,

2637 3527 3064 3592 serenitatem
3127 3525 3294 3592 alius
3360 3526 3682 3607 conferat3
3751 3526 3921 3592 alius
3985 3525 4222 3592 liberet
4288 3546 4328 3591 a
4391 3526 4596 3609 febre,

2636 3612 2803 3679 alius
2848 3635 2888 3678 a
2940 3613 3300 3696 naufragio.
3388 3612 3645 3678 Verum
3698 3619 3772 3677 ut
3811 3613 4086 3695 profana
4127 3614 4257 3678 ista
4297 3612 4600 3679 ethnico-

2637 3721 2788 3763 rum
2832 3698 3093 3776 doliria,
3152 3720 3319 3781 quae
3372 3699 3618 3782 passim
3665 3705 3890 3763 tamen
3944 3708 4332 3783 grassantur
4374 3699 4447 3763 in
4486 3719 4597 3763 eo·

2634 3785 2867 3864 clesiis,
2916 3784 3343 3863 dissimulem,
3389 3806 3525 3850 una
3569 3783 3732 3850 haec
3775 3786 4078 3868 impietas
4123 3805 4243 3869 pro
4288 3785 4597 3851 omnibus

2634 3872 2941 3949 sufficiat,
3011 3870 3181 3954 quod
3236 3878 3415 3937 totus
3486 3870 3771 3937 mundus
3822 3872 3979 3937 hinc
4040 3872 4194 3936 inde
4244 3869 4598 3938 advocatos

2633 3958 2760 4024 sibi
2802 3956 3223 4037 accersendo,
3270 3956 3645 4037 Christum,
3703 3958 3813 4041 qui
3868 3979 4042 4023 unus
4086 3977 4126 4021 a
4166 3957 4311 4023 Deo
4351 3978 4596 4042 propo-

2632 4045 2798 4110 situs
2833 4050 2993 4122 erat,
3039 4043 3342 4128 negligit:
3388 4052 3458 4109 et
3492 4052 3869 4110 sanctorum
3899 4042 4113 4129 magis
4144 4043 4357 4110 tutela
4388 4064 4595 4128 quam

2631 4131 2763 4197 Dei
2801 4130 3205 4212 protectione
3248 4128 3536 4195 confidit.

2804 4217 2900 4281 At
2941 4217 3151 4281 nostri
3204 4215 3746 4300 reprehensores,
3803 4216 3999 4280 etiam
4045 4216 4159 4299 qui
4209 4216 4387 4282 inter
4427 4215 4595 4283 alios

2630 4302 2963 4386 aliquanto
3006 4302 3157 4387 plus'
3212 4301 3462 4368 habent
3516 4302 3897 4385 aequitatis,
3951 4299 4221 4367 modum
4275 4303 4345 4368 in
4401 4300 4594 4368 nobis

2631 4387 3034 4468 desiderant,
3085 4386 3258 4471 quod
3312 4395 3687 4453 sanctorum
3732 4396 4140 4454 mortuorum
4180 4389 4596 4454 mentionem

2630 4476 2702 4540 in
2757 4482 2971 4540 totum
3030 4495 3115 4539 ex
3172 4474 3476 4557 precibus
3531 4473 4008 4540 sustulerimus.
4100 4472 4237 4540 Sed
4291 4496 4376 4540 ex
4424 4474 4593 4557 ipsis

2631 4562 2798 4627 scire
2841 4560 3042 4626 velim
3059 4612 3074 4639 ,
3118 4559 3276 4643 quid
3322 4581 3433 4625 eos
3476 4579 3746 4643 peccare
3789 4561 4194 4640 existiment,
4239 4560 4352 4644 qui
4392 4582 4593 4645 regu—

2628 4646 2763 4712 lam
2800 4668 2840 4713 a
2883 4645 3151 4713 Christo
3186 4646 3430 4729 optimo
3468 4647 3804 4731 magistro,
3849 4668 3889 4711 a
3923 4646 4262 4730 prophetis
4297 4653 4365 4713 et
4397 4667 4591 4730 apos—

2628 4732 2780 4799 tolis
2815 4732 3119 4798 omnibus
3154 4733 3454 4814 positam,
3497 4731 3782 4798 fideliter
3815 4731 4196 4798 observant:
4238 4754 4362 4799 nec
4394 4731 4592 4816 quid-

2630 4841 2829 4904 quam
2870 4818 3443 4901 praetermittunt,
3501 4816 3675 4901 quod
3716 4818 3829 4885 vel
3872 4818 4142 4902 spiritus
4200 4824 4469 4905 sanctus
4512 4817 4594 4884 in

2631 4904 2975 4988 scripturis
3031 4902 3355 4980 docuerit,
3413 4903 3519 4968 vel
3575 4904 3755 4970 servi
3807 4905 3963 4982 Dei,
4019 4925 4060 4969 a
4101 4906 4315 4988 prima
4354 4904 4593 4971 mundi

2631 4992 2886 5075 origine
2945 5010 3153 5099 usque
3204 4989 3288 5055 ad
3346 4996 3630 5055 aetatem
3691 4990 4131 5074 apostolorum
4183 4992 4252 5056 in
4294 5011 4422 5057 usu
4466 4990 4592 5057 ha-

2630 5077 2919 5142 buerint.
3008 5074 3193 5140 Mhil
3235 5082 3337 5141 est
3378 5076 3546 5155 fere,
3603 5076 3684 5141 de
3724 5098 3852 5159 quo
3909 5075 4292 5162 diligentius
4332 5078 4593 5161 praeci-

2629 5162 2771 5246 piat
2813 5161 3083 5245 spiritus
3127 5170 3422 5242 sanctus,
3467 5182 3664 5246 quam
3708 5162 3791 5228 do
3830 5182 3993 5229 vera
4034 5163 4267 5229 orandi
4308 5162 4593 5231 ratione.

2630 5246 2834 5313 Nulla
2881 5255 2983 5312 est
3038 5247 3319 5335 syllaba,
3377 5267 3544 5331 quae
3599 5247 3683 5313 ad
3732 5257 4110 5315 sanctorum
4172 5258 4595 5316 mortuorum

2632 5332 2997 5401 subsidium
3052 5335 3405 5420 confugere
3457 5354 3578 5402 nos
3632 5332 3877 5401 doceat.
3978 5334 4234 5402 Multae
4287 5335 4595 5421 complu-
