4999 6179
578 455 707 519 839

582 648 653 706 et
692 641 944 706 instare
988 640 1244 705 sentiet.
1313 639 1462 704 Hoc
1503 637 1674 705 bello
1718 636 1934 704 colore
1979 656 2167 702 suam
2212 634 2371 698 olim
2414 634 2539 697 im-

631 727 898 792 ietatem
941 725 1275 809 operiebat
1326 725 1668 809 Pelagius3
1727 721 1921 790 sicuti
1973 722 2122 806 plus
2168 718 2542 803 quindecim

583 748 749 879 focis
791 819 1077 877 testatur
1129 811 1565 896 Augustinus,
1666 809 1842 875 Nam
1889 828 2096 892 quum
2151 807 2224 871 in
2267 805 2541 873 concilio

588 897 954 981 palaestino
978 898 1028 983 ¹)
1066 897 1489 963 anathemate
1533 894 1912 961 damnasset
1946 914 2073 972 eos,
2120 893 2234 977 qui
2257 892 2541 977 gratiam

584 983 716 1050 Dei
760 984 1209 1067 superioribus
1243 982 1497 1049 meritis
1531 975 1806 1064 rependi
1846 981 2172 1058 docerent,
2211 987 2278 1043 et
2315 986 2543 1061 postea

585 1069 797 1135 malae
853 1069 1007 1135 fidei
1065 1076 1483 1154 argueretur:
1540 1069 1635 1132 ita
1677 1088 1748 1132 se
1805 1072 1953 1148 [pag.
2005 1072 2148 1143 148]
2195 1062 2540 1149 purgabat,

583 1153 759 1238 quod
801 1155 967 1219 nihil
1011 1155 1246 1221 mereri
1294 1154 1592 1220 homines
1634 1152 1973 1236 potuerint
2008 1173 2210 1235 quum
2247 1149 2543 1215 nondum

588 1249 826 1307 essent.
896 1241 1217 1306 Liberum
1272 1262 1428 1325 ergo
1481 1239 1828 1307 arbitrium
1872 1245 1941 1303 et
1984 1246 2238 1320 partem
2289 1235 2541 1320 gratiae

587 1347 760 1406 esse,
807 1334 876 1390 et
917 1326 1123 1393 nullis
1164 1327 1418 1392 meritis
1458 1324 1823 1405 redditum,
1881 1323 1996 1390 sed
2041 1323 2249 1407 gratis
2290 1322 2539 1387 datum.

589 1411 723 1478 Sed
779 1411 964 1478 illam
1026 1413 1352 1480 fallaciam
1426 1413 1680 1477 excutit
1743 1409 2178 1494 Augustinus.
2198 1410 2257 1491 ²)
2366 1407 2541 1472 Nam

587 1499 876 1578 omnino,
923 1498 1157 1582 inquit,
1202 1519 1337 1563 non
1372 1499 1570 1563 istam
1612 1497 1896 1581 gratiam
1935 1494 2350 1561 commendat
2386 1513 2542 1575 apo-

587 1584 823 1661 stolus,
881 1604 1012 1667 qua
1055 1585 1259 1652 creati
1296 1605 1556 1662 sumus,
1601 1590 1678 1648 ut
1714 1603 2005 1648 essemus
2050 1582 2379 1659 homines,
2426 1577 2543 1645 sed

590 1690 719 1752 qua
753 1670 1089 1735 iustificati
1129 1691 1375 1749 sumus,
1415 1677 1492 1734 ut
1527 1670 1830 1734 homines
1873 1667 2032 1733 iusti
2073 1686 2382 1732 essemus.
2452 1665 2544 1730 Et

587 1755 744 1839 quid
786 1755 895 1821 hic
938 1756 1232 1840 longiore
1279 1755 1835 1821 demonstratione
1880 1752 2260 1818 uteremur?
2327 1751 2540 1815 Natu-

586 1863 732 1907 ram
788 1841 964 1907 enim
1017 1843 1412 1908 conserimus
1467 1861 1616 1906 cum
1661 1840 1906 1924 gratia,
1963 1860 2167 1922 quum
2211 1838 2387 1902 hanc
2430 1856 2541 1901 cu-

587 1926 835 1993 randae
879 1947 954 1993 ac
997 1926 1323 1993 tollendae
1364 1927 1542 1992 illius
1588 1926 1985 2009 corruptioni
2021 1925 2290 1990 unicum
2331 1943 2541 1988 reme-

588 2012 774 2078 dium
818 2033 961 2078 esse
1006 2012 1300 2079 dicimus.
1369 2014 1551 2097 Ergo
1593 2011 1873 2077 discerni
1917 2012 1986 2075 in
2031 2018 2168 2075 tota
2209 2010 2335 2076 hac
2369 2018 2543 2075 trae-

587 2098 838 2164 tatione
893 2107 1208 2181 tanquam
1265 2120 1371 2164 res
1433 2101 1609 2163 inter
1674 2118 1746 2163 se
1804 2098 2164 2179 oppositas,
2230 2095 2540 2179 oportuit.

590 2182 667 2249 Si
701 2183 877 2249 male
910 2205 1031 2249 nos
1067 2205 1371 2268 separare
1406 2204 1513 2249 res
1549 2184 1933 2250 coniunctas
1975 2182 2220 2247 dixerit
2242 2180 2542 2265 Pighius,

587 2284 853 2334 tuemur
892 2292 1012 2336 nos
1057 2270 1333 2353 apostoli
1378 2270 1749 2336 autoritate.
1806 2267 1985 2349 Quid
2029 2288 2184 2352 ergo
2225 2288 2424 2345 nunc,
2470 2274 2548 2331 ut

587 2361 796 2420 totum
846 2376 1082 2421 causae
1125 2364 1372 2421 statum
1418 2356 1656 2433 turbet,
1703 2356 2145 2437 profecturum
2189 2375 2261 2418 se
2300 2360 2543 2436 sperat,

588 2462 792 2525 quum
836 2463 877 2507 a
919 2443 1435 2526 regenerationis
1471 2441 1804 2519 beneficiO,
1843 2438 2015 2523 quod
2053 2438 2388 2523 singulare
2424 2448 2543 2516 est,

587 2527 669 2592 ad
715 2548 1132 2593 communem
1177 2528 1523 2593 creationis
1568 2526 1853 2610 gratiam
1896 2544 2017 2591 nos
2067 2524 2338 2591 avocat?
2409 2522 2547 2590 Sed

587 2614 713 2678 hoc
774 2623 875 2678 est
923 2614 1207 2693 seilicet,
1276 2613 1450 2696 quod
1518 2610 1756 2677 alicubi
1819 2610 2045 2677 scribit
2107 2612 2543 2695 Augustinus,

587 2719 846 2781 semper
900 2699 1254 2763 artificium
1308 2699 1431 2765 hoc
1488 2697 1855 2780 quaeritare
1911 2698 2166 2781 gratiae
2220 2697 2542 2775 inimicos,

588 2796 666 2847 ut
707 2783 962 2848 lateant
1002 2784 1124 2850 sub
1167 2782 1365 2849 laude
1403 2793 1696 2849 naturae.

762 2866 1088 2950 Quartum
1147 2871 1504 2949 obiectum,
1564 2868 1738 2952 quod
1791 2869 1864 2933 in
1916 2890 2065 2933 mea
2116 2867 2544 2933 Institutione

587 2976 673 3019 ex
718 2953 1244 3021 adversariorum
1289 2976 1569 3039 persona
1610 2975 1871 3034 move0,
1918 2961 2045 3019 est:
2101 2954 2384 3019 Frustra
2426 2975 2542 3018 ex-

586 3040 995 3108 hortationes
1027 3042 1291 3126 suscipi,
1329 3048 1810 3126 supervacuum
1843 3061 1986 3108 esse
2019 3039 2545 3107 admonitionum

587 3149 812 3208 usum,
869 3128 1178 3195 ridiculas
1230 3149 1372 3195 esse
1414 3128 1932 3214 obiurgationes,
1987 3128 2115 3194 nisi
2172 3147 2379 3211 penes
2422 3148 2544 3192 1100

590 3213 678 3278 sit
732 3234 982 3296 parere.
1085 3215 1263 3282 Huic
1321 3223 1713 3300 argumento
1753 3221 1831 3279 ut
1884 3235 2126 3280 nervos
2183 3212 2384 3279 addat
2428 3213 2543 3278 Pi-

590 3298 786 3383 ghius
845 3320 920 3365 00
975 3303 1408 3367 communiter
1455 3302 1698 3368 multos
1762 3307 2062 3366 veterum
2121 3299 2325 3365 fuisse
2390 3320 2544 3364 usos

589 3393 1084 3451 commemorat:
1131 3408 1214 3451 ox
1259 3385 1492 3471 quibus
1526 3388 2050 3471 Pseudopetrum
2095 3406 2243 3451 cum
2289 3386 2545 3452 larvato

592 3470 936 3537 Clemente
990 3473 1059 3535 in
1115 3474 1330 3555 prima
1378 3475 1516 3540 acie
1570 3474 1759 3540 locat.
1861 3472 1967 3536 De
2022 3471 2430 3538 Tertulliano
2476 3480 2546 3536 ot

595 3556 870 3622 Irenaeo
912 3559 1046 3622 iam
1091 3557 1339 3626 dietum
1385 3567 1517 3638 est,
1561 3559 1732 3624 nihil
1772 3578 1884 3622 eos
1926 3556 2105 3623 aliud
2147 3558 2542 3637 ratiocinari,

595 3642 722 3708 nisi
771 3643 1014 3707 frustra
1066 3644 1379 3709 daturum
1451 3644 1704 3709 homini
1759 3643 1973 3728 legem
2034 3644 2235 3708 fuisse
2300 3643 2542 3721 Deum,

593 3729 696 3792 cui
741 3749 874 3793 non
916 3729 1190 3794 liberam
1224 3730 1379 3795 boni
1422 3740 1488 3793 et
1526 3729 1686 3795 mali
1717 3728 2099 3794 electionem
2141 3728 2543 3794 contulisset.

596 3813 731 3880 Sed
776 3813 952 3879 aliud
997 3826 1096 3880 est
1138 3835 1470 3897 quaerere,
1518 3834 1682 3897 quas
1725 3815 1913 3880 initio
1959 3814 2302 3880 facultates
2349 3813 2545 3879 homo

594 3901 919 3984 acceperit
931 3923 946 3978 ;
999 3899 1207 3978 aliud,
1267 3898 1428 3984 quid
1469 3922 1645 3966 nunc
1697 3902 1835 3966 suis
1879 3899 2300 3966 facultatibus
2344 3900 2547 3964 desti-

594 3992 757 4065 tuto,
781 3994 849 4051 et
873 3985 957 4050 ad
993 3993 1358 4052 extremam
1392 3987 1684 4069 inopiam
1717 3986 1979 4052 redacto
2006 3987 2310 4069 supersit.
2358 3986 2548 4051 Haec

593 4083 730 4136 tam
776 4070 1054 4149 diversa,
1099 4072 1168 4136 in
1216 4092 1345 4154 qua
1387 4094 1569 4138 nune
1611 4080 1737 4151 est,
1784 4071 2090 4151 conditio,
2137 4092 2287 4137 cum
2327 4072 2546 4155 priore

593 4158 708 4221 illa
751 4157 1066 4222 confundi
1111 4159 1384 4223 minime
1435 4157 1643 4223 debet.
1711 4157 1963 4224 Eadem
2008 4158 2348 4241 responsio
2391 4156 2544 4223 Ori-

595 4243 781 4325 genis
837 4263 1092 4326 quoque
1149 4242 1365 4310 verbis
1420 4245 1795 4311 satisfacere
1857 4245 2025 4310 forte
2078 4251 2315 4327 posset.
2407 4243 2545 4309 Sed

594 4348 728 4393 11011
776 4326 935 4393 adeo
979 4350 1227 4408 moror3
1286 4335 1432 4410 [pag.
1479 4336 1624 4410 149]
1685 4352 1887 4414 quum
1945 4352 2096 4396 cum
2153 4330 2548 4410 nonnihil,a

594 4413 786 4480 nobis
830 4413 1178 4484 dissentire
1229 4415 1361 4480 iam
1420 4427 1571 4481 ante
1615 4418 1948 4483 confessus
2000 4416 2257 4482 fuerim.
2349 4413 2548 4497 Quod

595 4499 982 4567 Ciceronem
1038 4502 1231 4565 etiam
1293 4502 1682 4567 advocatum
1724 4504 2025 4582 accersit,
2082 4523 2346 4568 causam
2391 4501 2546 4568 inde

594 4608 782 4652 suam
829 4609 960 4651 non
1005 4586 1290 4651 multum
1337 4585 1621 4653 adiuvat.
1691 4589 1829 4654 Nos
1866 4590 2062 4668 enim,
2108 4589 2280 4654 sieut
2313 4610 2547 4655 verum

592 4682 719 4752 est,
782 4680 989 4738 totam
1037 4672 1208 4738 hanc
1263 4672 1343 4737 de
1402 4672 1842 4739 haereditaria
1884 4681 2165 4740 nat-urae
2219 4677 2547 4758 pravitate

593 4769 661 4822 et
703 4759 996 4841 gratuita
1048 4758 1461 4841 reparatione
1519 4759 1884 4825 doctrinam
1942 4783 1980 4826 a
2033 4760 2287 4826 ratione
2328 4761 2547 4828 carnis

593 4845 859 4926 penitus
916 4844 1320 4910 reconditam
1374 4866 1516 4910 esse
1567 4846 1998 4913 concedimus.
2099 4848 2332 4931 Itaque
2375 4846 2548 4912 nihil

591 4929 856 5008 mirum,
904 4931 958 4995 si
1007 4939 1208 4995 totam
1257 4931 1595 4996 rhetorum
1641 4940 1708 4998 et
1747 4932 2288 5018 philosophorum
2333 4934 2546 4998 natio-

590 5035 742 5079 nem
788 5014 1071 5081 latuerit.
1166 5015 1344 5096 Quia
1399 5025 1625 5081 autem
1679 5018 1850 5087 hane
1905 5019 2356 5104 quaestionem
2403 5020 2547 5084 Au-

591 5189 624 5198 -
651 5191 702 5196 --
2475 5171 2523 5202 ,,

727 5305 783 5373 1)
824 5305 1020 5360 Ιηηιιὶτ
1053 5304 1592 5381 Marmolymc'tanum
1630 5328 1681 5366 a.
1704 5309 1809 5366 415
1829 5311 2166 5368 celebratum.
2274 5311 2333 5377 2)
2374 5311 2548 5380 Epist.

587 5372 706 5428 106.
746 5374 816 5430 ad
850 5374 1071 5431 sixt-im.

1885 443 2414 515 RESPONSIO
2460 441 2840 512 CONTRA
2880 442 3298 511 PIGHIUM

4478 445 4604 508 340

2646 631 2891 718 gustini
2935 631 3154 714 potius
3195 630 3447 709 verbis,
3504 651 3704 714 quam
3757 631 3924 697 meis
3969 630 4226 697 solvere
4269 631 4341 695 in
4385 632 4605 698 animo

2645 724 2808 797 erat,
2851 737 3127 801 eamque
3169 715 3561 782 solutionem
3607 738 3689 782 ex
3735 716 3901 782 libro
3946 714 4027 781 de
4063 716 4494 800 correptione
4536 727 4605 784 et

2645 804 2861 890 gratia
2904 803 3216 882 mutuari,
3262 801 3489 880 obiter,
3535 822 3664 886 qua
3710 803 4044 869 occasione
4088 804 4368 887 scriptus
4410 804 4608 870 fuerit

2645 890 2758 957 ille
2812 889 2982 956 liber
3036 889 3281 953 refero:
3352 909 3593 972 nempe
3649 888 3821 971 quod
3891 888 4134 954 similia
4187 890 4313 972 ipsi
4370 891 4604 975 Augu-

2647 977 2820 1043 stino
2866 975 3322 1041 obiicerentur.
3386 974 3518 1040 Hic
3562 974 3754 1040 solita
3796 974 4196 1041 truculentia
4231 976 4304 1040 in
4347 996 4455 1041 me
4499 978 4604 1040 in-

2646 1060 2919 1128 vehitur
2942 1060 3243 1145 Pighius,
3288 1081 3527 1143 meque
3572 1069 3640 1125 ct
3676 1061 4004 1127 mendacii
4050 1069 4117 1126 et
4160 1062 4605 1145 impudentiae

2646 1155 2929 1225 accusat,
2976 1146 3149 1230 quod
3185 1148 3633 1230 Augustinum
3670 1146 4030 1280 adiungere
4074 1147 4266 1213 nobis
4305 1146 4601 1213 audeam.

2647 1233 2828 1300 Cedo
2885 1243 3138 1311 tamen,
3195 1233 3477 1315 qualiter
3528 1235 3891 1299 convincit.
4002 1233 4376 1316 Principio,
4433 1235 4604 1317 quod

2647 1319 2815 1384 nihil
2860 1318 2943 1383 ad
2986 1340 3131 1383 rem
3170 1325 3585 1401 praesentem
3628 1320 3811 1398 facit,
3870 1340 3999 1403 quo
4044 1320 4315 1387 consilio
4357 1319 4604 1385 librum

2647 1405 2930 1470 alterum
2990 1406 3278 1487 scripsit,
3338 1405 3558 1471 refert.
3658 1406 3767 1471 Ita
3824 1406 4001 1470 enim
4045 1404 4311 1472 demum
4367 1407 4603 1472 trium-

2646 1492 2840 1574 phat,
2885 1491 3142 1573 quoties
3183 1490 3503 1556 lectorum
3546 1492 3767 1558 oculos
3814 1493 4053 1557 iniecto
4095 1500 4371 1579 παρέργῳ
4417 1492 4607 1559 velut

2646 1577 2972 1642 nubecula
3026 1576 3245 1660 aliqua
3287 1578 3706 1660 interposita,
3763 1584 3977 1661 potest
4034 1578 4518 1661 aliquantulum
4562 1600 4603 1644 a

2646 1684 2718 1727 re
2764 1663 3100 1746 praesenti
3144 1662 3522 1728 subducere.
3611 1664 3695 1728 In
3740 1685 3816 1728 eo
3859 1664 4045 1744 libro,
4093 1666 4323 1747 inquit,
4369 1665 4603 1749 Augu·

2647 1750 2861 1815 stinus
2916 1748 3197 1813 liberum
3259 1749 3609 1815 arbitrium
3674 1772 3825 1817 cum
3882 1752 4099 1835 gratia
4151 1749 4319 1816 bene
4363 1771 4604 1818 conve-

2645 1834 2792 1899 nire
2847 1832 3053 1900 docet.
3156 1832 3418 1916 Quibus
3485 1836 3607 1902 1100
3651 1836 3871 1903 verbis
3937 1846 4005 1901 et
4050 1858 4178 1921 quo
4240 1857 4438 1903 sensu
4489 1837 4604 1902 do-

2648 1928 2819 1999 ceat,
2877 1921 3180 2003 superius
3242 1920 3525 1986 fideliter
3584 1923 3872 2006 exposui.
3986 1921 4122 1989 Sed
4190 1944 4368 1989 nune
4423 1922 4606 1987 aliud

2647 2007 2895 2090 agitur,
2951 2005 3108 2089 quid
3153 2007 3605 2091 Augustinum
3649 2009 4014 2091 impulerit,
4072 2016 4151 2075 ut
4193 2008 4274 2073 de
4319 2008 4607 2092 Correp-

2648 2094 2827 2159 tione
2885 2101 2954 2156 et
3005 2092 3223 2176 gratia
3276 2093 3608 2160 scriberet.
3713 2094 3852 2160 Cur
3904 2115 4063 2180 crgo
4118 2095 4229 2160 hic
4282 2095 4363 2160 ab
4418 2115 4604 2178 equo,

2648 2177 2821 2262 quod
2864 2178 3083 2258 aiunt,
3131 2178 3215 2243 ad
3259 2179 3522 2244 asinum
3574 2180 3940 2247 transsilit?
4030 2180 4177 2247 Hoc
4230 2188 4450 2246 tamen
4498 2188 4605 2246 ut·-

2649 2285 2909 2348 cunque
2949 2264 3187 2347 patior:
3234 2264 3427 2330 modo
3470 2264 3719 2350 aliquid
3762 2268 4013 2332 interea
4056 2267 4285 2332 auditu
4328 2267 4607 2351 dignum

2649 2350 2861 2416 obiter
2911 2350 3159 2415 afferat.
3266 2348 3403 2416 Sed
3457 2353 3627 2418 nihil
3672 2352 3804 2418 tale
3859 2353 3942 2418 ab
3987 2374 4063 2418 00
4106 2354 4198 2418 fit.
4290 2354 4397 2417 Ex
4442 2350 4605 2418 dua-

2650 2438 2775 2503 bus
2820 2434 2905 2500 ad
2960 2434 3400 2502 Valentinum
3454 2439 3744 2522 epistolis
3787 2439 3997 2504 multa
4042 2440 4368 2523 congerit,
4428 2438 4606 2504 unde

2648 2520 2902 2607 probat,
2949 2529 3083 2586 tam
3128 2543 3240 2588 eos
3282 2524 3678 2607 reprehendi
3723 2526 3803 2591 ab
3841 2525 4239 2609 Augustino,
4284 2524 4400 2608 qui
4442 2524 4606 2590 libe-

2648 2629 2800 2673 rum
2836 2608 3182 2672 arbitrium
3217 2630 3487 2693 prorsus
3521 2618 3788 2695 negant,
3824 2632 4024 2693 quam
4064 2611 4243 2688 alios,
4283 2611 4395 2693 qui
4437 2609 4609 2675 illud

2650 2702 2959 2759 astruunt
3013 2695 3156 2759 sine
3214 2696 3460 2779 gratia:
3543 2697 3853 2763 constitui
3918 2704 4137 2763 autem
4202 2697 4377 2762 inter
4441 2696 4605 2762 11000

2650 2777 2781 2844 duo
2835 2787 3134 2844 extrema
3186 2781 3735 2863 mediocritatem,
3797 2784 4080 2849 liberum
4145 2783 4410 2864 quidem
4460 2802 4607 2848 esse

2649 2865 3026 2945 arbitrium,
3083 2863 3199 2931 sed
3243 2866 3544 2933 adiuvari
3598 2890 3720 2952 per
3762 2870 3893 2935 Dei
3937 2869 4251 2953 gratiam,
4309 2878 4384 2934 ut
4426 2876 4607 2933 recta

2650 2951 2950 3017 homines
2994 2959 3062 3017 et
3096 2954 3355 3035 sapiant
3398 2959 3467 3019 et
3500 2954 3773 3036 faciant3
3819 2962 3895 3020 ut
3938 2975 4140 3037 quum
4175 2955 4433 3022 venerit
4462 2955 4607 3020 Do-

2648 3039 2901 3117 minus,
2945 3039 3233 3122 reperiat
3275 3059 3475 3122 opera
3515 3050 3740 3108 nostra
3782 3042 3985 3122 bona,
4041 3060 4208 3125 quae
4252 3059 4607 3124 praepara-

2649 3125 2748 3191 vit
2811 3132 2887 3189 ut
2950 3123 3024 3189 in
3073 3125 3206 3190 illis
3259 3125 3686 3193 ambulemus.
3783 3129 4029 3193 Fateor
4102 3148 4290 3207 sane,
4350 3127 4423 3192 in
4480 3127 4605 3193 hoc

2653 3215 2799 3290 [pag.
2844 3215 2992 3290 150]
3063 3211 3367 3278 laborare
3422 3213 3556 3278 illic
3611 3222 3914 3280 sanctum
3959 3214 4211 3279 virum:
4271 3221 4348 3279 ut
4388 3233 4604 3297 neque

2648 3297 2929 3363 liberum
2986 3305 3273 3381 negetur
3327 3297 3702 3378 arbitrium,
3761 3321 3972 3383 neque
4017 3301 4110 3366 010
4166 3298 4602 3382 praedicetur,

2649 3393 2724 3448 ut
2766 3401 2807 3446 a
2849 3381 2981 3446 Dei
3038 3386 3251 3466 gratia
3309 3393 3677 3467 separetur,
3736 3393 4054 3469 tanquam
4099 3386 4242 3451 sine
4294 3385 4440 3464 illa,
4492 3384 4602 3450 vel

2649 3470 2937 3552 cogitare
2994 3468 3273 3551 aliquid,
3317 3468 3424 3535 vel
3470 3491 3693 3554 agere,
3752 3471 4113 3537 secundum
4154 3471 4404 3548 Deum,
4462 3470 4602 3537 ulla

2647 3555 2900 3619 ratione
2922 3555 3265 3636 possimus,
3310 3556 3483 3638 quod
3517 3558 3783 3622 omnino
3816 3579 3950 3622 non
3984 3577 4350 3641 possumus.
4415 3558 4604 3622 Haec

2649 3640 2829 3705 enim
2873 3647 3031 3706 sunt
3068 3641 3208 3705 eius
3251 3643 3470 3708 verba.
3558 3642 3763 3709 Item:
3819 3643 4104 3720 Credite,
4152 3644 4384 3727 inquit,
4432 3642 4601 3708 divi-

2649 3727 2752 3791 nis
2797 3725 3086 3808 eloquiis,
3126 3733 3194 3791 et
3226 3727 3398 3811 quod
3436 3728 3714 3795 liberum
3751 3728 3839 3796 sit
3872 3730 4238 3808 arbitrium,
4286 3736 4353 3794 et
4388 3730 4603 3815 gratia

2648 3811 2807 3890 Dei,
2867 3812 3012 3877 sine
3078 3812 3264 3877 0111110
3331 3812 3655 3880 adiutorio
3720 3836 3844 3882 nec
3897 3816 4192 3880 converti
4255 3817 4463 3900 possit
4515 3815 4603 3881 ad

2650 3898 2867 3962 Deum
2884 3949 2900 3977 ,
2959 3918 3081 3963 nee
3139 3900 3452 3981 proficere
3503 3901 3576 3964 in
3634 3900 3796 3966 Deo.
3895 3903 4066 3967 Item
4122 3900 4409 3967 secunda
4462 3903 4601 3985 epi-

2650 3983 2847 4049 stola:
2900 3983 3103 4049 Fides
3160 3985 3480 4051 catholica
3546 4007 3758 4069 neque
3823 3987 4105 4053 liberum
4160 3996 4362 4073 negat
4426 3988 4603 4053 arbi-

2650 4070 2871 4148 trium,
2914 4071 3054 4134 01110
3095 4070 3167 4135 111
3209 4072 3448 4137 bonam
3493 4073 3719 4150 vitam,
3767 4074 3908 4138 sive
3951 4075 4021 4139 in
4067 4075 4337 4140 malam:
4385 4095 4602 4157 neque

2651 4162 2911 4220 tantum
2954 4157 3016 4221 ei
3059 4157 3309 4237 tribuit,
3356 4165 3434 4222 ut
3476 4158 3618 4222 01110
3653 4160 3868 4242 gratia
3902 4160 4031 4224 Dei
4067 4160 4286 4226 valeat
4323 4158 4600 4242 aliquid:

2651 4242 2791 4307 sive
2834 4259 2913 4305 ut.
2953 4263 3037 4306 ex
3091 4242 3266 4307 malo
3311 4252 3734 4310 convertatur
3771 4246 3843 4308 in
3889 4247 4164 4322 bonum,
4222 4247 4365 4311 sive
4410 4254 4487 4311 ut
4528 4246 4604 4311 in

2652 4329 2819 4393 bono
2854 4337 3357 4409 perseveranter
3390 4331 3703 4412 proficiat,
3740 4332 3879 4397 sive
3916 4339 3993 4395 ut
4026 4330 4110 4396 ad
4146 4331 4389 4397 bouum
4428 4352 4602 4397 sem·

2650 4416 2984 4497 piternum
3039 4416 3410 4498 perveniat:
3468 4415 3580 4480 ubi
3637 4417 3768 4481 iam
3825 4438 3961 4482 non
4003 4418 4262 4494 timeat,
4310 4438 4393 4483 ne
4438 4415 4602 4483 defi·

2651 4502 2796 4567 ciat.
2865 4500 2994 4566 His
3039 4500 3289 4566 scilicet
3330 4501 3549 4567 verbis
3595 4501 3807 4567 clatus
3850 4504 4150 4587 Pighius,
4196 4504 4439 4570 furioso
4474 4505 4600 4568 im-

2651 4594 2808 4671 petu
2850 4586 2924 4651 in
2976 4607 3083 4651 me
3137 4587 3452 4671 insurgit:
3508 4609 3853 4672 meamque
3903 4591 4043 4654 t'um
4099 4590 4602 4675 sycophantiam

2652 4682 2796 4737 tum
2849 4673 3331 4756 malignitatem
3387 4672 3710 4739 detectam
3776 4675 3993 4759 plenis
4050 4677 4267 4742 buccis
4312 4676 4598 4741 detonat.

2652 4759 2940 4841 Nempe,
2999 4759 3154 4841 quia
3206 4759 3377 4825 sicut
3432 4758 3590 4824 alibi
3642 4761 3763 4826 sub
3807 4760 3997 4827 liberi
4040 4762 4291 4829 arbitrii
4333 4762 4601 4827 nomine

2654 4845 3061 4912 voluntatem
3103 4845 3175 4909 in
3216 4844 3480 4910 homine
3522 4848 3779 4911 statuit:
3826 4868 3990 4930 quae
4028 4855 4165 4912 tam
4199 4847 4355 4913 boni
4400 4869 4601 4933 quam

2654 4930 2810 4996 mali
2868 4950 3075 5014 capax
3091 4982 3107 5009 ,
3171 4929 3491 4996 bonorum
3549 4932 3747 4998 simul
3800 4954 3877 4998 ac
3941 4931 4269 4999 malorum
4324 4953 4600 5018 operum

2654 5018 2802 5082 fons
2857 5017 2946 5082 sit
2995 5036 3072 5082 00
3126 5016 3350 5098 radix;
3408 5018 3653 5083 malam
3709 5040 3904 5102 porro
3947 5040 4091 5085 esse
4132 5027 4411 5085 naturae
4454 5041 4600 5086 cor-

2654 5104 2986 5186 ruptione,
3031 5100 3268 5168 bonam
3314 5105 3457 5169 fieri
3499 5105 3755 5188 gratiae
3793 5106 4212 5172 correctione.
4303 5104 4497 5187 Quod
4540 5108 4603 5173 si

2654 5189 2811 5273 quid
2856 5189 2939 5255 de
2979 5190 3120 5255 eius
3159 5191 3484 5255 sententia
3525 5189 3740 5255 adhuc
3783 5190 4057 5265 dubitas,
4104 5192 4206 5256 fac
4239 5191 4412 5276 quod
4456 5192 4602 5276 ipse

2652 5275 2788 5341 illic
2829 5275 3038 5343 iubet:
3082 5274 3207 5343 hoe
3250 5283 3367 5354 est,
3413 5297 3497 5341 ex
3540 5275 3670 5341 alia
3712 5276 3854 5342 eius
3896 5276 3981 5343 ad
4024 5276 4291 5345 Sixtum
4323 5278 4605 5363 epistola

2656 5361 2998 5428 clariorem
3060 5364 3666 5447 interpretationem
3725 5384 3940 5440 sume:
4009 5373 4077 5429 et
4138 5365 4410 5431 minime
4476 5366 4603 5433 tibi
