4999 6179
404 464 527 527 109

1252 651 1520 708 n’maerurr.

577 722 852 787 Comme
917 721 1042 788 elle
1105 743 1271 788 nous
1336 732 1440 788 est
1503 724 1872 808 comprinse
1941 733 2012 789 es
2076 723 2361 789 sainctes

402 807 801 874 Escritures.

1203 930 1271 965 m
1303 930 1561 966 mmm.

574 978 929 1046 Comment
979 980 1222 1046 faut-il
1265 1003 1390 1064 que
1446 1002 1614 1047 nous
1658 1000 1742 1047 66
1797 982 2021 1047 661666
2066 1000 2232 1064 pour
2277 1002 2359 1045 en

400 1067 590 1132 avoir
629 1066 693 1131 le
737 1066 978 1149 profit?

1246 1170 1513 1223 n'mur.

573 1238 686 1303 En
739 1238 807 1303 16
859 1246 1174 1305 recevant
1240 1260 1323 1304 en
1389 1239 1607 1321 pleine
1669 1238 1996 1305 certitudo
2061 1238 2142 1303 (16
2206 1259 2361 1303 con·

401 1325 689 1402 6616666,
735 1346 987 1391 comme
1031 1325 1242 1391 verite
1283 1325 1600 1408 procedes
1636 1325 1725 1390 du
1768 1324 1941 1390 Oiel:
1995 1345 2162 1389 nous
2207 1325 2360 1389 sub-

400 1419 687 1478 mettant
731 1418 772 1476 a
814 1410 1002 1477 icelle
1046 1432 1131 1476 en
1176 1411 1427 1477 droiete
1472 1412 1866 1490 obeissance,
1911 1411 2234 1496 l’aymant
2279 1409 2362 1475 de

399 1520 609 1583 vraye
643 1498 965 1576 affection,
1011 1508 1080 1562 et
1121 1498 1393 1575 entiere,
1439 1497 1688 1582 l'ayant
1729 1497 2072 1580 imprimes
2115 1517 2202 1561 en
2241 1517 2361 1561 666

402 1606 658 1664 cneum,
703 1605 871 1668 pour
915 1584 979 1648 la
1022 1605 1287 1669 suyvre,
1334 1595 1402 1649 et
1443 1605 1611 1649 nous
1656 1584 2024 1649 conformer
2069 1590 2111 1647 a
2152 1582 2357 1647 icelle.

1197 2049 1263 2082 ΒΕ
1297 2046 1556 2082 mm.

578 2104 749 2168 Tout
792 2100 934 2167 cela
977 2098 1158 2165 est-il
1201 2118 1286 2163 en
1330 2104 1557 2163 nostre
1601 2095 1992 2181 puissance?

1255 2202 1522 2255 L'nnmvr.

576 2275 638 2340 Π
681 2274 797 2359 n‘y
843 2295 925 2339 en
972 2295 1012 2338 a
1055 2272 1144 2337 du
1187 2279 1333 2336 tout
1373 2273 1547 2334 rien:
1611 2268 1779 2334 mais
1824 2273 1984 2335 e'est
2027 2268 2204 2333 Dieu
2247 2267 2360 2351 qui

403 2363 741 2446 besongne
805 2381 888 2425 en
954 2380 1120 2424 nous
1182 2379 1266 2423 en
1334 2356 1488 2421 telle
1542 2362 1746 2433 sorte,
1807 2375 1931 2438 par
1986 2374 2106 2419 son
2149 2354 2363 2419 sainct

401 2449 650 2532 Esprit.

1208 2564 1272 2598 LE
1307 2563 1565 2599 mm.

580 2621 754 2687 Mais
815 2639 899 2684 ne
957 2619 1101 2682 faut
1134 2616 1182 2679 il
1239 2635 1357 2699 pas
1413 2635 1539 2697 que
1585 2634 1752 2679 nous
1792 2613 2106 2677 mett-iens
2166 2612 2361 2697 peine

402 2717 472 2775 et
516 2708 838 2792 diligence
877 2712 920 2769 a
953 2726 1121 2787 ouyr
1157 2708 1224 2766 et
1265 2701 1387 2765 lire
1422 2702 1487 2765 16
1523 2699 1835 2779 doctrine,
1873 2698 2154 2782 laquelle
2189 2719 2356 2763 6666

401 2818 452 2880 y
497 2803 602 2861 est
643 2789 1017 2858 monstree?

1249 2890 1513 2943 13666161.

578 2965 733 3049 Ouy
778 2966 949 3031 bien.
1038 2963 1132 3026 Et
1175 2962 1710 3044 premierement,
1770 2980 1895 3041 que
1940 2957 2230 3022 chascun
2276 2977 2359 3020 en
2412 2922 2417 2979 ἶ

2410 3006 2416 3116 Ι
2462 3051 2744 3118 lectione
2788 3057 3120 3116 exerceat:
3170 3056 3316 3113 tum
3354 3069 3511 3113 vcro
3556 3044 3757 3112 simul
3799 3066 4026 3112 omnes
4072 3044 4425 3130 praecipue

2410 3121 2418 3251 Ι
2465 3136 2693 3204 sedulo
2727 3138 3070 3203 conciones
3108 3137 3545 3217 frequentent,
3590 3134 3703 3198 ubi
3749 3132 3981 3198 salutis
4017 3131 4313 3196 doctrina
4353 3130 4424 3194 in

2411 3259 2416 3292 ι
2466 3232 2655 3290 coetu
2692 3222 2986 3288 fidelium
3029 3222 3417 3305 explicatur.

403 3076 528 3123 son
571 3050 954 3138 particulier
995 3073 1040 3136 y
1093 3046 1415 3112 travaille.
1504 3046 1596 3110 Et
1641 3065 1757 3111 sur
1797 3051 1970 3123 tout,
2019 3063 2148 3127 que
2192 3064 2360 3109 nous

401 3141 855 3225 frequentions
903 3137 1001 3201 les
1058 3133 1498 3218 predicatione
1515 3184 1529 3210 ,
1584 3131 1956 3214 ausquelles
2010 3136 2187 3195 ceste
2229 3129 2360 3195 Pa-

403 3228 571 3294 rolle
614 3239 717 3292 est
759 3231 1040 3308 exposee
1085 3243 1170 3286 en
1208 3216 1638 3284 l’Assemblee
1683 3218 1797 3282 des
1842 3217 2250 3283 Chrestiens.

1201 3342 1266 3378 [Β
1301 3340 1559 3375 uminum..

577 3399 966 3464 Entens-tu
1022 3393 1178 3477 qu’il
1233 3412 1320 3456 ne
1376 3392 1593 3456 suffist
1647 3409 1765 3474 pas
1821 3386 1901 3452 de
1959 3387 2078 3452 lire
2144 3408 2230 3452 en
2289 3406 2364 3450 sa

1748 462 2411 534 GATEOHISMUS
2453 462 3071 577 GENaVENSIS.

4300 468 4426 531 110

2640 724 2721 790 In
2767 725 3111 807 scripturis
3151 674 3696 809 sanotiffuibus
3739 726 4128 791 continetur.

3314 934 3572 969 unusual.

2639 983 2735 1049 Ut
2787 984 3076 1049 fructum
3131 984 3287 1049 inde
3344 986 3693 1068 percipias,
3762 983 4042 1066 qualiter
4097 1002 4173 1047 eo
4231 987 4426 1046 uten-

2467 1068 2627 1133 dum
2672 1068 2813 1134 est?

3372 1193 3523 1228 PUER-

2641 1239 2717 1306 Si
2762 1242 2984 1324 ipsum
3023 1243 3231 1307 solida
3253 1243 3467 1309 cordis
3488 1241 3910 1327 persuasione
3938 1234 4431 1323 amplectimur,

2467 1348 2603 1391 non
2649 1347 2835 1393 secus
2890 1350 2965 1394 66
3020 1336 3269 1393 certam
3326 1330 3671 1394 veritatem
3717 1350 3753 1392 e
3809 1327 3989 1392 coelo
4036 1325 4423 1410 profectam:

2467 1413 2525 1477 si
2570 1434 2690 1477 nos
2737 1412 2838 1477 illi
2882 1414 3124 1480 dociles
3150 1416 3200 1499 ¹)
3252 1414 3674 1499 praebemus:
3724 1415 3781 1479 si
3824 1413 4196 1480 voluntates
4238 1432 4426 1476 men-

2468 1508 2694 1581 tesque
2729 1508 2990 1567 nostras
3023 1502 3097 1564 in
3119 1502 3261 1566 eius
3292 1501 3673 1583 obsequium
3706 1498 4113 1565 subiicimus:
4161 1498 4217 1563 si
4249 1517 4429 1561 ame-

2466 1607 2616 1650 mus
2632 1588 2690 1667 ⁴2)
2747 1587 2961 1668 ipsum
3020 1608 3105 1652 ex
3164 1589 3413 1652 animo:
3475 1588 3531 1650 si
3575 1584 3876 1651 cordibus
3929 1584 4177 1649 nostris
4220 1581 4426 1649 semel

2467 1672 2903 1753 insculptum,
2962 1674 3130 1738 fixas
3184 1672 3327 1738 illic
3383 1672 3637 1737 radices
3690 1671 3959 1750 habeat,
4009 1676 4085 1734 ut
4139 1670 4428 1734 fructum

2466 1760 2757 1839 proferat
2808 1761 2880 1823 in
2923 1761 3089 1824 vita:
3149 1760 3205 1823 si
3258 1759 3538 1841 denique
3595 1760 3954 1823 formemur
4008 1755 4093 1821 ad
4137 1757 4277 1821 eius
4320 1776 4424 1818 re-

2468 1844 2724 1994 gngam:
2772 1854 2915 1909 tum
2951 1845 3139 1911 nobis
3172 1847 3240 1910 in
3286 1845 3586 1923 salutem,
3634 1845 3823 1910 sicuti
3859 1843 4263 1908 destinatum
4305 1850 4424 1921 est,

2466 1951 2540 1995 00
2589 1941 2671 1995 et.

2644 2101 2907 2168 Suntne
2951 2103 3173 2167 omnia
3221 2052 3853 2167 haeudxxidnssaculmte
3898 2108 4124 2165 nostra
4165 2098 4421 2184 posita?

3364 2224 3515 2259 PUER.

2646 2280 2764 2355 [fol.
2811 2281 2920 2353 68]
2966 2274 3151 2340 Nihil
3194 2275 3488 2356 ipsorum
3533 2295 3832 2356 prorsus,
3894 2272 4010 2338 sed
4053 2273 4252 2338 unius
4291 2270 4424 2337 Dei

2468 2369 2570 2424 est
2612 2361 2736 2426 hoc
2781 2368 3009 2435 totum,
3055 2360 3226 2444 quod
3259 2360 3474 2437 retuli,
3520 2361 3589 2424 in
3635 2359 3823 2424 nobis
3854 2359 4111 2423 efficere
4155 2358 4425 2441 spiritus

2465 2448 2568 2510 sui
2613 2449 2843 2530 gratia.

3325 2567 3585 2602 mmmm

2640 2620 2913 2696 Verum,
2961 2639 3180 2683 annon
3215 2616 3591 2682 adhibenda
3623 2625 3723 2682 est
3757 2638 3797 2681 a
3830 2616 4019 2681 nobis
4063 2613 4419 2699 diligentia,

2466 2715 2535 2768 et
2578 2707 2758 2769 omni
2803 2702 3019 2769 studio
3063 2702 3474 2781 enitendum,
3530 2702 3838 2786 legendo,
3885 2699 4235 2780 audiendo,
4280 2719 4420 2764 me-

2411 2782 2417 2897 }
2466 2787 2755 2861 ditando.
2802 2798 2876 2854 ut
2919 2809 2996 2854 eo
3038 2788 3500 2873 proficiamus?

3373 2911 3523 2946 PUBR·

2638 2964 2783 3029 Imo
2815 2984 2999 3030 vero:
3046 2983 3249 3045 quum
3295 2982 3364 3025 se
3399 2962 3670 3044 quisque
3702 2960 4012 3044 privatim
4047 2958 4427 3043 quotidiana

3319 3341 3579 3376 mmm.

2640 3395 2864 3480 Negas
2900 3415 3056 3479 ergo
3095 3414 3240 3459 esse
3286 3391 3475 3471 satie,
3514 3392 3570 3457 si
3616 3389 3793 3455 domi
3838 3409 4131 3454 seorsum
4177 3387 4425 3537 sinffuli

401 3486 689 3564 maison,
747 3483 939 3548 sinon
994 3501 1118 3564 que
1173 3486 1319 3544 tous
1382 3477 1713 3542 ensemble
1765 3481 1971 3560 oyent
2024 3494 2156 3538 une
2212 3471 2362 3538 doc·
2412 3459 2418 3526 ¹
2466 3482 2723 3566 legant,
2783 3482 2911 3546 nisi
2957 3502 3184 3545 omnes
3238 3479 3435 3545 simul
3488 3478 3560 3542 in
3619 3496 3967 3542 eommuno
4019 3472 4104 3538 ad
4147 3494 4269 3538 ean
4318 3494 4424 3538 em

402 3575 581 3638 trine
626 3565 1014 3636 commune?

1257 3667 1523 3721 n’nurax‘r.

580 3743 655 3809 Ie
696 3742 974 3807 l'entens
1018 3739 1214 3804 ainsi:
1263 3735 1631 3821 cependant
1668 3751 1793 3816 que
1813 3731 1991 3797 Dieu
2025 3752 2110 3796 en
2146 3730 2362 3796 donne

404 3830 473 3895 le
515 3850 776 3914 moyen.

1207 3946 1272 3979 m
1307 3943 1565 3979 mIBTBB·

581 4002 685 4068 La
729 3999 996 4066 raison?

713 4147 720 4154 ·
1251 4115 1519 4170 ὕην-161.

578 4192 833 4257 Ρ66166
888 4209 1015 4271 (166
1068 4186 1259 4252 Ι6666
1312 4184 1543 4250 Christ
1596 4204 1637 4248 a
1691 4180 1947 4264 estably
1990 4185 2130 4244 cest
2168 4177 2361 4266 ordre

398 4301 493 4346 en
536 4299 656 4343 son
698 4276 926 4362 Eglise
972 4272 1175 4358 (Eph.
1217 4278 1275 4350 4,
1319 4270 1457 4354 11),
1515 4291 1646 4333 non
1689 4289 1806 4352 pas
1850 4285 2016 4349 pour
2059 4265 2234 4330 deux
2275 4285 2360 4329 ne

397 4386 575 4451 pour
617 4364 797 4440 trois,
843 4361 1009 4426 mais
1053 4380 1218 4443 pour
1261 4366 1410 4422 tous
1455 4353 1997 4440 generallement:
2055 4359 2123 4416 et
2165 4373 2204 4415 a
2249 4350 2360 4415 de-

395 4450 608 4518 claire
651 4470 778 4533 que
822 4454 981 4515 c’est
1015 4446 1078 4509 le
1122 4444 1264 4511 seul
1305 4463 1548 4527 moyen
1592 4440 1674 4506 de
1715 4439 1989 4504 l’edifier
2032 4449 2100 4502 et
2144 4449 2361 4503 entre-

395 4537 596 4604 tenir.
685 4535 876 4601 Ainsi
920 4532 970 4597 il
1013 4553 1179 4596 nous
1221 4531 1362 4595 faut
1401 4528 1472 4594 16
1515 4537 1663 4593 tous
1706 4547 1962 4610 renger,
2012 4531 2080 4589 et
2119 4529 2362 4589 n’estre

395 4646 526 4710 pas
569 4621 717 4707 plus
761 4641 952 4705 sages
996 4639 1121 4702 que
1162 4625 1388 4681 nostre
1429 4615 1722 4680 Maistre.

583 5057 697 5129 [fol.
739 5055 846 5130 56]
903 5049 1164 5114 Est-ce
1197 4992 1619 5110 'Efoxffiffise
1672 5040 2039 5107 necessaire
2096 5038 2254 5122 qu'il
2311 5061 2356 5122 y

394 5139 501 5206 ait
542 5136 657 5202 des
700 5133 1063 5202 Pasteurs?

393 5277 952 5292 -——-——.-..ff..--—..⁴·----
1009 5275 1106 5282 ...ο
1153 5275 1206 5280 .-..

715 5344 775 5408 1)
823 5341 1080 5397 docibiles
1126 5338 1266 5393 1550
1309 5338 1372 5391 in
1423 5335 1540 5390 Cat.
1592 5340 1643 5388 ct
1686 5349 1776 5401 ap.
1826 5332 2036 5388 Gallae.

392 5431 526 5475 eun·
555 5411 1013 5484 praecedentibus
1045 5409 1225 5478 mayis
1259 5408 1526 5461 convenit.
1599 5402 1691 5459 Sic
1723 5403 1937 5471 primus
1976 5400 2277 5456 Ganamm.

2468 3567 2830 3634 doctrinam
2876 3564 3267 3632 audiendam
3310 3561 3748 3630 conveniant?

3370 3685 3523 3721 mma.

2638 3739 3016 3806 Oonvenire
3059 3760 3325 3804 6666666
3363 3745 3481 3816 est,
3526 3735 3638 3801 ubi
3676 3734 3851 3812 lic-et,
3895 3733 4022 3797 hoc
4057 3739 4175 3810 est,
4222 3750 4425 3812 quum

2466 3826 2746 3892 facultas
2791 3825 3001 3922 datur.

3317 3944 3575 3979 umffl'rmt.

2640 3998 2986 4066 Poterisne
3029 3997 3194 4061 mihi
3238 3995 3363 4060 hoc
3406 3991 3716 4077 probare?

3366 4116 3518 4151 rum

2641 4171 2960 4238 Sufficere
3017 4168 3100 4234 ad
3158 4168 3609 4251 probationem
3674 4158 3931 4227 abunde
3988 4160 4177 4226 nobis
4230 4159 4424 4225 debet

2465 4281 2603 4325 una
2645 4257 2915 4323 Domini
2958 4256 3287 4320 voluntas.
3358 4252 3559 4316 Hunc
3585 4257 3802 4313 autem
3849 4244 4148 4311 ordinem
4217 4247 4421 4312 eccle-

2468 4349 2601 4412 siae
2636 4366 2795 4410 suae
2822 4339 3324 4418 commendavit,
3374 4358 3505 4402 non
3532 4357 3726 4418 quem
3760 4332 3889 4397 duo
3926 4341 4043 4397 aut
4076 4340 4212 4397 tres
4257 4332 4420 4395 dun-

2465 4441 2654 4496 taxat
2696 4439 3055 4506 servarent,
3103 4426 3218 4492 sed
3261 4427 3369 4490 cui
3420 4424 3764 4490 subessent
3807 4420 4241 4485 communiter
4282 4439 4422 4482 om-

2464 4539 2604 4583 666.
2694 4517 2802 4582 Ad
2859 4517 3019 4591 hoc,
3085 4513 3261 4577 illius
3327 4519 3470 4575 tum
3528 4505 3998 4582 aedificandae,
4065 4516 4211 4569 tum
4267 4525 4421 4567 con·
4534 4529 4541 4538 ·

2467 4601 2850 4678 servandae,
2910 4602 3080 4667 hanc
3138 4620 3282 4664 esse
3326 4598 3593 4663 unicam
3643 4595 3968 4660 rationem
4011 4590 4418 4673 pronunciat.

2465 4688 2576 4756 Sit
2619 4711 2776 4774 ergo
2828 4689 2988 4753 haec
3044 4686 3231 4751 nobis
3287 4691 3510 4750 sancta
3564 4691 3630 4746 et
3702 4676 4103 4745 inviolabilis
4156 4674 4415 4758 regula:

2463 4797 2586 4842 nec
2632 4776 2756 4841 sibi
2800 4775 2897 4839 fas
2940 4776 3286 4856 quisquam
3333 4792 3475 4836 esse
3520 4767 3735 4842 ducat,
3782 4784 3982 4847 supra
4024 4762 4417 4844 magistrum

2460 4881 2707 4946 sapere.

3311 4977 3567 5013 mumma.

2638 5034 2849 5099 Estne
2870 5033 3076 5116 igitur
3097 5051 3383 5107 necesse,
3421 5044 3720 5111 praeesse
3752 5022 4042 5088 ecclesiis
4075 5019 4415 5104 pastores?

2347 5329 2408 5397 2)
2461 5329 2658 5385 Plures
2694 5327 2966 5383 scabunt.-
3012 5337 3250 5379 amamus
3288 5359 3301 5372 .
3341 5359 3353 5371 .
3391 5358 3405 5372 .
3443 5360 3455 5371 .
3491 5318 3661 5371 habet
3799 5356 3812 5370 .
3851 5357 3863 5369 .
3898 5314 4221 5383 formamur,
4269 5287 4417 5381 quoii
