<?xml version="1.0" encoding="UTF-8"?>
<!DOCTYPE html PUBLIC "-//W3C//DTD XHTML 1.0 Transitional//EN"
    "http://www.w3.org/TR/xhtml1/DTD/xhtml1-transitional.dtd">
<html xmlns="http://www.w3.org/1999/xhtml" xml:lang="en" lang="en">
 <head>
  <title>
</title>
<meta http-equiv="Content-Type" content="text/html;charset=utf-8" />
  <meta name='ocr-system' content='tesseract 3.04.00' />
  <meta name='ocr-capabilities' content='ocr_page ocr_carea ocr_par ocr_line ocrx_word'/>
</head>
<body>
  <div class='ocr_page' id='page_1' title='image "./ioanniscalvinio00horsgoog_0179.png"; bbox 0 0 4999 6179; ppageno 0'>
   <div class='ocr_carea' id='block_1_1' title="bbox 357 440 474 503">
    <p class='ocr_par' dir='ltr' id='par_1_1' title="bbox 357 440 474 503">
     <span class='ocr_line' id='line_1_1' title="bbox 357 440 474 503; baseline 0 -1"><span class='ocrx_word' id='word_1_1' title='bbox 357 440 474 503; x_wconf 84' lang='lat'><strong>281</strong></span> 
     </span>
    </p>
   </div>
   <div class='ocr_carea' id='block_1_2' title="bbox 1849 438 2901 507">
    <p class='ocr_par' dir='ltr' id='par_1_2' title="bbox 1849 438 2901 507">
     <span class='ocr_line' id='line_1_2' title="bbox 1849 438 2901 507; baseline 0 -2"><span class='ocrx_word' id='word_1_2' title='bbox 1849 439 1978 505; x_wconf 86' lang='lat' dir='ltr'><strong>DE</strong></span> <span class='ocrx_word' id='word_1_3' title='bbox 2021 438 2379 507; x_wconf 86' lang='lat' dir='ltr'>LIBERO</span> <span class='ocrx_word' id='word_1_4' title='bbox 2424 438 2901 507; x_wconf 78' lang='lat' dir='ltr'><strong>ARBITRIO.</strong></span> 
     </span>
    </p>
   </div>
   <div class='ocr_carea' id='block_1_3' title="bbox 4261 450 4387 513">
    <p class='ocr_par' dir='ltr' id='par_1_3' title="bbox 4261 450 4387 513">
     <span class='ocr_line' id='line_1_3' title="bbox 4261 450 4387 513; baseline 0.016 -2"><span class='ocrx_word' id='word_1_5' title='bbox 4261 450 4387 513; x_wconf 84' lang='lat'><strong>282</strong></span> 
     </span>
    </p>
   </div>
   <div class='ocr_carea' id='block_1_4' title="bbox 356 626 4388 780">
    <p class='ocr_par' dir='ltr' id='par_1_4' title="bbox 356 626 4388 780">
     <span class='ocr_line' id='line_1_4' title="bbox 356 626 4388 780; baseline 0.003 -89"><span class='ocrx_word' id='word_1_6' title='bbox 356 647 551 712; x_wconf 86' lang='lat' dir='ltr'><strong>agere</strong></span> <span class='ocrx_word' id='word_1_7' title='bbox 615 647 946 712; x_wconf 79' lang='lat' dir='ltr'>cogamur.</span> <span class='ocrx_word' id='word_1_8' title='bbox 1057 626 1197 693; x_wconf 89' lang='lat' dir='ltr'><strong>Nos</strong></span> <span class='ocrx_word' id='word_1_9' title='bbox 1266 648 1425 693; x_wconf 87' lang='lat' dir='ltr'><strong>vero</strong></span> <span class='ocrx_word' id='word_1_10' title='bbox 1500 626 1667 693; x_wconf 89' lang='lat' dir='ltr'><strong>nihil</strong></span> <span class='ocrx_word' id='word_1_11' title='bbox 1734 627 1890 693; x_wconf 88' lang='lat' dir='ltr'><strong>huic</strong></span> <span class='ocrx_word' id='word_1_12' title='bbox 1954 627 2323 727; x_wconf 77' lang='lat' dir='ltr'><strong>sententiae</strong></span> <span class='ocrx_word' id='word_1_13' title='bbox 2426 628 2567 693; x_wconf 91' lang='lat' dir='ltr'><strong>lum</strong></span> <span class='ocrx_word' id='word_1_14' title='bbox 2623 648 2919 780; x_wconf 53' lang='lat' dir='ltr'><strong>quocssen</strong></span> <span class='ocrx_word' id='word_1_15' title='bbox 2948 629 3168 695; x_wconf 92' lang='lat' dir='ltr'><strong>Deum</strong></span> <span class='ocrx_word' id='word_1_16' title='bbox 3228 630 3528 714; x_wconf 77' lang='lat' dir='ltr'><strong>aliquem.</strong></span> <span class='ocrx_word' id='word_1_17' title='bbox 3628 630 3835 698; x_wconf 85' lang='lat' dir='ltr'><strong>Vides</strong></span> <span class='ocrx_word' id='word_1_18' title='bbox 3889 641 4135 700; x_wconf 90' lang='lat' dir='ltr'><strong>statum</strong></span> <span class='ocrx_word' id='word_1_19' title='bbox 4189 655 4388 719; x_wconf 86' lang='lat' dir='ltr'><strong>quae-</strong></span> 
     </span>
    </p>
   </div>
   <div class='ocr_carea' id='block_1_5' title="bbox 357 711 2323 798">
    <p class='ocr_par' dir='ltr' id='par_1_5' title="bbox 357 711 2323 798">
     <span class='ocr_line' id='line_1_5' title="bbox 357 711 2323 798; baseline -0.001 -19"><span class='ocrx_word' id='word_1_20' title='bbox 357 715 762 779; x_wconf 88' lang='lat' dir='ltr'><strong>oontrarium</strong></span> <span class='ocrx_word' id='word_1_21' title='bbox 814 714 1186 779; x_wconf 79' lang='lat' dir='ltr'>asserimus.</span> <span class='ocrx_word' id='word_1_22' title='bbox 1291 711 1472 795; x_wconf 77' lang='lat' dir='ltr'><strong>Quin</strong></span> <span class='ocrx_word' id='word_1_23' title='bbox 1526 714 1745 797; x_wconf 90' lang='lat' dir='ltr'><strong>potius</strong></span> <span class='ocrx_word' id='word_1_24' title='bbox 1802 712 1967 780; x_wconf 85' lang='lat' dir='ltr'><strong>haec</strong></span> <span class='ocrx_word' id='word_1_25' title='bbox 2012 711 2323 798; x_wconf 88' lang='lat' dir='ltr'><strong>Origems</strong></span> 
     </span>
    </p>
   </div>
   <div class='ocr_carea' id='block_1_6' title="bbox 2430 714 4387 804">
    <p class='ocr_par' dir='ltr' id='par_1_6' title="bbox 2430 714 4387 804">
     <span class='ocr_line' id='line_1_6' title="bbox 2430 714 4387 804; baseline 0.005 -26"><span class='ocrx_word' id='word_1_26' title='bbox 2430 714 2681 780; x_wconf 91' lang='lat' dir='ltr'><strong>stionis.</strong></span> <span class='ocrx_word' id='word_1_27' title='bbox 2962 725 3228 782; x_wconf 89' lang='lat' dir='ltr'><strong>sanctus</strong></span> <span class='ocrx_word' id='word_1_28' title='bbox 3271 717 3402 795; x_wconf 89' lang='lat' dir='ltr'><strong>vir,</strong></span> <span class='ocrx_word' id='word_1_29' title='bbox 3447 717 3642 782; x_wconf 90' lang='lat' dir='ltr'><strong>sicuti</strong></span> <span class='ocrx_word' id='word_1_30' title='bbox 3685 741 3792 785; x_wconf 90' lang='lat' dir='ltr'><strong>res</strong></span> <span class='ocrx_word' id='word_1_31' title='bbox 3834 720 4237 804; x_wconf 87' lang='lat' dir='ltr'><strong>postulabat,</strong></span> <span class='ocrx_word' id='word_1_32' title='bbox 4282 744 4387 787; x_wconf 91' lang='lat' dir='ltr'><strong>re-</strong></span> 
     </span>
    </p>
   </div>
   <div class='ocr_carea' id='block_1_7' title="bbox 357 798 4388 887">
    <p class='ocr_par' dir='ltr' id='par_1_7' title="bbox 357 798 4388 887">
     <span class='ocr_line' id='line_1_7' title="bbox 357 798 4388 887; baseline 0.002 -21"><span class='ocrx_word' id='word_1_33' title='bbox 357 799 687 866; x_wconf 90' lang='lat' dir='ltr'><strong>conclusio</strong></span> <span class='ocrx_word' id='word_1_34' title='bbox 731 799 975 866; x_wconf 91' lang='lat' dir='ltr'><strong>indicio</strong></span> <span class='ocrx_word' id='word_1_35' title='bbox 1019 807 1140 879; x_wconf 87' lang='lat' dir='ltr'><strong>est,</strong></span> <span class='ocrx_word' id='word_1_36' title='bbox 1183 798 1351 864; x_wconf 86' lang='lat' dir='ltr'><strong>nihil</strong></span> <span class='ocrx_word' id='word_1_37' title='bbox 1395 820 1551 867; x_wconf 92' lang='lat' dir='ltr'><strong>eum</strong></span> <span class='ocrx_word' id='word_1_38' title='bbox 1595 799 1775 865; x_wconf 86' lang='lat' dir='ltr'><strong>aliud</strong></span> <span class='ocrx_word' id='word_1_39' title='bbox 1819 820 2151 884; x_wconf 90' lang='lat' dir='ltr'><strong>quaerere,</strong></span> <span class='ocrx_word' id='word_1_40' title='bbox 2195 799 2324 864; x_wconf 89' lang='lat' dir='ltr'><strong>nisi</strong></span> <span class='ocrx_word' id='word_1_41' title='bbox 2430 798 2709 878; x_wconf 80' lang='lat' dir='ltr'><strong>clamat,</strong></span> <span class='ocrx_word' id='word_1_42' title='bbox 2760 821 2894 866; x_wconf 91' lang='lat' dir='ltr'><strong>non</strong></span> <span class='ocrx_word' id='word_1_43' title='bbox 2935 812 3176 869; x_wconf 85' lang='lat' dir='ltr'><strong>natura</strong></span> <span class='ocrx_word' id='word_1_44' title='bbox 3220 802 3469 867; x_wconf 87' lang='lat' dir='ltr'><strong>malum</strong></span> <span class='ocrx_word' id='word_1_45' title='bbox 3504 803 3869 885; x_wconf 90' lang='lat' dir='ltr'><strong>hominem,</strong></span> <span class='ocrx_word' id='word_1_46' title='bbox 3915 805 4039 873; x_wconf 91' lang='lat' dir='ltr'><strong>hoc</strong></span> <span class='ocrx_word' id='word_1_47' title='bbox 4080 818 4209 887; x_wconf 88' lang='lat' dir='ltr'><strong>est,</strong></span> <span class='ocrx_word' id='word_1_48' title='bbox 4256 808 4388 874; x_wconf 89' lang='lat' dir='ltr'><strong>Dei</strong></span> 
     </span>
    </p>
   </div>
   <div class='ocr_carea' id='block_1_8' title="bbox 310 884 2326 4924">
    <p class='ocr_par' dir='ltr' id='par_1_8' title="bbox 344 884 2326 2859">
     <span class='ocr_line' id='line_1_8' title="bbox 360 884 2325 952; baseline -0.001 -1"><span class='ocrx_word' id='word_1_49' title='bbox 360 895 435 951; x_wconf 86' lang='lat' dir='ltr'><strong>ut</strong></span> <span class='ocrx_word' id='word_1_50' title='bbox 479 886 813 952; x_wconf 75' lang='lat' dir='ltr'>coactione</span> <span class='ocrx_word' id='word_1_51' title='bbox 857 884 1128 952; x_wconf 80' lang='lat' dir='ltr'><strong>exclusa</strong></span> <span class='ocrx_word' id='word_1_52' title='bbox 1184 907 1216 950; x_wconf 91' lang='lat' dir='ltr'><strong>s</strong></span> <span class='ocrx_word' id='word_1_53' title='bbox 1301 892 1619 951; x_wconf 89' lang='lat' dir='ltr'><strong>ntaneam</strong></span> <span class='ocrx_word' id='word_1_54' title='bbox 1662 886 1736 951; x_wconf 92' lang='lat' dir='ltr'><strong>in</strong></span> <span class='ocrx_word' id='word_1_55' title='bbox 1778 885 2047 951; x_wconf 90' lang='lat' dir='ltr'><strong>homine</strong></span> <span class='ocrx_word' id='word_1_56' title='bbox 2091 885 2325 952; x_wconf 90' lang='lat' dir='ltr'><strong>volun-</strong></span> 
     </span>
     <span class='ocr_line' id='line_1_9' title="bbox 357 968 2326 1052; baseline -0.002 -14"><span class='ocrx_word' id='word_1_57' title='bbox 357 977 561 1038; x_wconf 84' lang='lat' dir='ltr'><strong>tatem</strong></span> <span class='ocrx_word' id='word_1_58' title='bbox 602 973 976 1038; x_wconf 87' lang='lat' dir='ltr'><strong>constituat.</strong></span> <span class='ocrx_word' id='word_1_59' title='bbox 1045 968 1158 1052; x_wconf 78' lang='lat' dir='ltr'><strong>Qu</strong></span> <span class='ocrx_word' id='word_1_60' title='bbox 1286 993 1408 1037; x_wconf 92' lang='lat' dir='ltr'><strong>nos</strong></span> <span class='ocrx_word' id='word_1_61' title='bbox 1451 970 1754 1037; x_wconf 89' lang='lat' dir='ltr'><strong>similiter</strong></span> <span class='ocrx_word' id='word_1_62' title='bbox 1795 972 2087 1038; x_wconf 87' lang='lat' dir='ltr'><strong>facimus.</strong></span> <span class='ocrx_word' id='word_1_63' title='bbox 2158 969 2326 1037; x_wconf 89' lang='lat' dir='ltr'><strong>Cae-</strong></span> 
     </span>
     <span class='ocr_line' id='line_1_10' title="bbox 356 1056 2325 1142; baseline -0.001 -19"><span class='ocrx_word' id='word_1_64' title='bbox 356 1066 576 1124; x_wconf 90' lang='lat' dir='ltr'><strong>terum</strong></span> <span class='ocrx_word' id='word_1_65' title='bbox 618 1079 752 1123; x_wconf 93' lang='lat' dir='ltr'><strong>non</strong></span> <span class='ocrx_word' id='word_1_66' title='bbox 795 1078 965 1142; x_wconf 91' lang='lat' dir='ltr'><strong>nego</strong></span> <span class='ocrx_word' id='word_1_67' title='bbox 1017 1056 1357 1122; x_wconf 76' lang='lat' dir='ltr'><strong>liberalius</strong></span> <span class='ocrx_word' id='word_1_68' title='bbox 1399 1079 1553 1123; x_wconf 92' lang='lat' dir='ltr'><strong>eum</strong></span> <span class='ocrx_word' id='word_1_69' title='bbox 1610 1056 1849 1122; x_wconf 87' lang='lat' dir='ltr'><strong>alicubi</strong></span> <span class='ocrx_word' id='word_1_70' title='bbox 1891 1056 2174 1123; x_wconf 89' lang='lat' dir='ltr'><strong>liberum</strong></span> <span class='ocrx_word' id='word_1_71' title='bbox 2218 1077 2325 1121; x_wconf 88' lang='lat' dir='ltr'><strong>ar-</strong></span> 
     </span>
     <span class='ocr_line' id='line_1_11' title="bbox 353 1141 2326 1227; baseline -0.003 -16"><span class='ocrx_word' id='word_1_72' title='bbox 353 1145 628 1212; x_wconf 87' lang='lat' dir='ltr'><strong>bitrium</strong></span> <span class='ocrx_word' id='word_1_73' title='bbox 717 1142 1065 1222; x_wconf 90' lang='lat' dir='ltr'><strong>raedicare,</strong></span> <span class='ocrx_word' id='word_1_74' title='bbox 1109 1141 1227 1209; x_wconf 89' lang='lat' dir='ltr'><strong>sed</strong></span> <span class='ocrx_word' id='word_1_75' title='bbox 1260 1145 1370 1222; x_wconf 90' lang='lat' dir='ltr'><strong>ita,</strong></span> <span class='ocrx_word' id='word_1_76' title='bbox 1409 1149 1485 1208; x_wconf 92' lang='lat' dir='ltr'><strong>ut</strong></span> <span class='ocrx_word' id='word_1_77' title='bbox 1517 1164 1848 1227; x_wconf 78' lang='lat' dir='ltr'><strong>nusquam</strong></span> <span class='ocrx_word' id='word_1_78' title='bbox 1882 1151 2081 1224; x_wconf 87' lang='lat' dir='ltr'><strong>certo,</strong></span> <span class='ocrx_word' id='word_1_79' title='bbox 2118 1163 2326 1226; x_wconf 89' lang='lat' dir='ltr'><strong>quan-</strong></span> 
     </span>
     <span class='ocr_line' id='line_1_12' title="bbox 357 1166 2326 1313; baseline -0.003 -17"><span class='ocrx_word' id='word_1_80' title='bbox 357 1239 501 1297; x_wconf 90' lang='lat' dir='ltr'><strong>tum</strong></span> <span class='ocrx_word' id='word_1_81' title='bbox 544 1166 713 1296; x_wconf 57' lang='lat' dir='ltr'><strong>illug</strong></span> <span class='ocrx_word' id='word_1_82' title='bbox 756 1230 871 1310; x_wconf 90' lang='lat' dir='ltr'><strong>sit,</strong></span> <span class='ocrx_word' id='word_1_83' title='bbox 918 1228 1206 1295; x_wconf 87' lang='lat' dir='ltr'><strong>definiat.</strong></span> <span class='ocrx_word' id='word_1_84' title='bbox 1296 1226 1549 1295; x_wconf 89' lang='lat' dir='ltr'><strong>Omnes</strong></span> <span class='ocrx_word' id='word_1_85' title='bbox 1613 1229 1793 1296; x_wconf 92' lang='lat' dir='ltr'><strong>enim</strong></span> <span class='ocrx_word' id='word_1_86' title='bbox 1845 1231 1954 1312; x_wconf 92' lang='lat' dir='ltr'><strong>qui</strong></span> <span class='ocrx_word' id='word_1_87' title='bbox 2000 1251 2041 1295; x_wconf 89' lang='lat' dir='ltr'><strong>a</strong></span> <span class='ocrx_word' id='word_1_88' title='bbox 2081 1227 2326 1313; x_wconf 88' lang='lat' dir='ltr'><strong>Pighio</strong></span> 
     </span>
     <span class='ocr_line' id='line_1_13' title="bbox 354 1313 2322 1398; baseline -0.003 -14"><span class='ocrx_word' id='word_1_89' title='bbox 354 1318 645 1385; x_wconf 88' lang='lat' dir='ltr'><strong>citantur</strong></span> <span class='ocrx_word' id='word_1_90' title='bbox 695 1315 822 1382; x_wconf 90' lang='lat' dir='ltr'><strong>loci</strong></span> <span class='ocrx_word' id='word_1_91' title='bbox 836 1368 852 1394; x_wconf 90' lang='lat'><strong>,</strong></span> <span class='ocrx_word' id='word_1_92' title='bbox 909 1315 1121 1398; x_wconf 90' lang='lat' dir='ltr'><strong>qualis</strong></span> <span class='ocrx_word' id='word_1_93' title='bbox 1174 1334 1378 1379; x_wconf 89' lang='lat' dir='ltr'><strong>manu</strong></span> <span class='ocrx_word' id='word_1_94' title='bbox 1420 1313 1554 1380; x_wconf 90' lang='lat' dir='ltr'><strong>Dei</strong></span> <span class='ocrx_word' id='word_1_95' title='bbox 1607 1316 1928 1380; x_wconf 86' lang='lat' dir='ltr'><strong>formatus</strong></span> <span class='ocrx_word' id='word_1_96' title='bbox 1980 1316 2067 1380; x_wconf 90' lang='lat' dir='ltr'><strong>sit</strong></span> <span class='ocrx_word' id='word_1_97' title='bbox 2106 1313 2322 1393; x_wconf 84' lang='lat' dir='ltr'><strong>home,</strong></span> 
     </span>
     <span class='ocr_line' id='line_1_14' title="bbox 356 1398 2325 1485; baseline -0.002 -16"><span class='ocrx_word' id='word_1_98' title='bbox 356 1410 669 1469; x_wconf 83' lang='lat' dir='ltr'><strong>tractant:</strong></span> <span class='ocrx_word' id='word_1_99' title='bbox 742 1400 955 1485; x_wconf 89' lang='lat' dir='ltr'><strong>qualis</strong></span> <span class='ocrx_word' id='word_1_100' title='bbox 1007 1405 1158 1484; x_wconf 91' lang='lat' dir='ltr'><strong>post</strong></span> <span class='ocrx_word' id='word_1_101' title='bbox 1220 1400 1481 1484; x_wconf 85' lang='lat' dir='ltr'><strong>lapsum</strong></span> <span class='ocrx_word' id='word_1_102' title='bbox 1546 1421 1622 1468; x_wconf 90' lang='lat' dir='ltr'><strong>ac</strong></span> <span class='ocrx_word' id='word_1_103' title='bbox 1688 1398 2116 1468; x_wconf 88' lang='lat' dir='ltr'><strong>defectionem</strong></span> <span class='ocrx_word' id='word_1_104' title='bbox 2183 1421 2325 1466; x_wconf 91' lang='lat' dir='ltr'><strong>esse</strong></span> 
     </span>
     <span class='ocr_line' id='line_1_15' title="bbox 357 1483 2326 1572; baseline -0.003 -17"><span class='ocrx_word' id='word_1_105' title='bbox 357 1489 676 1572; x_wconf 88' lang='lat' dir='ltr'><strong>coeperit,</strong></span> <span class='ocrx_word' id='word_1_106' title='bbox 741 1507 1014 1570; x_wconf 87' lang='lat' dir='ltr'><strong>prorsus</strong></span> <span class='ocrx_word' id='word_1_107' title='bbox 1074 1492 1314 1552; x_wconf 90' lang='lat' dir='ltr'><strong>tacent.</strong></span> <span class='ocrx_word' id='word_1_108' title='bbox 1428 1483 1604 1567; x_wconf 78' lang='lat' dir='ltr'><strong>Quid</strong></span> <span class='ocrx_word' id='word_1_109' title='bbox 1672 1506 1831 1570; x_wconf 89' lang='lat' dir='ltr'><strong>ergo</strong></span> <span class='ocrx_word' id='word_1_110' title='bbox 1896 1485 2080 1566; x_wconf 89' lang='lat' dir='ltr'><strong>inde,</strong></span> <span class='ocrx_word' id='word_1_111' title='bbox 2153 1484 2326 1568; x_wconf 93' lang='lat' dir='ltr'><strong>quod</strong></span> 
     </span>
     <span class='ocr_line' id='line_1_16' title="bbox 352 1570 2324 1659; baseline -0.003 -17"><span class='ocrx_word' id='word_1_112' title='bbox 352 1581 768 1659; x_wconf 80' lang='lat' dir='ltr'><strong>praesentem</strong></span> <span class='ocrx_word' id='word_1_113' title='bbox 816 1572 1264 1655; x_wconf 90' lang='lat' dir='ltr'><strong>quaestionem</strong></span> <span class='ocrx_word' id='word_1_114' title='bbox 1308 1572 1392 1639; x_wconf 90' lang='lat' dir='ltr'><strong>ad</strong></span> <span class='ocrx_word' id='word_1_115' title='bbox 1431 1571 1706 1655; x_wconf 89' lang='lat' dir='ltr'><strong>plenum</strong></span> <span class='ocrx_word' id='word_1_116' title='bbox 1741 1581 1810 1637; x_wconf 92' lang='lat' dir='ltr'><strong>et</strong></span> <span class='ocrx_word' id='word_1_117' title='bbox 1840 1571 2166 1655; x_wconf 93' lang='lat' dir='ltr'><strong>liquidum</strong></span> <span class='ocrx_word' id='word_1_118' title='bbox 2211 1570 2324 1636; x_wconf 92' lang='lat' dir='ltr'><strong>de-</strong></span> 
     </span>
     <span class='ocr_line' id='line_1_17' title="bbox 352 1657 2325 1744; baseline -0.005 -15"><span class='ocrx_word' id='word_1_119' title='bbox 352 1662 578 1740; x_wconf 87' lang='lat' dir='ltr'><strong>finiat,</strong></span> <span class='ocrx_word' id='word_1_120' title='bbox 641 1657 952 1744; x_wconf 75' lang='lat' dir='ltr'><strong>colliges?</strong></span> <span class='ocrx_word' id='word_1_121' title='bbox 1052 1657 1193 1723; x_wconf 88' lang='lat' dir='ltr'><strong>Nos</strong></span> <span class='ocrx_word' id='word_1_122' title='bbox 1246 1659 1422 1723; x_wconf 90' lang='lat' dir='ltr'><strong>enim</strong></span> <span class='ocrx_word' id='word_1_123' title='bbox 1478 1658 1816 1724; x_wconf 91' lang='lat' dir='ltr'><strong>hominem</strong></span> <span class='ocrx_word' id='word_1_124' title='bbox 1870 1678 2003 1723; x_wconf 91' lang='lat' dir='ltr'><strong>non</strong></span> <span class='ocrx_word' id='word_1_125' title='bbox 2060 1678 2142 1721; x_wconf 88' lang='lat' dir='ltr'><strong>ex</strong></span> <span class='ocrx_word' id='word_1_126' title='bbox 2194 1657 2325 1723; x_wconf 89' lang='lat' dir='ltr'><strong>Dei</strong></span> 
     </span>
     <span class='ocr_line' id='line_1_18' title="bbox 352 1740 2320 1828; baseline -0.003 -15"><span class='ocrx_word' id='word_1_127' title='bbox 352 1748 700 1825; x_wconf 88' lang='lat' dir='ltr'><strong>creatione,</strong></span> <span class='ocrx_word' id='word_1_128' title='bbox 748 1745 864 1811; x_wconf 92' lang='lat' dir='ltr'><strong>sed</strong></span> <span class='ocrx_word' id='word_1_129' title='bbox 906 1765 990 1810; x_wconf 89' lang='lat' dir='ltr'><strong>ex</strong></span> <span class='ocrx_word' id='word_1_130' title='bbox 1036 1764 1132 1824; x_wconf 89' lang='lat' dir='ltr'><strong>ea,</strong></span> <span class='ocrx_word' id='word_1_131' title='bbox 1177 1764 1375 1827; x_wconf 88' lang='lat' dir='ltr'><strong>quam</strong></span> <span class='ocrx_word' id='word_1_132' title='bbox 1417 1745 1561 1828; x_wconf 92' lang='lat' dir='ltr'><strong>ipse</strong></span> <span class='ocrx_word' id='word_1_133' title='bbox 1604 1743 1731 1809; x_wconf 91' lang='lat' dir='ltr'><strong>sibi</strong></span> <span class='ocrx_word' id='word_1_134' title='bbox 1773 1744 2037 1828; x_wconf 89' lang='lat' dir='ltr'><strong>proprio</strong></span> <span class='ocrx_word' id='word_1_135' title='bbox 2081 1743 2242 1811; x_wconf 90' lang='lat' dir='ltr'><strong>vitio</strong></span> <span class='ocrx_word' id='word_1_136' title='bbox 2271 1740 2320 1823; x_wconf 89' lang='lat'><strong>¹)</strong></span> 
     </span>
     <span class='ocr_line' id='line_1_19' title="bbox 353 1827 2325 1917; baseline -0.004 -18"><span class='ocrx_word' id='word_1_137' title='bbox 353 1832 731 1917; x_wconf 85' lang='lat' dir='ltr'><strong>acquisivit,</strong></span> <span class='ocrx_word' id='word_1_138' title='bbox 788 1831 1206 1913; x_wconf 88' lang='lat' dir='ltr'><strong>corruptione</strong></span> <span class='ocrx_word' id='word_1_139' title='bbox 1265 1829 1707 1896; x_wconf 85' lang='lat' dir='ltr'><strong>aestimamus.</strong></span> <span class='ocrx_word' id='word_1_140' title='bbox 1817 1829 2013 1895; x_wconf 87' lang='lat' dir='ltr'><strong>Hanc</strong></span> <span class='ocrx_word' id='word_1_141' title='bbox 2066 1836 2144 1893; x_wconf 93' lang='lat' dir='ltr'><strong>ut</strong></span> <span class='ocrx_word' id='word_1_142' title='bbox 2186 1827 2325 1893; x_wconf 79' lang='lat' dir='ltr'><strong>dixi</strong></span> 
     </span>
     <span class='ocr_line' id='line_1_20' title="bbox 349 1914 2319 2004; baseline -0.004 -19"><span class='ocrx_word' id='word_1_143' title='bbox 349 1926 611 2004; x_wconf 82' lang='lat' dir='ltr'><strong>partem</strong></span> <span class='ocrx_word' id='word_1_144' title='bbox 628 1970 645 1999; x_wconf 93' lang='lat'><strong>,</strong></span> <span class='ocrx_word' id='word_1_145' title='bbox 686 1938 890 2002; x_wconf 91' lang='lat' dir='ltr'><strong>quum</strong></span> <span class='ocrx_word' id='word_1_146' title='bbox 933 1917 1290 2000; x_wconf 85' lang='lat' dir='ltr'><strong>praecipua</strong></span> <span class='ocrx_word' id='word_1_147' title='bbox 1332 1916 1439 1995; x_wconf 90' lang='lat' dir='ltr'><strong>sit,</strong></span> <span class='ocrx_word' id='word_1_148' title='bbox 1486 1914 1814 2001; x_wconf 82' lang='lat' dir='ltr'><strong>Origenes</strong></span> <span class='ocrx_word' id='word_1_149' title='bbox 1857 1936 1991 1981; x_wconf 91' lang='lat' dir='ltr'><strong>non</strong></span> <span class='ocrx_word' id='word_1_150' title='bbox 2034 1915 2319 1998; x_wconf 85' lang='lat' dir='ltr'><strong>attingit.</strong></span> 
     </span>
     <span class='ocr_line' id='line_1_21' title="bbox 350 1997 2324 2086; baseline -0.004 -14"><span class='ocrx_word' id='word_1_151' title='bbox 350 2006 458 2072; x_wconf 90' lang='lat' dir='ltr'><strong>De</strong></span> <span class='ocrx_word' id='word_1_152' title='bbox 505 2005 849 2071; x_wconf 77' lang='lat' dir='ltr'><strong>Clemente</strong></span> <span class='ocrx_word' id='word_1_153' title='bbox 890 2003 1052 2069; x_wconf 90' lang='lat' dir='ltr'><strong>satis</strong></span> <span class='ocrx_word' id='word_1_154' title='bbox 1094 2005 1229 2067; x_wconf 91' lang='lat' dir='ltr'><strong>iam</strong></span> <span class='ocrx_word' id='word_1_155' title='bbox 1282 2003 1585 2086; x_wconf 91' lang='lat' dir='ltr'><strong>superius</strong></span> <span class='ocrx_word' id='word_1_156' title='bbox 1639 2000 1850 2066; x_wconf 84' lang='lat' dir='ltr'><strong>multa</strong></span> <span class='ocrx_word' id='word_1_157' title='bbox 1894 2000 2050 2066; x_wconf 80' lang='lat' dir='ltr'><strong>dixi.</strong></span> <span class='ocrx_word' id='word_1_158' title='bbox 2142 1997 2324 2081; x_wconf 78' lang='lat' dir='ltr'><strong>Quid</strong></span> 
     </span>
     <span class='ocr_line' id='line_1_22' title="bbox 351 2086 2322 2174; baseline -0.004 -16"><span class='ocrx_word' id='word_1_159' title='bbox 351 2100 580 2158; x_wconf 87' lang='lat' dir='ltr'><strong>autem</strong></span> <span class='ocrx_word' id='word_1_160' title='bbox 632 2091 789 2156; x_wconf 81' lang='lat' dir='ltr'><strong>facit</strong></span> <span class='ocrx_word' id='word_1_161' title='bbox 840 2089 1124 2174; x_wconf 78' lang='lat' dir='ltr'>Pighius</span> <span class='ocrx_word' id='word_1_162' title='bbox 1137 2139 1153 2166; x_wconf 93' lang='lat'><strong>,</strong></span> <span class='ocrx_word' id='word_1_163' title='bbox 1215 2086 1416 2152; x_wconf 90' lang='lat' dir='ltr'><strong>talem</strong></span> <span class='ocrx_word' id='word_1_164' title='bbox 1470 2108 1703 2154; x_wconf 89' lang='lat' dir='ltr'><strong>causae</strong></span> <span class='ocrx_word' id='word_1_165' title='bbox 1757 2108 1915 2152; x_wconf 89' lang='lat' dir='ltr'><strong>suae</strong></span> <span class='ocrx_word' id='word_1_166' title='bbox 1969 2093 2322 2170; x_wconf 90' lang='lat' dir='ltr'><strong>patronum</strong></span> 
     </span>
     <span class='ocr_line' id='line_1_23' title="bbox 348 2172 2321 2263; baseline -0.004 -20"><span class='ocrx_word' id='word_1_167' title='bbox 348 2179 745 2263; x_wconf 88' lang='lat' dir='ltr'><strong>primarium</strong></span> <span class='ocrx_word' id='word_1_168' title='bbox 779 2173 1153 2253; x_wconf 88' lang='lat' dir='ltr'><strong>excitando,</strong></span> <span class='ocrx_word' id='word_1_169' title='bbox 1199 2174 1328 2239; x_wconf 92' lang='lat' dir='ltr'><strong>nisi</strong></span> <span class='ocrx_word' id='word_1_170' title='bbox 1353 2172 1526 2257; x_wconf 92' lang='lat' dir='ltr'><strong>quod</strong></span> <span class='ocrx_word' id='word_1_171' title='bbox 1564 2174 1820 2257; x_wconf 76' lang='lat' dir='ltr'><strong>crepitu</strong></span> <span class='ocrx_word' id='word_1_172' title='bbox 1840 2194 1962 2238; x_wconf 92' lang='lat' dir='ltr'><strong>nos</strong></span> <span class='ocrx_word' id='word_1_173' title='bbox 1992 2172 2142 2238; x_wconf 89' lang='lat' dir='ltr'><strong>vult</strong></span> <span class='ocrx_word' id='word_1_174' title='bbox 2173 2172 2321 2237; x_wconf 88' lang='lat' dir='ltr'><strong>abs-</strong></span> 
     </span>
     <span class='ocr_line' id='line_1_24' title="bbox 349 2257 2321 2342; baseline -0.005 -13"><span class='ocrx_word' id='word_1_175' title='bbox 349 2263 644 2329; x_wconf 80' lang='lat' dir='ltr'><strong>terrere?</strong></span> <span class='ocrx_word' id='word_1_176' title='bbox 735 2263 931 2342; x_wconf 82' lang='lat' dir='ltr'><strong>Dioo,</strong></span> <span class='ocrx_word' id='word_1_177' title='bbox 976 2268 1045 2327; x_wconf 93' lang='lat' dir='ltr'><strong>et</strong></span> <span class='ocrx_word' id='word_1_178' title='bbox 1099 2261 1156 2326; x_wconf 94' lang='lat' dir='ltr'><strong>si</strong></span> <span class='ocrx_word' id='word_1_179' title='bbox 1192 2259 1605 2325; x_wconf 86' lang='lat' dir='ltr'><strong>dissimulem</strong></span> <span class='ocrx_word' id='word_1_180' title='bbox 1659 2259 1830 2325; x_wconf 87' lang='lat' dir='ltr'><strong>liber</strong></span> <span class='ocrx_word' id='word_1_181' title='bbox 1882 2259 2026 2342; x_wconf 89' lang='lat' dir='ltr'><strong>ipse</strong></span> <span class='ocrx_word' id='word_1_182' title='bbox 2062 2257 2321 2336; x_wconf 89' lang='lat' dir='ltr'><strong>clamat,</strong></span> 
     </span>
     <span class='ocr_line' id='line_1_25' title="bbox 351 2344 2320 2434; baseline -0.004 -18"><span class='ocrx_word' id='word_1_183' title='bbox 351 2350 435 2416; x_wconf 86' lang='lat' dir='ltr'><strong>ab</strong></span> <span class='ocrx_word' id='word_1_184' title='bbox 481 2349 700 2434; x_wconf 90' lang='lat' dir='ltr'><strong>aliquo</strong></span> <span class='ocrx_word' id='word_1_185' title='bbox 751 2346 991 2432; x_wconf 84' lang='lat' dir='ltr'><strong>frigido</strong></span> <span class='ocrx_word' id='word_1_186' title='bbox 1047 2346 1582 2430; x_wconf 88' lang='lat' dir='ltr'><strong>philosophastro</strong></span> <span class='ocrx_word' id='word_1_187' title='bbox 1636 2346 1837 2411; x_wconf 81' lang='lat' dir='ltr'><strong>fuisse</strong></span> <span class='ocrx_word' id='word_1_188' title='bbox 1904 2344 2320 2410; x_wconf 89' lang='lat' dir='ltr'><strong>consarcina-</strong></span> 
     </span>
     <span class='ocr_line' id='line_1_26' title="bbox 348 2432 2322 2517; baseline -0.004 -15"><span class='ocrx_word' id='word_1_189' title='bbox 348 2444 515 2502; x_wconf 85' lang='lat' dir='ltr'><strong>tum.</strong></span> <span class='ocrx_word' id='word_1_190' title='bbox 617 2433 786 2501; x_wconf 91' lang='lat' dir='ltr'><strong>Inde</strong></span> <span class='ocrx_word' id='word_1_191' title='bbox 829 2439 1126 2516; x_wconf 88' lang='lat' dir='ltr'><strong>arreptas</strong></span> <span class='ocrx_word' id='word_1_192' title='bbox 1142 2433 1202 2517; x_wconf 80' lang='lat'><strong>⁶²)</strong></span> <span class='ocrx_word' id='word_1_193' title='bbox 1247 2432 1641 2511; x_wconf 89' lang='lat' dir='ltr'><strong>sententias,</strong></span> <span class='ocrx_word' id='word_1_194' title='bbox 1702 2438 2021 2515; x_wconf 87' lang='lat' dir='ltr'><strong>tanquam</strong></span> <span class='ocrx_word' id='word_1_195' title='bbox 2074 2451 2155 2495; x_wconf 79' lang='lat' dir='ltr'><strong>ex</strong></span> <span class='ocrx_word' id='word_1_196' title='bbox 2207 2448 2322 2494; x_wconf 93' lang='lat' dir='ltr'><strong>ore</strong></span> 
     </span>
     <span class='ocr_line' id='line_1_27' title="bbox 345 2516 2322 2604; baseline -0.005 -15"><span class='ocrx_word' id='word_1_197' title='bbox 345 2522 540 2590; x_wconf 87' lang='lat' dir='ltr'><strong>Petri</strong></span> <span class='ocrx_word' id='word_1_198' title='bbox 572 2521 915 2604; x_wconf 86' lang='lat' dir='ltr'><strong>profectas,</strong></span> <span class='ocrx_word' id='word_1_199' title='bbox 962 2519 1074 2583; x_wconf 87' lang='lat' dir='ltr'><strong>bic</strong></span> <span class='ocrx_word' id='word_1_200' title='bbox 1107 2517 1298 2585; x_wconf 90' lang='lat' dir='ltr'><strong>nobis</strong></span> <span class='ocrx_word' id='word_1_201' title='bbox 1331 2516 1646 2584; x_wconf 76' lang='lat' dir='ltr'><strong>obtrudit.</strong></span> <span class='ocrx_word' id='word_1_202' title='bbox 1711 2517 1858 2601; x_wconf 83' lang='lat' dir='ltr'><strong>Ego</strong></span> <span class='ocrx_word' id='word_1_203' title='bbox 1902 2537 2060 2584; x_wconf 88' lang='lat' dir='ltr'><strong>vero</strong></span> <span class='ocrx_word' id='word_1_204' title='bbox 2103 2535 2322 2581; x_wconf 90' lang='lat' dir='ltr'><strong>coram</strong></span> 
     </span>
     <span class='ocr_line' id='line_1_28' title="bbox 346 2601 2320 2691; baseline -0.006 -15"><span class='ocrx_word' id='word_1_205' title='bbox 346 2609 496 2676; x_wconf 93' lang='lat' dir='ltr'><strong>Deo</strong></span> <span class='ocrx_word' id='word_1_206' title='bbox 554 2628 674 2691; x_wconf 92' lang='lat' dir='ltr'><strong>per</strong></span> <span class='ocrx_word' id='word_1_207' title='bbox 729 2604 1205 2674; x_wconf 89' lang='lat' dir='ltr'><strong>conscientiam</strong></span> <span class='ocrx_word' id='word_1_208' title='bbox 1270 2601 1624 2687; x_wconf 91' lang='lat' dir='ltr'><strong>impedior,</strong></span> <span class='ocrx_word' id='word_1_209' title='bbox 1687 2603 2037 2686; x_wconf 90' lang='lat' dir='ltr'><strong>quominus</strong></span> <span class='ocrx_word' id='word_1_210' title='bbox 2087 2603 2157 2667; x_wconf 92' lang='lat' dir='ltr'><strong>in</strong></span> <span class='ocrx_word' id='word_1_211' title='bbox 2216 2621 2320 2666; x_wconf 90' lang='lat' dir='ltr'><strong>re-</strong></span> 
     </span>
     <span class='ocr_line' id='line_1_29' title="bbox 345 2689 2321 2779; baseline -0.005 -18"><span class='ocrx_word' id='word_1_212' title='bbox 345 2695 705 2779; x_wconf 87' lang='lat' dir='ltr'><strong>sponsione</strong></span> <span class='ocrx_word' id='word_1_213' title='bbox 746 2692 1068 2758; x_wconf 92' lang='lat' dir='ltr'><strong>laborem:</strong></span> <span class='ocrx_word' id='word_1_214' title='bbox 1123 2711 1207 2756; x_wconf 92' lang='lat' dir='ltr'><strong>ne</strong></span> <span class='ocrx_word' id='word_1_215' title='bbox 1250 2689 1356 2754; x_wconf 91' lang='lat' dir='ltr'><strong>cui</strong></span> <span class='ocrx_word' id='word_1_216' title='bbox 1392 2689 1635 2755; x_wconf 90' lang='lat' dir='ltr'><strong>erroris</strong></span> <span class='ocrx_word' id='word_1_217' title='bbox 1677 2689 2087 2756; x_wconf 87' lang='lat' dir='ltr'><strong>occasionem</strong></span> <span class='ocrx_word' id='word_1_218' title='bbox 2130 2708 2321 2771; x_wconf 89' lang='lat' dir='ltr'><strong>prae-</strong></span> 
     </span>
     <span class='ocr_line' id='line_1_30' title="bbox 344 2772 2320 2859; baseline -0.005 -12"><span class='ocrx_word' id='word_1_219' title='bbox 344 2781 565 2858; x_wconf 85' lang='lat' dir='ltr'><strong>beam,</strong></span> <span class='ocrx_word' id='word_1_220' title='bbox 603 2786 680 2845; x_wconf 91' lang='lat' dir='ltr'><strong>ut</strong></span> <span class='ocrx_word' id='word_1_221' title='bbox 709 2778 955 2843; x_wconf 89' lang='lat' dir='ltr'><strong>librum</strong></span> <span class='ocrx_word' id='word_1_222' title='bbox 986 2776 1175 2843; x_wconf 92' lang='lat' dir='ltr'><strong>illum</strong></span> <span class='ocrx_word' id='word_1_223' title='bbox 1211 2775 1318 2842; x_wconf 92' lang='lat' dir='ltr'><strong>vel</strong></span> <span class='ocrx_word' id='word_1_224' title='bbox 1340 2776 1413 2840; x_wconf 90' lang='lat' dir='ltr'><strong>in</strong></span> <span class='ocrx_word' id='word_1_225' title='bbox 1446 2776 1722 2840; x_wconf 93' lang='lat' dir='ltr'><strong>minimo</strong></span> <span class='ocrx_word' id='word_1_226' title='bbox 1755 2776 1965 2859; x_wconf 89' lang='lat' dir='ltr'><strong>pretio</strong></span> <span class='ocrx_word' id='word_1_227' title='bbox 1982 2772 2241 2839; x_wconf 90' lang='lat' dir='ltr'><strong>habeat.</strong></span> <span class='ocrx_word' id='word_1_228' title='bbox 2262 2772 2320 2857; x_wconf 83' lang='lat'><strong>⁸)</strong></span> 
     </span>
    </p>

    <p class='ocr_par' dir='ltr' id='par_1_9' title="bbox 526 2860 2321 2946">
     <span class='ocr_line' id='line_1_31' title="bbox 526 2860 2321 2946; baseline -0.004 -16"><span class='ocrx_word' id='word_1_229' title='bbox 526 2864 753 2946; x_wconf 78' lang='lat' dir='ltr'><strong>Quum</strong></span> <span class='ocrx_word' id='word_1_230' title='bbox 796 2862 1284 2929; x_wconf 77' lang='lat' dir='ltr'><strong>Tertullianum</strong></span> <span class='ocrx_word' id='word_1_231' title='bbox 1327 2860 1474 2927; x_wconf 90' lang='lat' dir='ltr'><strong>vult</strong></span> <span class='ocrx_word' id='word_1_232' title='bbox 1510 2861 1870 2944; x_wconf 89' lang='lat' dir='ltr'><strong>producere</strong></span> <span class='ocrx_word' id='word_1_233' title='bbox 1889 2912 1904 2939; x_wconf 90' lang='lat'>‚</span> <span class='ocrx_word' id='word_1_234' title='bbox 1967 2860 2321 2944; x_wconf 78' lang='lat' dir='ltr'><strong>praefatur,</strong></span> 
     </span>
    </p>

    <p class='ocr_par' dir='ltr' id='par_1_10' title="bbox 321 2944 2324 4325">
     <span class='ocr_line' id='line_1_32' title="bbox 345 2944 2321 3029; baseline -0.005 -10"><span class='ocrx_word' id='word_1_235' title='bbox 345 2952 516 3019; x_wconf 89' lang='lat' dir='ltr'><strong>adeo</strong></span> <span class='ocrx_word' id='word_1_236' title='bbox 560 2950 806 3018; x_wconf 84' lang='lat' dir='ltr'><strong>claram</strong></span> <span class='ocrx_word' id='word_1_237' title='bbox 849 2969 993 3016; x_wconf 92' lang='lat' dir='ltr'><strong>esse</strong></span> <span class='ocrx_word' id='word_1_238' title='bbox 1049 2949 1191 3013; x_wconf 90' lang='lat' dir='ltr'><strong>eius</strong></span> <span class='ocrx_word' id='word_1_239' title='bbox 1234 2948 1634 3013; x_wconf 90' lang='lat' dir='ltr'><strong>sententiam</strong></span> <span class='ocrx_word' id='word_1_240' title='bbox 1678 2946 1759 3012; x_wconf 91' lang='lat' dir='ltr'><strong>de</strong></span> <span class='ocrx_word' id='word_1_241' title='bbox 1800 2947 2105 3029; x_wconf 81' lang='lat' dir='ltr'><strong>libertate</strong></span> <span class='ocrx_word' id='word_1_242' title='bbox 2149 2944 2321 3009; x_wconf 90' lang='lat' dir='ltr'><strong>arbi-</strong></span> 
     </span>
     <span class='ocr_line' id='line_1_33' title="bbox 344 3032 2321 3121; baseline -0.006 -16"><span class='ocrx_word' id='word_1_243' title='bbox 344 3039 480 3119; x_wconf 88' lang='lat' dir='ltr'><strong>trii,</strong></span> <span class='ocrx_word' id='word_1_244' title='bbox 521 3045 598 3103; x_wconf 90' lang='lat' dir='ltr'><strong>ut</strong></span> <span class='ocrx_word' id='word_1_245' title='bbox 631 3036 745 3121; x_wconf 88' lang='lat' dir='ltr'><strong>qui</strong></span> <span class='ocrx_word' id='word_1_246' title='bbox 778 3040 926 3117; x_wconf 78' lang='lat' dir='ltr'><strong>[pag.</strong></span> <span class='ocrx_word' id='word_1_247' title='bbox 949 3039 1059 3115; x_wconf 84' lang='lat'><strong>68]</strong></span> <span class='ocrx_word' id='word_1_248' title='bbox 1098 3055 1234 3099; x_wconf 90' lang='lat' dir='ltr'><strong>non</strong></span> <span class='ocrx_word' id='word_1_249' title='bbox 1269 3033 1508 3113; x_wconf 88' lang='lat' dir='ltr'><strong>videat,</strong></span> <span class='ocrx_word' id='word_1_250' title='bbox 1545 3055 1697 3099; x_wconf 92' lang='lat' dir='ltr'><strong>eum</strong></span> <span class='ocrx_word' id='word_1_251' title='bbox 1725 3040 1981 3098; x_wconf 89' lang='lat' dir='ltr'><strong>certum</strong></span> <span class='ocrx_word' id='word_1_252' title='bbox 2012 3032 2101 3099; x_wconf 91' lang='lat' dir='ltr'><strong>sit</strong></span> <span class='ocrx_word' id='word_1_253' title='bbox 2124 3050 2321 3097; x_wconf 89' lang='lat' dir='ltr'><strong>aures</strong></span> 
     </span>
     <span class='ocr_line' id='line_1_34' title="bbox 343 3116 2324 3210; baseline -0.006 -18"><span class='ocrx_word' id='word_1_254' title='bbox 343 3132 554 3210; x_wconf 88' lang='lat' dir='ltr'><strong>atque</strong></span> <span class='ocrx_word' id='word_1_255' title='bbox 573 3123 796 3190; x_wconf 85' lang='lat' dir='ltr'><strong>oculos</strong></span> <span class='ocrx_word' id='word_1_256' title='bbox 816 3121 1127 3188; x_wconf 80' lang='lat' dir='ltr'><strong>clausisse</strong></span> <span class='ocrx_word' id='word_1_257' title='bbox 1163 3120 1446 3185; x_wconf 84' lang='lat' dir='ltr'><strong>veritati.</strong></span> <span class='ocrx_word' id='word_1_258' title='bbox 1493 3116 1672 3200; x_wconf 78' lang='lat' dir='ltr'><strong>Quid</strong></span> <span class='ocrx_word' id='word_1_259' title='bbox 1700 3128 1922 3184; x_wconf 92' lang='lat' dir='ltr'><strong>autem</strong></span> <span class='ocrx_word' id='word_1_260' title='bbox 1956 3118 2029 3183; x_wconf 90' lang='lat' dir='ltr'><strong>in</strong></span> <span class='ocrx_word' id='word_1_261' title='bbox 2064 3137 2324 3183; x_wconf 88' lang='lat' dir='ltr'><strong>summa</strong></span> 
     </span>
     <span class='ocr_line' id='line_1_35' title="bbox 341 3204 2321 3294; baseline -0.006 -15"><span class='ocrx_word' id='word_1_262' title='bbox 341 3211 701 3280; x_wconf 86' lang='lat' dir='ltr'><strong>continent</strong></span> <span class='ocrx_word' id='word_1_263' title='bbox 741 3230 907 3294; x_wconf 88' lang='lat' dir='ltr'><strong>quae</strong></span> <span class='ocrx_word' id='word_1_264' title='bbox 953 3205 1239 3285; x_wconf 90' lang='lat' dir='ltr'><strong>adducit,</strong></span> <span class='ocrx_word' id='word_1_265' title='bbox 1285 3205 1413 3270; x_wconf 91' lang='lat' dir='ltr'><strong>nisi</strong></span> <span class='ocrx_word' id='word_1_266' title='bbox 1456 3204 1755 3284; x_wconf 91' lang='lat' dir='ltr'><strong>liberum,</strong></span> <span class='ocrx_word' id='word_1_267' title='bbox 1802 3211 1869 3269; x_wconf 91' lang='lat' dir='ltr'><strong>et</strong></span> <span class='ocrx_word' id='word_1_268' title='bbox 1901 3225 2059 3271; x_wconf 88' lang='lat' dir='ltr'><strong>suae</strong></span> <span class='ocrx_word' id='word_1_269' title='bbox 2102 3211 2321 3287; x_wconf 89' lang='lat' dir='ltr'><strong>potes-</strong></span> 
     </span>
     <span class='ocr_line' id='line_1_36' title="bbox 341 3288 2322 3372; baseline -0.006 -7"><span class='ocrx_word' id='word_1_270' title='bbox 341 3300 508 3365; x_wconf 79' lang='lat' dir='ltr'><strong>tatis</strong></span> <span class='ocrx_word' id='word_1_271' title='bbox 566 3296 904 3362; x_wconf 90' lang='lat' dir='ltr'><strong>hominem</strong></span> <span class='ocrx_word' id='word_1_272' title='bbox 959 3314 999 3358; x_wconf 89' lang='lat' dir='ltr'><strong>a</strong></span> <span class='ocrx_word' id='word_1_273' title='bbox 1052 3292 1195 3356; x_wconf 62' lang='lat' dir='ltr'><strong>Deo</strong></span> <span class='ocrx_word' id='word_1_274' title='bbox 1251 3289 1583 3356; x_wconf 87' lang='lat' dir='ltr'><strong>conditum</strong></span> <span class='ocrx_word' id='word_1_275' title='bbox 1641 3289 1886 3355; x_wconf 76' lang='lat' dir='ltr'><strong>fuisse?</strong></span> <span class='ocrx_word' id='word_1_276' title='bbox 1979 3288 2322 3372; x_wconf 80' lang='lat' dir='ltr'><strong>Siquidem</strong></span> 
     </span>
     <span class='ocr_line' id='line_1_37' title="bbox 337 3373 2319 3461; baseline -0.006 -10"><span class='ocrx_word' id='word_1_277' title='bbox 337 3384 670 3452; x_wconf 87' lang='lat' dir='ltr'><strong>adversus</strong></span> <span class='ocrx_word' id='word_1_278' title='bbox 724 3378 1132 3447; x_wconf 76' lang='lat' dir='ltr'><strong>Marcionem</strong></span> <span class='ocrx_word' id='word_1_279' title='bbox 1182 3377 1318 3444; x_wconf 91' lang='lat' dir='ltr'><strong>illic</strong></span> <span class='ocrx_word' id='word_1_280' title='bbox 1362 3374 1684 3461; x_wconf 87' lang='lat' dir='ltr'><strong>disputat,</strong></span> <span class='ocrx_word' id='word_1_281' title='bbox 1743 3376 1929 3441; x_wconf 90' lang='lat' dir='ltr'><strong>cuius</strong></span> <span class='ocrx_word' id='word_1_282' title='bbox 1973 3376 2192 3459; x_wconf 90' lang='lat' dir='ltr'><strong>opinio</strong></span> <span class='ocrx_word' id='word_1_283' title='bbox 2238 3373 2319 3440; x_wconf 91' lang='lat' dir='ltr'><strong>de</strong></span> 
     </span>
     <span class='ocr_line' id='line_1_38' title="bbox 334 3461 2319 3545; baseline -0.006 -8"><span class='ocrx_word' id='word_1_284' title='bbox 334 3479 595 3537; x_wconf 84' lang='lat' dir='ltr'><strong>natura</strong></span> <span class='ocrx_word' id='word_1_285' title='bbox 636 3466 957 3545; x_wconf 86' lang='lat' dir='ltr'><strong>hominis,</strong></span> <span class='ocrx_word' id='word_1_286' title='bbox 1007 3470 1086 3530; x_wconf 92' lang='lat' dir='ltr'><strong>ut</strong></span> <span class='ocrx_word' id='word_1_287' title='bbox 1124 3464 1194 3529; x_wconf 93' lang='lat' dir='ltr'><strong>in</strong></span> <span class='ocrx_word' id='word_1_288' title='bbox 1236 3463 1459 3529; x_wconf 93' lang='lat' dir='ltr'><strong>Deum</strong></span> <span class='ocrx_word' id='word_1_289' title='bbox 1504 3461 2001 3540; x_wconf 91' lang='lat' dir='ltr'><strong>contumeliosa,</strong></span> <span class='ocrx_word' id='word_1_290' title='bbox 2057 3462 2152 3527; x_wconf 90' lang='lat' dir='ltr'><strong>ita</strong></span> <span class='ocrx_word' id='word_1_291' title='bbox 2193 3462 2319 3526; x_wconf 92' lang='lat' dir='ltr'><strong>im-</strong></span> 
     </span>
     <span class='ocr_line' id='line_1_39' title="bbox 332 3546 2320 3641; baseline -0.005 -19"><span class='ocrx_word' id='word_1_292' title='bbox 332 3557 456 3641; x_wconf 90' lang='lat' dir='ltr'><strong>pia</strong></span> <span class='ocrx_word' id='word_1_293' title='bbox 501 3564 572 3622; x_wconf 89' lang='lat' dir='ltr'><strong>et</strong></span> <span class='ocrx_word' id='word_1_294' title='bbox 633 3554 912 3638; x_wconf 85' lang='lat' dir='ltr'><strong>profana</strong></span> <span class='ocrx_word' id='word_1_295' title='bbox 963 3556 1125 3616; x_wconf 87' lang='lat' dir='ltr'><strong>erat.</strong></span> <span class='ocrx_word' id='word_1_296' title='bbox 1222 3549 1378 3615; x_wconf 88' lang='lat' dir='ltr'><strong>Non</strong></span> <span class='ocrx_word' id='word_1_297' title='bbox 1439 3548 1619 3614; x_wconf 90' lang='lat' dir='ltr'><strong>enim</strong></span> <span class='ocrx_word' id='word_1_298' title='bbox 1683 3569 1805 3614; x_wconf 91' lang='lat' dir='ltr'><strong>sua</strong></span> <span class='ocrx_word' id='word_1_299' title='bbox 1855 3547 2064 3631; x_wconf 89' lang='lat' dir='ltr'><strong>ipsius</strong></span> <span class='ocrx_word' id='word_1_300' title='bbox 2127 3546 2320 3630; x_wconf 88' lang='lat' dir='ltr'><strong>culpa</strong></span> 
     </span>
     <span class='ocr_line' id='line_1_40' title="bbox 331 3631 2319 3712; baseline -0.006 -4"><span class='ocrx_word' id='word_1_301' title='bbox 331 3642 690 3708; x_wconf 88' lang='lat' dir='ltr'><strong>hominem</strong></span> <span class='ocrx_word' id='word_1_302' title='bbox 752 3637 1004 3704; x_wconf 88' lang='lat' dir='ltr'><strong>malum</strong></span> <span class='ocrx_word' id='word_1_303' title='bbox 1060 3657 1203 3702; x_wconf 91' lang='lat' dir='ltr'><strong>esse</strong></span> <span class='ocrx_word' id='word_1_304' title='bbox 1259 3634 1720 3712; x_wconf 90' lang='lat' dir='ltr'><strong>confitebatur,</strong></span> <span class='ocrx_word' id='word_1_305' title='bbox 1778 3633 1896 3701; x_wconf 89' lang='lat' dir='ltr'><strong>sed</strong></span> <span class='ocrx_word' id='word_1_306' title='bbox 1958 3633 2028 3698; x_wconf 93' lang='lat' dir='ltr'><strong>in</strong></span> <span class='ocrx_word' id='word_1_307' title='bbox 2094 3631 2319 3698; x_wconf 92' lang='lat' dir='ltr'><strong>Deum</strong></span> 
     </span>
     <span class='ocr_line' id='line_1_41' title="bbox 331 3718 2318 3795; baseline -0.006 0"><span class='ocrx_word' id='word_1_308' title='bbox 331 3735 630 3795; x_wconf 85' lang='lat' dir='ltr'><strong>naturae</strong></span> <span class='ocrx_word' id='word_1_309' title='bbox 688 3731 990 3790; x_wconf 90' lang='lat' dir='ltr'><strong>autorem</strong></span> <span class='ocrx_word' id='word_1_310' title='bbox 1042 3723 1369 3788; x_wconf 86' lang='lat' dir='ltr'><strong>referebat</strong></span> <span class='ocrx_word' id='word_1_311' title='bbox 1420 3720 1712 3785; x_wconf 83' lang='lat' dir='ltr'><strong>malitiae</strong></span> <span class='ocrx_word' id='word_1_312' title='bbox 1765 3740 2048 3787; x_wconf 87' lang='lat' dir='ltr'><strong>causam.</strong></span> <span class='ocrx_word' id='word_1_313' title='bbox 2137 3718 2318 3784; x_wconf 87' lang='lat' dir='ltr'><strong>Hinc</strong></span> 
     </span>
     <span class='ocr_line' id='line_1_42' title="bbox 331 3804 2318 3894; baseline -0.007 -12"><span class='ocrx_word' id='word_1_314' title='bbox 331 3815 530 3882; x_wconf 86' lang='lat' dir='ltr'><strong>sanis</strong></span> <span class='ocrx_word' id='word_1_315' title='bbox 578 3819 646 3878; x_wconf 92' lang='lat' dir='ltr'><strong>et</strong></span> <span class='ocrx_word' id='word_1_316' title='bbox 686 3810 969 3894; x_wconf 78' lang='lat' dir='ltr'><strong>integris</strong></span> <span class='ocrx_word' id='word_1_317' title='bbox 1009 3807 1360 3874; x_wconf 90' lang='lat' dir='ltr'><strong>lectoribus</strong></span> <span class='ocrx_word' id='word_1_318' title='bbox 1398 3805 1822 3872; x_wconf 89' lang='lat' dir='ltr'><strong>iudicandum</strong></span> <span class='ocrx_word' id='word_1_319' title='bbox 1864 3804 2034 3871; x_wconf 89' lang='lat' dir='ltr'><strong>relin</strong></span> <span class='ocrx_word' id='word_1_320' title='bbox 2079 3825 2184 3882; x_wconf 91' lang='lat' dir='ltr'><strong>uo,</strong></span> <span class='ocrx_word' id='word_1_321' title='bbox 2231 3825 2318 3869; x_wconf 88' lang='lat' dir='ltr'><strong>an</strong></span> 
     </span>
     <span class='ocr_line' id='line_1_43' title="bbox 328 3827 2317 3988; baseline -0.006 -21"><span class='ocrx_word' id='word_1_322' title='bbox 328 3921 479 3967; x_wconf 90' lang='lat' dir='ltr'><strong>non</strong></span> <span class='ocrx_word' id='word_1_323' title='bbox 525 3915 978 3983; x_wconf 87' lang='lat' dir='ltr'><strong>quaecumque</strong></span> <span class='ocrx_word' id='word_1_324' title='bbox 1042 3916 1125 3960; x_wconf 83' lang='lat' dir='ltr'><strong>ex</strong></span> <span class='ocrx_word' id='word_1_325' title='bbox 1190 3892 1469 3959; x_wconf 85' lang='lat' dir='ltr'><strong>adverso</strong></span> <span class='ocrx_word' id='word_1_326' title='bbox 1522 3891 1795 3977; x_wconf 91' lang='lat' dir='ltr'><strong>opponit</strong></span> <span class='ocrx_word' id='word_1_327' title='bbox 1850 3827 2317 3988; x_wconf 59' lang='lat' dir='ltr'><strong>Tertullianus,</strong></span> 
     </span>
     <span class='ocr_line' id='line_1_44' title="bbox 328 3976 2315 4070; baseline -0.007 -17"><span class='ocrx_word' id='word_1_328' title='bbox 328 3987 422 4053; x_wconf 86' lang='lat' dir='ltr'><strong>ad</strong></span> <span class='ocrx_word' id='word_1_329' title='bbox 469 3986 762 4070; x_wconf 88' lang='lat' dir='ltr'><strong>primam</strong></span> <span class='ocrx_word' id='word_1_330' title='bbox 794 3980 1084 4047; x_wconf 90' lang='lat' dir='ltr'><strong>hominis</strong></span> <span class='ocrx_word' id='word_1_331' title='bbox 1118 3979 1561 4047; x_wconf 90' lang='lat' dir='ltr'><strong>conditionem</strong></span> <span class='ocrx_word' id='word_1_332' title='bbox 1604 3978 1909 4044; x_wconf 91' lang='lat' dir='ltr'><strong>similiter</strong></span> <span class='ocrx_word' id='word_1_333' title='bbox 1942 3976 2315 4061; x_wconf 84' lang='lat' dir='ltr'><strong>respiciant.</strong></span> 
     </span>
     <span class='ocr_line' id='line_1_45' title="bbox 325 4062 2316 4156; baseline -0.008 -14"><span class='ocrx_word' id='word_1_334' title='bbox 325 4071 584 4156; x_wconf 85' lang='lat' dir='ltr'><strong>Neque</strong></span> <span class='ocrx_word' id='word_1_335' title='bbox 648 4077 874 4134; x_wconf 91' lang='lat' dir='ltr'><strong>tamen</strong></span> <span class='ocrx_word' id='word_1_336' title='bbox 927 4066 1126 4132; x_wconf 87' lang='lat' dir='ltr'><strong>fidem</strong></span> <span class='ocrx_word' id='word_1_337' title='bbox 1189 4065 1355 4131; x_wconf 89' lang='lat' dir='ltr'><strong>mihi</strong></span> <span class='ocrx_word' id='word_1_338' title='bbox 1420 4064 1652 4130; x_wconf 90' lang='lat' dir='ltr'><strong>haberi</strong></span> <span class='ocrx_word' id='word_1_339' title='bbox 1715 4064 1931 4131; x_wconf 92' lang='lat' dir='ltr'><strong>velim.</strong></span> <span class='ocrx_word' id='word_1_340' title='bbox 2033 4062 2316 4128; x_wconf 91' lang='lat' dir='ltr'><strong>Librum</strong></span> 
     </span>
     <span class='ocr_line' id='line_1_46' title="bbox 321 4148 2316 4243; baseline -0.006 -18"><span class='ocrx_word' id='word_1_341' title='bbox 321 4159 569 4243; x_wconf 88' lang='lat' dir='ltr'><strong>ipsum</strong></span> <span class='ocrx_word' id='word_1_342' title='bbox 621 4156 736 4240; x_wconf 91' lang='lat' dir='ltr'><strong>qui</strong></span> <span class='ocrx_word' id='word_1_343' title='bbox 792 4153 1029 4239; x_wconf 90' lang='lat' dir='ltr'><strong>legerit</strong></span> <span class='ocrx_word' id='word_1_344' title='bbox 1087 4161 1204 4218; x_wconf 91' lang='lat' dir='ltr'><strong>aut</strong></span> <span class='ocrx_word' id='word_1_345' title='bbox 1256 4152 1473 4217; x_wconf 92' lang='lat' dir='ltr'><strong>locum</strong></span> <span class='ocrx_word' id='word_1_346' title='bbox 1527 4151 1727 4216; x_wconf 89' lang='lat' dir='ltr'><strong>etiam</strong></span> <span class='ocrx_word' id='word_1_347' title='bbox 1779 4171 1976 4235; x_wconf 91' lang='lat' dir='ltr'><strong>quem</strong></span> <span class='ocrx_word' id='word_1_348' title='bbox 2032 4148 2316 4234; x_wconf 85' lang='lat' dir='ltr'><strong>Pighius</strong></span> 
     </span>
     <span class='ocr_line' id='line_1_47' title="bbox 327 4238 1374 4325; baseline -0.01 -13"><span class='ocrx_word' id='word_1_349' title='bbox 327 4246 605 4321; x_wconf 85' lang='lat' dir='ltr'><strong>recitat,</strong></span> <span class='ocrx_word' id='word_1_350' title='bbox 651 4239 823 4325; x_wconf 93' lang='lat' dir='ltr'><strong>quod</strong></span> <span class='ocrx_word' id='word_1_351' title='bbox 867 4238 1031 4320; x_wconf 88' lang='lat' dir='ltr'><strong>dieo,</strong></span> <span class='ocrx_word' id='word_1_352' title='bbox 1073 4239 1374 4322; x_wconf 86' lang='lat' dir='ltr'><strong>reperiet.</strong></span> 
     </span>
    </p>

    <p class='ocr_par' dir='ltr' id='par_1_11' title="bbox 373 4321 2313 4579">
     <span class='ocr_line' id='line_1_48' title="bbox 518 4321 2312 4412; baseline -0.006 -17"><span class='ocrx_word' id='word_1_353' title='bbox 518 4328 756 4412; x_wconf 85' lang='lat' dir='ltr'><strong>Neque</strong></span> <span class='ocrx_word' id='word_1_354' title='bbox 825 4324 1006 4391; x_wconf 86' lang='lat' dir='ltr'><strong>aliud</strong></span> <span class='ocrx_word' id='word_1_355' title='bbox 1077 4322 1439 4408; x_wconf 88' lang='lat' dir='ltr'><strong>respondeo</strong></span> <span class='ocrx_word' id='word_1_356' title='bbox 1506 4321 1592 4389; x_wconf 89' lang='lat' dir='ltr'><strong>ad</strong></span> <span class='ocrx_word' id='word_1_357' title='bbox 1643 4321 1868 4389; x_wconf 91' lang='lat' dir='ltr'><strong>omnia</strong></span> <span class='ocrx_word' id='word_1_358' title='bbox 1920 4321 2312 4400; x_wconf 88' lang='lat' dir='ltr'><strong>testimonia,</strong></span> 
     </span>
     <span class='ocr_line' id='line_1_49' title="bbox 373 4406 2313 4483; baseline -0.005 0"><span class='ocrx_word' id='word_1_359' title='bbox 373 4436 519 4483; x_wconf 87' lang='lat' dir='ltr'><strong>uae</strong></span> <span class='ocrx_word' id='word_1_360' title='bbox 598 4436 684 4480; x_wconf 82' lang='lat' dir='ltr'><strong>ex</strong></span> <span class='ocrx_word' id='word_1_361' title='bbox 748 4411 1027 4478; x_wconf 89' lang='lat' dir='ltr'><strong>Irenaeo</strong></span> <span class='ocrx_word' id='word_1_362' title='bbox 1108 4409 1345 4476; x_wconf 90' lang='lat' dir='ltr'><strong>deinde</strong></span> <span class='ocrx_word' id='word_1_363' title='bbox 1420 4410 1661 4476; x_wconf 92' lang='lat' dir='ltr'><strong>obiicit.</strong></span> <span class='ocrx_word' id='word_1_364' title='bbox 1784 4408 2100 4474; x_wconf 89' lang='lat' dir='ltr'><strong>Irenaeus</strong></span> <span class='ocrx_word' id='word_1_365' title='bbox 2177 4406 2313 4473; x_wconf 92' lang='lat' dir='ltr'><strong>illic</strong></span> 
     </span>
     <span class='ocr_line' id='line_1_50' title="bbox 391 4494 2312 4579; baseline -0.006 -10"><span class='ocrx_word' id='word_1_366' title='bbox 391 4500 714 4579; x_wconf 87' lang='lat' dir='ltr'><strong>erdonis,</strong></span> <span class='ocrx_word' id='word_1_367' title='bbox 780 4497 1123 4563; x_wconf 82' lang='lat' dir='ltr'><strong>Valentini</strong></span> <span class='ocrx_word' id='word_1_368' title='bbox 1138 4548 1155 4576; x_wconf 93' lang='lat'><strong>,</strong></span> <span class='ocrx_word' id='word_1_369' title='bbox 1223 4496 1583 4563; x_wconf 86' lang='lat' dir='ltr'><strong>Marcionis</strong></span> <span class='ocrx_word' id='word_1_370' title='bbox 1599 4546 1615 4576; x_wconf 94' lang='lat'><strong>,</strong></span> <span class='ocrx_word' id='word_1_371' title='bbox 1687 4502 1755 4560; x_wconf 92' lang='lat' dir='ltr'><strong>et</strong></span> <span class='ocrx_word' id='word_1_372' title='bbox 1816 4494 2132 4560; x_wconf 90' lang='lat' dir='ltr'><strong>similium</strong></span> <span class='ocrx_word' id='word_1_373' title='bbox 2207 4515 2312 4558; x_wconf 88' lang='lat' dir='ltr'><strong>re-</strong></span> 
     </span>
    </p>

    <p class='ocr_par' dir='ltr' id='par_1_12' title="bbox 310 4578 2314 4924">
     <span class='ocr_line' id='line_1_51' title="bbox 318 4578 2314 4665; baseline -0.006 -9"><span class='ocrx_word' id='word_1_374' title='bbox 318 4586 647 4656; x_wconf 83' lang='lat' dir='ltr'><strong>fut-andis</strong></span> <span class='ocrx_word' id='word_1_375' title='bbox 710 4583 961 4649; x_wconf 76' lang='lat' dir='ltr'><strong>delitiis</strong></span> <span class='ocrx_word' id='word_1_376' title='bbox 1020 4580 1354 4649; x_wconf 90' lang='lat' dir='ltr'><strong>incumbit.</strong></span> <span class='ocrx_word' id='word_1_377' title='bbox 1459 4582 1573 4648; x_wconf 89' lang='lat' dir='ltr'><strong>Illi</strong></span> <span class='ocrx_word' id='word_1_378' title='bbox 1630 4601 1831 4665; x_wconf 92' lang='lat' dir='ltr'><strong>quum</strong></span> <span class='ocrx_word' id='word_1_379' title='bbox 1875 4580 2101 4663; x_wconf 89' lang='lat' dir='ltr'><strong>plures</strong></span> <span class='ocrx_word' id='word_1_380' title='bbox 2159 4578 2314 4644; x_wconf 88' lang='lat' dir='ltr'><strong>deos</strong></span> 
     </span>
     <span class='ocr_line' id='line_1_52' title="bbox 316 4672 2312 4749; baseline -0.007 -5"><span class='ocrx_word' id='word_1_381' title='bbox 316 4672 1039 4749; x_wconf 86' lang='lat' dir='ltr'><strong>comminiscerentur,</strong></span> <span class='ocrx_word' id='word_1_382' title='bbox 1123 4686 1417 4734; x_wconf 92' lang='lat' dir='ltr'><strong>errorem</strong></span> <span class='ocrx_word' id='word_1_383' title='bbox 1501 4689 1583 4733; x_wconf 80' lang='lat' dir='ltr'><strong>ex</strong></span> <span class='ocrx_word' id='word_1_384' title='bbox 1653 4689 1729 4733; x_wconf 90' lang='lat' dir='ltr'><strong>co</strong></span> <span class='ocrx_word' id='word_1_385' title='bbox 1795 4688 1989 4734; x_wconf 92' lang='lat' dir='ltr'><strong>suum</strong></span> <span class='ocrx_word' id='word_1_386' title='bbox 2057 4672 2312 4731; x_wconf 88' lang='lat' dir='ltr'><strong>astrue-</strong></span> 
     </span>
     <span class='ocr_line' id='line_1_53' title="bbox 310 4752 2312 4842; baseline -0.006 -13"><span class='ocrx_word' id='word_1_387' title='bbox 310 4762 504 4829; x_wconf 84' lang='lat' dir='ltr'><strong>bant</strong></span> <span class='ocrx_word' id='word_1_388' title='bbox 521 4812 542 4842; x_wconf 92' lang='lat'><strong>,</strong></span> <span class='ocrx_word' id='word_1_389' title='bbox 602 4755 778 4842; x_wconf 89' lang='lat' dir='ltr'><strong>quod</strong></span> <span class='ocrx_word' id='word_1_390' title='bbox 824 4756 1020 4821; x_wconf 87' lang='lat' dir='ltr'><strong>homo</strong></span> <span class='ocrx_word' id='word_1_391' title='bbox 1076 4753 1290 4819; x_wconf 89' lang='lat' dir='ltr'><strong>malus</strong></span> <span class='ocrx_word' id='word_1_392' title='bbox 1344 4763 1535 4821; x_wconf 90' lang='lat' dir='ltr'><strong>esset.</strong></span> <span class='ocrx_word' id='word_1_393' title='bbox 1630 4754 1783 4819; x_wconf 90' lang='lat' dir='ltr'><strong>Non</strong></span> <span class='ocrx_word' id='word_1_394' title='bbox 1839 4752 2133 4837; x_wconf 89' lang='lat' dir='ltr'><strong>potuisse</strong></span> <span class='ocrx_word' id='word_1_395' title='bbox 2195 4773 2312 4816; x_wconf 88' lang='lat' dir='ltr'><strong>au-</strong></span> 
     </span>
     <span class='ocr_line' id='line_1_54' title="bbox 311 4839 2310 4924; baseline -0.006 -10"><span class='ocrx_word' id='word_1_396' title='bbox 311 4855 470 4915; x_wconf 85' lang='lat' dir='ltr'><strong>tem</strong></span> <span class='ocrx_word' id='word_1_397' title='bbox 537 4843 792 4911; x_wconf 89' lang='lat' dir='ltr'><strong>malum</strong></span> <span class='ocrx_word' id='word_1_398' title='bbox 843 4840 1051 4908; x_wconf 89' lang='lat' dir='ltr'><strong>creari</strong></span> <span class='ocrx_word' id='word_1_399' title='bbox 1098 4862 1138 4905; x_wconf 91' lang='lat' dir='ltr'><strong>a</strong></span> <span class='ocrx_word' id='word_1_400' title='bbox 1196 4841 1341 4906; x_wconf 93' lang='lat' dir='ltr'><strong>Deo</strong></span> <span class='ocrx_word' id='word_1_401' title='bbox 1395 4839 1584 4906; x_wconf 89' lang='lat' dir='ltr'><strong>bono.</strong></span> <span class='ocrx_word' id='word_1_402' title='bbox 1682 4840 1852 4906; x_wconf 83' lang='lat' dir='ltr'><strong>Esse</strong></span> <span class='ocrx_word' id='word_1_403' title='bbox 1916 4839 2120 4924; x_wconf 80' lang='lat' dir='ltr'><strong>igitur</strong></span> <span class='ocrx_word' id='word_1_404' title='bbox 2172 4859 2310 4903; x_wconf 93' lang='lat' dir='ltr'><strong>ma·</strong></span> 
     </span>
    </p>
   </div>
   <div class='ocr_carea' id='block_1_9' title="bbox 567 5046 762 5056">
    <p class='ocr_par' dir='ltr' id='par_1_13' title="bbox 567 5046 762 5056">
     <span class='ocr_line' id='line_1_55' title="bbox 567 5046 762 5056; baseline 0 0"><span class='ocrx_word' id='word_1_405' title='bbox 567 5046 762 5056; x_wconf 95' lang='lat' dir='ltr'><strong> </strong></span> 
     </span>
    </p>
   </div>
   <div class='ocr_carea' id='block_1_10' title="bbox 312 5050 562 5061">
    <p class='ocr_par' dir='ltr' id='par_1_14' title="bbox 312 5050 562 5061">
     <span class='ocr_line' id='line_1_56' title="bbox 312 5050 562 5061; baseline 0 1118"><span class='ocrx_word' id='word_1_406' title='bbox 312 5050 562 5061; x_wconf 95' lang='lat' dir='ltr'><strong> </strong></span> 
     </span>
    </p>
   </div>
   <div class='ocr_carea' id='block_1_11' title="bbox 297 5165 2315 5455">
    <p class='ocr_par' dir='ltr' id='par_1_15' title="bbox 467 5165 1997 5237">
     <span class='ocr_line' id='line_1_57' title="bbox 467 5165 1997 5237; baseline -0.005 -12"><span class='ocrx_word' id='word_1_407' title='bbox 467 5171 538 5234; x_wconf 81' lang='lat'><strong>1)</strong></span> <span class='ocrx_word' id='word_1_408' title='bbox 583 5170 715 5223; x_wconf 86' lang='lat' dir='ltr'><strong>vitio</strong></span> <span class='ocrx_word' id='word_1_409' title='bbox 752 5170 950 5222; x_wconf 73' lang='lat' dir='ltr'><strong>omittit</strong></span> <span class='ocrx_word' id='word_1_410' title='bbox 973 5169 1239 5237; x_wconf 73' lang='lat' dir='ltr'><strong>princeps</strong></span> <span class='ocrx_word' id='word_1_411' title='bbox 1276 5165 1534 5231; x_wconf 71' lang='lat' dir='ltr'><strong>(Gallus.-</strong></span> <span class='ocrx_word' id='word_1_412' title='bbox 1567 5179 1670 5235; x_wconf 78' lang='lat' dir='ltr'><strong>par</strong></span> <span class='ocrx_word' id='word_1_413' title='bbox 1704 5180 1767 5220; x_wconf 82' lang='lat' dir='ltr'><strong>sa</strong></span> <span class='ocrx_word' id='word_1_414' title='bbox 1801 5165 1997 5230; x_wconf 84' lang='lat' dir='ltr'><strong>faute).</strong></span> 
     </span>
    </p>

    <p class='ocr_par' dir='ltr' id='par_1_16' title="bbox 465 5234 2172 5309">
     <span class='ocr_line' id='line_1_58' title="bbox 465 5234 2172 5309; baseline -0.004 -15"><span class='ocrx_word' id='word_1_415' title='bbox 465 5240 539 5309; x_wconf 82' lang='lat'><strong>2)</strong></span> <span class='ocrx_word' id='word_1_416' title='bbox 589 5237 875 5293; x_wconf 69' lang='lat' dir='ltr'><strong>Gallasius</strong></span> <span class='ocrx_word' id='word_1_417' title='bbox 910 5243 960 5291; x_wconf 77' lang='lat' dir='ltr'><strong>et</strong></span> <span class='ocrx_word' id='word_1_418' title='bbox 993 5236 1147 5291; x_wconf 70' lang='lat' dir='ltr'><strong>Bam</strong></span> <span class='ocrx_word' id='word_1_419' title='bbox 1181 5252 1303 5292; x_wconf 79' lang='lat' dir='ltr'><strong>eum</strong></span> <span class='ocrx_word' id='word_1_420' title='bbox 1339 5234 1861 5290; x_wconf 73' lang='lat' dir='ltr'><strong>Amstelodamemi:</strong></span> <span class='ocrx_word' id='word_1_421' title='bbox 1898 5235 2027 5290; x_wconf 87' lang='lat' dir='ltr'><strong>abre</strong></span> <span class='ocrx_word' id='word_1_422' title='bbox 2069 5241 2172 5290; x_wconf 84' lang='lat' dir='ltr'><strong>tas.</strong></span> 
     </span>
    </p>

    <p class='ocr_par' dir='ltr' id='par_1_17' title="bbox 297 5302 2315 5455">
     <span class='ocr_line' id='line_1_59' title="bbox 461 5302 2315 5375; baseline -0.002 -12"><span class='ocrx_word' id='word_1_423' title='bbox 461 5309 537 5370; x_wconf 72' lang='lat'><strong>3)</strong></span> <span class='ocrx_word' id='word_1_424' title='bbox 587 5307 906 5362; x_wconf 63' lang='lat' dir='ltr'><strong>Monimou-is</strong></span> <span class='ocrx_word' id='word_1_425' title='bbox 948 5306 1050 5361; x_wconf 65' lang='lat' dir='ltr'><strong>hoc</strong></span> <span class='ocrx_word' id='word_1_426' title='bbox 1094 5306 1162 5361; x_wconf 78' lang='lat' dir='ltr'><strong>de</strong></span> <span class='ocrx_word' id='word_1_427' title='bbox 1212 5305 1703 5375; x_wconf 69' lang='lat' dir='ltr'><strong>Recoqnitiom‘bus</strong></span> <span class='ocrx_word' id='word_1_428' title='bbox 1748 5302 1876 5359; x_wconf 74' lang='lat' dir='ltr'><strong>dici.</strong></span> <span class='ocrx_word' id='word_1_429' title='bbox 1959 5305 2028 5359; x_wconf 84' lang='lat' dir='ltr'><strong>V·</strong></span> <span class='ocrx_word' id='word_1_430' title='bbox 2140 5318 2315 5373; x_wconf 71' lang='lat' dir='ltr'><strong>supra</strong></span> 
     </span>
     <span class='ocr_line' id='line_1_60' title="bbox 297 5374 1317 5455; baseline -0.005 -19"><span class='ocrx_word' id='word_1_431' title='bbox 297 5398 446 5455; x_wconf 72' lang='lat' dir='ltr'><strong>paq.</strong></span> <span class='ocrx_word' id='word_1_432' title='bbox 486 5376 574 5433; x_wconf 80' lang='lat'><strong>39</strong></span> <span class='ocrx_word' id='word_1_433' title='bbox 609 5379 763 5448; x_wconf 73' lang='lat' dir='ltr'><strong>(paq.</strong></span> <span class='ocrx_word' id='word_1_434' title='bbox 798 5374 902 5431; x_wconf 79' lang='lat'><strong>261</strong></span> <span class='ocrx_word' id='word_1_435' title='bbox 937 5375 1019 5431; x_wconf 79' lang='lat' dir='ltr'><strong>ed.</strong></span> <span class='ocrx_word' id='word_1_436' title='bbox 1052 5378 1317 5443; x_wconf 71' lang='lat' dir='ltr'><strong>nostrae).</strong></span> 
     </span>
    </p>
   </div>
   <div class='ocr_carea' id='block_1_12' title="bbox 2415 880 4389 5447">
    <p class='ocr_par' dir='ltr' id='par_1_18' title="bbox 2418 880 4389 4385">
     <span class='ocr_line' id='line_1_61' title="bbox 2432 880 4387 974; baseline 0.007 -25"><span class='ocrx_word' id='word_1_437' title='bbox 2432 880 2787 963; x_wconf 71' lang='lat' dir='ltr'><strong>creatione,</strong></span> <span class='ocrx_word' id='word_1_438' title='bbox 2843 885 2960 952; x_wconf 89' lang='lat' dir='ltr'><strong>sed</strong></span> <span class='ocrx_word' id='word_1_439' title='bbox 3001 887 3193 953; x_wconf 90' lang='lat' dir='ltr'><strong>liberi</strong></span> <span class='ocrx_word' id='word_1_440' title='bbox 3250 889 3507 953; x_wconf 85' lang='lat' dir='ltr'><strong>arbitrii</strong></span> <span class='ocrx_word' id='word_1_441' title='bbox 3564 889 3766 956; x_wconf 88' lang='lat' dir='ltr'><strong>fuisse</strong></span> <span class='ocrx_word' id='word_1_442' title='bbox 3822 891 4186 974; x_wconf 88' lang='lat' dir='ltr'><strong>conditum,</strong></span> <span class='ocrx_word' id='word_1_443' title='bbox 4245 895 4387 963; x_wconf 87' lang='lat' dir='ltr'><strong>ani-</strong></span> 
     </span>
     <span class='ocr_line' id='line_1_62' title="bbox 2429 972 4387 1061; baseline 0.005 -26"><span class='ocrx_word' id='word_1_444' title='bbox 2429 991 2737 1054; x_wconf 90' lang='lat' dir='ltr'><strong>mamque</strong></span> <span class='ocrx_word' id='word_1_445' title='bbox 2802 974 3126 1056; x_wconf 90' lang='lat' dir='ltr'><strong>accepisse</strong></span> <span class='ocrx_word' id='word_1_446' title='bbox 3183 972 3336 1039; x_wconf 91' lang='lat' dir='ltr'><strong>boni</strong></span> <span class='ocrx_word' id='word_1_447' title='bbox 3387 982 3453 1039; x_wconf 90' lang='lat' dir='ltr'><strong>et</strong></span> <span class='ocrx_word' id='word_1_448' title='bbox 3517 974 3677 1040; x_wconf 88' lang='lat' dir='ltr'><strong>mali</strong></span> <span class='ocrx_word' id='word_1_449' title='bbox 3733 997 4057 1060; x_wconf 85' lang='lat' dir='ltr'><strong>capacem.</strong></span> <span class='ocrx_word' id='word_1_450' title='bbox 4160 977 4387 1061; x_wconf 77' lang='lat' dir='ltr'><strong>Quum</strong></span> 
     </span>
     <span class='ocr_line' id='line_1_63' title="bbox 2433 1056 4387 1149; baseline 0.005 -28"><span class='ocrx_word' id='word_1_451' title='bbox 2433 1056 2516 1122; x_wconf 92' lang='lat' dir='ltr'><strong>de</strong></span> <span class='ocrx_word' id='word_1_452' title='bbox 2581 1058 2797 1140; x_wconf 91' lang='lat' dir='ltr'><strong>primo</strong></span> <span class='ocrx_word' id='word_1_453' title='bbox 2851 1058 3140 1125; x_wconf 88' lang='lat' dir='ltr'><strong>hominis</strong></span> <span class='ocrx_word' id='word_1_454' title='bbox 3203 1067 3379 1125; x_wconf 87' lang='lat' dir='ltr'><strong>statu</strong></span> <span class='ocrx_word' id='word_1_455' title='bbox 3442 1082 3594 1126; x_wconf 92' lang='lat' dir='ltr'><strong>eum</strong></span> <span class='ocrx_word' id='word_1_456' title='bbox 3659 1083 3855 1146; x_wconf 89' lang='lat' dir='ltr'><strong>agere</strong></span> <span class='ocrx_word' id='word_1_457' title='bbox 3909 1072 4190 1143; x_wconf 88' lang='lat' dir='ltr'><strong>constet,</strong></span> <span class='ocrx_word' id='word_1_458' title='bbox 4259 1087 4387 1149; x_wconf 92' lang='lat' dir='ltr'><strong>quo</strong></span> 
     </span>
     <span class='ocr_line' id='line_1_64' title="bbox 2434 1144 4387 1244; baseline 0.006 -38"><span class='ocrx_word' id='word_1_459' title='bbox 2434 1150 2727 1226; x_wconf 90' lang='lat' dir='ltr'><strong>tempore</strong></span> <span class='ocrx_word' id='word_1_460' title='bbox 2781 1144 3043 1244; x_wconf 77' lang='lat' dir='ltr'><strong>integer</strong></span> <span class='ocrx_word' id='word_1_461' title='bbox 3102 1144 3320 1211; x_wconf 88' lang='lat' dir='ltr'><strong>adhuc</strong></span> <span class='ocrx_word' id='word_1_462' title='bbox 3365 1153 3505 1211; x_wconf 86' lang='lat' dir='ltr'><strong>erat</strong></span> <span class='ocrx_word' id='word_1_463' title='bbox 3521 1198 3537 1225; x_wconf 91' lang='lat'>‚</span> <span class='ocrx_word' id='word_1_464' title='bbox 3592 1156 3660 1212; x_wconf 90' lang='lat' dir='ltr'><strong>et</strong></span> <span class='ocrx_word' id='word_1_465' title='bbox 3702 1148 3832 1214; x_wconf 95' lang='lat' dir='ltr'><strong>Dei</strong></span> <span class='ocrx_word' id='word_1_466' title='bbox 3888 1149 4387 1217; x_wconf 89' lang='lat' dir='ltr'><strong>similitudinem</strong></span> 
     </span>
     <span class='ocr_line' id='line_1_65' title="bbox 2431 1228 4387 1317; baseline 0.005 -25"><span class='ocrx_word' id='word_1_467' title='bbox 2431 1228 2787 1308; x_wconf 89' lang='lat' dir='ltr'><strong>retinebat,</strong></span> <span class='ocrx_word' id='word_1_468' title='bbox 2843 1228 2998 1313; x_wconf 78' lang='lat' dir='ltr'><strong>quid</strong></span> <span class='ocrx_word' id='word_1_469' title='bbox 3039 1230 3163 1296; x_wconf 93' lang='lat' dir='ltr'><strong>hoc</strong></span> <span class='ocrx_word' id='word_1_470' title='bbox 3206 1231 3556 1298; x_wconf 84' lang='lat' dir='ltr'><strong>adversum</strong></span> <span class='ocrx_word' id='word_1_471' title='bbox 3596 1254 3716 1299; x_wconf 90' lang='lat' dir='ltr'><strong>nos</strong></span> <span class='ocrx_word' id='word_1_472' title='bbox 3733 1286 3749 1313; x_wconf 96' lang='lat'><strong>,</strong></span> <span class='ocrx_word' id='word_1_473' title='bbox 3796 1235 3906 1317; x_wconf 93' lang='lat' dir='ltr'><strong>qui</strong></span> <span class='ocrx_word' id='word_1_474' title='bbox 3949 1234 4201 1300; x_wconf 88' lang='lat' dir='ltr'><strong>arbitrii</strong></span> <span class='ocrx_word' id='word_1_475' title='bbox 4248 1257 4387 1302; x_wconf 90' lang='lat' dir='ltr'><strong>ser-</strong></span> 
     </span>
     <span class='ocr_line' id='line_1_66' title="bbox 2433 1316 4387 1406; baseline 0.005 -27"><span class='ocrx_word' id='word_1_476' title='bbox 2433 1316 2718 1380; x_wconf 86' lang='lat' dir='ltr'><strong>vitutem</strong></span> <span class='ocrx_word' id='word_1_477' title='bbox 2763 1337 2896 1381; x_wconf 87' lang='lat' dir='ltr'><strong>non</strong></span> <span class='ocrx_word' id='word_1_478' title='bbox 2940 1316 3071 1382; x_wconf 89' lang='lat' dir='ltr'><strong>nisi</strong></span> <span class='ocrx_word' id='word_1_479' title='bbox 3120 1317 3191 1381; x_wconf 93' lang='lat' dir='ltr'><strong>in</strong></span> <span class='ocrx_word' id='word_1_480' title='bbox 3236 1324 3513 1384; x_wconf 88' lang='lat' dir='ltr'><strong>naturae</strong></span> <span class='ocrx_word' id='word_1_481' title='bbox 3571 1322 3990 1403; x_wconf 87' lang='lat' dir='ltr'><strong>corruptione</strong></span> <span class='ocrx_word' id='word_1_482' title='bbox 4034 1342 4110 1387; x_wconf 90' lang='lat' dir='ltr'><strong>ac</strong></span> <span class='ocrx_word' id='word_1_483' title='bbox 4154 1320 4387 1406; x_wconf 86' lang='lat' dir='ltr'><strong>depra-</strong></span> 
     </span>
     <span class='ocr_line' id='line_1_67' title="bbox 2428 1400 4385 1489; baseline 0.004 -24"><span class='ocrx_word' id='word_1_484' title='bbox 2428 1400 2695 1466; x_wconf 82' lang='lat' dir='ltr'><strong>vatione</strong></span> <span class='ocrx_word' id='word_1_485' title='bbox 2737 1401 3236 1468; x_wconf 74' lang='lat' dir='ltr'><strong>constituimus?</strong></span> <span class='ocrx_word' id='word_1_486' title='bbox 3325 1404 3509 1469; x_wconf 91' lang='lat' dir='ltr'><strong>Dicit</strong></span> <span class='ocrx_word' id='word_1_487' title='bbox 3552 1405 3831 1488; x_wconf 87' lang='lat' dir='ltr'><strong>quodam</strong></span> <span class='ocrx_word' id='word_1_488' title='bbox 3868 1406 4009 1472; x_wconf 94' lang='lat' dir='ltr'><strong>loco</strong></span> <span class='ocrx_word' id='word_1_489' title='bbox 4052 1406 4385 1489; x_wconf 88' lang='lat' dir='ltr'><strong>Irenaeus,</strong></span> 
     </span>
     <span class='ocr_line' id='line_1_68' title="bbox 2429 1486 4389 1575; baseline 0.005 -25"><span class='ocrx_word' id='word_1_490' title='bbox 2429 1486 2607 1551; x_wconf 90' lang='lat' dir='ltr'><strong>inter</strong></span> <span class='ocrx_word' id='word_1_491' title='bbox 2663 1486 2822 1552; x_wconf 87' lang='lat' dir='ltr'><strong>alia:</strong></span> <span class='ocrx_word' id='word_1_492' title='bbox 2867 1487 3311 1554; x_wconf 85' lang='lat' dir='ltr'><strong>Frumentum</strong></span> <span class='ocrx_word' id='word_1_493' title='bbox 3365 1489 3628 1573; x_wconf 91' lang='lat' dir='ltr'><strong>quidem</strong></span> <span class='ocrx_word' id='word_1_494' title='bbox 3686 1500 3756 1557; x_wconf 91' lang='lat' dir='ltr'><strong>et</strong></span> <span class='ocrx_word' id='word_1_495' title='bbox 3796 1492 4018 1575; x_wconf 86' lang='lat' dir='ltr'><strong>paleas</strong></span> <span class='ocrx_word' id='word_1_496' title='bbox 4067 1494 4389 1559; x_wconf 87' lang='lat' dir='ltr'><strong>naturali-</strong></span> 
     </span>
     <span class='ocr_line' id='line_1_69' title="bbox 2431 1573 4386 1657; baseline 0.005 -21"><span class='ocrx_word' id='word_1_497' title='bbox 2431 1579 2534 1636; x_wconf 90' lang='lat' dir='ltr'><strong>ter</strong></span> <span class='ocrx_word' id='word_1_498' title='bbox 2592 1573 2765 1638; x_wconf 86' lang='lat' dir='ltr'><strong>facta</strong></span> <span class='ocrx_word' id='word_1_499' title='bbox 2820 1593 2989 1639; x_wconf 90' lang='lat' dir='ltr'><strong>esse:</strong></span> <span class='ocrx_word' id='word_1_500' title='bbox 3051 1574 3388 1640; x_wconf 90' lang='lat' dir='ltr'><strong>hominem</strong></span> <span class='ocrx_word' id='word_1_501' title='bbox 3430 1597 3590 1642; x_wconf 92' lang='lat' dir='ltr'><strong>vero</strong></span> <span class='ocrx_word' id='word_1_502' title='bbox 3632 1578 4117 1657; x_wconf 85' lang='lat' dir='ltr'><strong>rationabilem,</strong></span> <span class='ocrx_word' id='word_1_503' title='bbox 4174 1586 4242 1644; x_wconf 91' lang='lat' dir='ltr'><strong>et</strong></span> <span class='ocrx_word' id='word_1_504' title='bbox 4285 1601 4386 1645; x_wconf 86' lang='lat' dir='ltr'><strong>se-</strong></span> 
     </span>
     <span class='ocr_line' id='line_1_70' title="bbox 2429 1657 4385 1746; baseline 0.004 -24"><span class='ocrx_word' id='word_1_505' title='bbox 2429 1657 2718 1723; x_wconf 90' lang='lat' dir='ltr'><strong>cundum</strong></span> <span class='ocrx_word' id='word_1_506' title='bbox 2778 1658 2901 1725; x_wconf 91' lang='lat' dir='ltr'><strong>hoc</strong></span> <span class='ocrx_word' id='word_1_507' title='bbox 2954 1660 3239 1726; x_wconf 91' lang='lat' dir='ltr'><strong>similem</strong></span> <span class='ocrx_word' id='word_1_508' title='bbox 3281 1662 3425 1727; x_wconf 93' lang='lat' dir='ltr'><strong>Deo</strong></span> <span class='ocrx_word' id='word_1_509' title='bbox 3441 1713 3456 1739; x_wconf 93' lang='lat'><strong>,</strong></span> <span class='ocrx_word' id='word_1_510' title='bbox 3515 1683 3718 1746; x_wconf 89' lang='lat' dir='ltr'><strong>quum</strong></span> <span class='ocrx_word' id='word_1_511' title='bbox 3770 1663 3938 1730; x_wconf 90' lang='lat' dir='ltr'><strong>liber</strong></span> <span class='ocrx_word' id='word_1_512' title='bbox 3979 1663 4053 1728; x_wconf 93' lang='lat' dir='ltr'><strong>in</strong></span> <span class='ocrx_word' id='word_1_513' title='bbox 4097 1666 4385 1746; x_wconf 87' lang='lat' dir='ltr'><strong>arbitrio,</strong></span> 
     </span>
     <span class='ocr_line' id='line_1_71' title="bbox 2429 1747 4387 1831; baseline 0.004 -23"><span class='ocrx_word' id='word_1_514' title='bbox 2429 1750 2498 1808; x_wconf 90' lang='lat' dir='ltr'><strong>et</strong></span> <span class='ocrx_word' id='word_1_515' title='bbox 2541 1764 2697 1809; x_wconf 89' lang='lat' dir='ltr'><strong>suae</strong></span> <span class='ocrx_word' id='word_1_516' title='bbox 2739 1748 3085 1827; x_wconf 87' lang='lat' dir='ltr'><strong>potestatis</strong></span> <span class='ocrx_word' id='word_1_517' title='bbox 3126 1748 3339 1812; x_wconf 87' lang='lat' dir='ltr'><strong>factus</strong></span> <span class='ocrx_word' id='word_1_518' title='bbox 3386 1747 3616 1828; x_wconf 86' lang='lat' dir='ltr'><strong>fuerit,</strong></span> <span class='ocrx_word' id='word_1_519' title='bbox 3674 1749 3892 1831; x_wconf 88' lang='lat' dir='ltr'><strong>ipsum</strong></span> <span class='ocrx_word' id='word_1_520' title='bbox 3950 1749 4075 1816; x_wconf 91' lang='lat' dir='ltr'><strong>sibi</strong></span> <span class='ocrx_word' id='word_1_521' title='bbox 4119 1771 4387 1817; x_wconf 89' lang='lat' dir='ltr'><strong>causam</strong></span> 
     </span>
     <span class='ocr_line' id='line_1_72' title="bbox 2426 1829 4383 1919; baseline 0.004 -24"><span class='ocrx_word' id='word_1_522' title='bbox 2426 1849 2589 1908; x_wconf 90' lang='lat' dir='ltr'><strong>esse,</strong></span> <span class='ocrx_word' id='word_1_523' title='bbox 2635 1836 2709 1894; x_wconf 92' lang='lat' dir='ltr'><strong>ut</strong></span> <span class='ocrx_word' id='word_1_524' title='bbox 2752 1829 3100 1914; x_wconf 89' lang='lat' dir='ltr'><strong>aliquando</strong></span> <span class='ocrx_word' id='word_1_525' title='bbox 3140 1832 3566 1914; x_wconf 86' lang='lat' dir='ltr'><strong>frumentum,</strong></span> <span class='ocrx_word' id='word_1_526' title='bbox 3610 1834 3961 1918; x_wconf 90' lang='lat' dir='ltr'><strong>aliquando</strong></span> <span class='ocrx_word' id='word_1_527' title='bbox 4004 1844 4224 1902; x_wconf 90' lang='lat' dir='ltr'><strong>autem</strong></span> <span class='ocrx_word' id='word_1_528' title='bbox 4265 1857 4383 1919; x_wconf 90' lang='lat' dir='ltr'><strong>pa-</strong></span> 
     </span>
     <span class='ocr_line' id='line_1_73' title="bbox 2425 1913 4380 2003; baseline 0.005 -25"><span class='ocrx_word' id='word_1_529' title='bbox 2425 1914 2532 1980; x_wconf 89' lang='lat' dir='ltr'><strong>lea</strong></span> <span class='ocrx_word' id='word_1_530' title='bbox 2572 1916 2708 1980; x_wconf 87' lang='lat' dir='ltr'><strong>fiat.</strong></span> <span class='ocrx_word' id='word_1_531' title='bbox 2797 1913 2947 1997; x_wconf 77' lang='lat' dir='ltr'><strong>Qua</strong></span> <span class='ocrx_word' id='word_1_532' title='bbox 2992 1925 3244 2001; x_wconf 87' lang='lat' dir='ltr'><strong>ropter,</strong></span> <span class='ocrx_word' id='word_1_533' title='bbox 3288 1919 3534 2003; x_wconf 90' lang='lat' dir='ltr'><strong>inquit,</strong></span> <span class='ocrx_word' id='word_1_534' title='bbox 3590 1921 3762 1986; x_wconf 89' lang='lat' dir='ltr'><strong>iuste</strong></span> <span class='ocrx_word' id='word_1_535' title='bbox 3807 1920 4380 1987; x_wconf 87' lang='lat' dir='ltr'><strong>condemnabitur:</strong></span> 
     </span>
     <span class='ocr_line' id='line_1_74' title="bbox 2425 1938 4385 2085; baseline 0.005 -21"><span class='ocrx_word' id='word_1_536' title='bbox 2425 2001 2581 2083; x_wconf 87' lang='lat' dir='ltr'><strong>quia</strong></span> <span class='ocrx_word' id='word_1_537' title='bbox 2622 1938 3029 2068; x_wconf 63' lang='lat' dir='ltr'><strong>rationabilis</strong></span> <span class='ocrx_word' id='word_1_538' title='bbox 3071 2004 3316 2083; x_wconf 84' lang='lat' dir='ltr'><strong>factus,</strong></span> <span class='ocrx_word' id='word_1_539' title='bbox 3375 2006 3601 2070; x_wconf 89' lang='lat' dir='ltr'><strong>amisit</strong></span> <span class='ocrx_word' id='word_1_540' title='bbox 3642 2028 3867 2072; x_wconf 88' lang='lat' dir='ltr'><strong>veram</strong></span> <span class='ocrx_word' id='word_1_541' title='bbox 3907 2009 4260 2085; x_wconf 85' lang='lat' dir='ltr'><strong>rationem,</strong></span> <span class='ocrx_word' id='word_1_542' title='bbox 4318 2014 4385 2073; x_wconf 90' lang='lat' dir='ltr'><strong>et</strong></span> 
     </span>
     <span class='ocr_line' id='line_1_75' title="bbox 2427 2086 4382 2174; baseline 0.004 -24"><span class='ocrx_word' id='word_1_543' title='bbox 2427 2086 2901 2153; x_wconf 85' lang='lat' dir='ltr'><strong>irrationaliter</strong></span> <span class='ocrx_word' id='word_1_544' title='bbox 2962 2089 3223 2167; x_wconf 85' lang='lat' dir='ltr'><strong>vivens,</strong></span> <span class='ocrx_word' id='word_1_545' title='bbox 3270 2088 3658 2157; x_wconf 85' lang='lat' dir='ltr'><strong>adversatus</strong></span> <span class='ocrx_word' id='word_1_546' title='bbox 3710 2101 3815 2158; x_wconf 86' lang='lat' dir='ltr'><strong>est</strong></span> <span class='ocrx_word' id='word_1_547' title='bbox 3869 2094 4160 2159; x_wconf 89' lang='lat' dir='ltr'><strong>iustitiae</strong></span> <span class='ocrx_word' id='word_1_548' title='bbox 4229 2098 4382 2174; x_wconf 79' lang='lat' dir='ltr'><strong>[pag.</strong></span> 
     </span>
     <span class='ocr_line' id='line_1_76' title="bbox 2428 2170 4385 2259; baseline 0.004 -23"><span class='ocrx_word' id='word_1_549' title='bbox 2428 2175 2541 2251; x_wconf 83' lang='grc'><strong>69]</strong></span> <span class='ocrx_word' id='word_1_550' title='bbox 2578 2170 2728 2251; x_wconf 92' lang='lat' dir='ltr'><strong>Dei,</strong></span> <span class='ocrx_word' id='word_1_551' title='bbox 2773 2172 3042 2240; x_wconf 88' lang='lat' dir='ltr'><strong>tradens</strong></span> <span class='ocrx_word' id='word_1_552' title='bbox 3086 2195 3156 2239; x_wconf 90' lang='lat' dir='ltr'><strong>se</strong></span> <span class='ocrx_word' id='word_1_553' title='bbox 3186 2183 3449 2240; x_wconf 88' lang='lat' dir='ltr'><strong>terreno</strong></span> <span class='ocrx_word' id='word_1_554' title='bbox 3484 2177 3765 2259; x_wconf 91' lang='lat' dir='ltr'><strong>spiritui,</strong></span> <span class='ocrx_word' id='word_1_555' title='bbox 3810 2186 3877 2242; x_wconf 93' lang='lat' dir='ltr'><strong>et</strong></span> <span class='ocrx_word' id='word_1_556' title='bbox 3910 2179 4212 2244; x_wconf 91' lang='lat' dir='ltr'><strong>omnibus</strong></span> <span class='ocrx_word' id='word_1_557' title='bbox 4248 2200 4385 2244; x_wconf 88' lang='lat' dir='ltr'><strong>ser-</strong></span> 
     </span>
     <span class='ocr_line' id='line_1_77' title="bbox 2426 2257 4381 2347; baseline 0.004 -26"><span class='ocrx_word' id='word_1_558' title='bbox 2426 2257 2619 2322; x_wconf 90' lang='lat' dir='ltr'><strong>viens</strong></span> <span class='ocrx_word' id='word_1_559' title='bbox 2683 2258 3163 2343; x_wconf 84' lang='lat' dir='ltr'><strong>voluptatibus:</strong></span> <span class='ocrx_word' id='word_1_560' title='bbox 3244 2260 3793 2343; x_wconf 87' lang='lat' dir='ltr'><strong>quemadmodum</strong></span> <span class='ocrx_word' id='word_1_561' title='bbox 3863 2266 3957 2327; x_wconf 86' lang='lat' dir='ltr'><strong>ait</strong></span> <span class='ocrx_word' id='word_1_562' title='bbox 4027 2265 4381 2347; x_wconf 87' lang='lat' dir='ltr'><strong>propheta:</strong></span> 
     </span>
     <span class='ocr_line' id='line_1_78' title="bbox 2426 2343 4383 2429; baseline 0.004 -22"><span class='ocrx_word' id='word_1_563' title='bbox 2426 2343 2666 2423; x_wconf 87' lang='lat' dir='ltr'><strong>Home,</strong></span> <span class='ocrx_word' id='word_1_564' title='bbox 2711 2365 2918 2427; x_wconf 89' lang='lat' dir='ltr'><strong>quum</strong></span> <span class='ocrx_word' id='word_1_565' title='bbox 2962 2347 3031 2410; x_wconf 88' lang='lat' dir='ltr'><strong>in</strong></span> <span class='ocrx_word' id='word_1_566' title='bbox 3076 2345 3326 2411; x_wconf 90' lang='lat' dir='ltr'><strong>honore</strong></span> <span class='ocrx_word' id='word_1_567' title='bbox 3370 2354 3560 2423; x_wconf 86' lang='lat' dir='ltr'><strong>esset,</strong></span> <span class='ocrx_word' id='word_1_568' title='bbox 3608 2368 3740 2412; x_wconf 93' lang='lat' dir='ltr'><strong>non</strong></span> <span class='ocrx_word' id='word_1_569' title='bbox 3783 2347 4116 2413; x_wconf 89' lang='lat' dir='ltr'><strong>intellexit</strong></span> <span class='ocrx_word' id='word_1_570' title='bbox 4126 2372 4144 2429; x_wconf 82' lang='lat'><em>3</em></span> <span class='ocrx_word' id='word_1_571' title='bbox 4206 2369 4383 2414; x_wconf 89' lang='lat' dir='ltr'><strong>com-</strong></span> 
     </span>
     <span class='ocr_line' id='line_1_79' title="bbox 2423 2430 4386 2512; baseline 0.004 -18"><span class='ocrx_word' id='word_1_572' title='bbox 2423 2438 2696 2512; x_wconf 90' lang='lat' dir='ltr'><strong>paratus</strong></span> <span class='ocrx_word' id='word_1_573' title='bbox 2739 2438 2841 2496; x_wconf 91' lang='lat' dir='ltr'><strong>est</strong></span> <span class='ocrx_word' id='word_1_574' title='bbox 2870 2430 3202 2512; x_wconf 90' lang='lat' dir='ltr'><strong>iumentis,</strong></span> <span class='ocrx_word' id='word_1_575' title='bbox 3247 2442 3314 2497; x_wconf 91' lang='lat' dir='ltr'><strong>et</strong></span> <span class='ocrx_word' id='word_1_576' title='bbox 3354 2432 3587 2497; x_wconf 91' lang='lat' dir='ltr'><strong>similis</strong></span> <span class='ocrx_word' id='word_1_577' title='bbox 3623 2433 3831 2498; x_wconf 86' lang='lat' dir='ltr'><strong>factus</strong></span> <span class='ocrx_word' id='word_1_578' title='bbox 3873 2443 3976 2499; x_wconf 91' lang='lat' dir='ltr'><strong>est</strong></span> <span class='ocrx_word' id='word_1_579' title='bbox 4016 2433 4164 2500; x_wconf 90' lang='lat' dir='ltr'><strong>illis.</strong></span> <span class='ocrx_word' id='word_1_580' title='bbox 4236 2435 4386 2501; x_wconf 91' lang='lat' dir='ltr'><strong>Hoc</strong></span> 
     </span>
     <span class='ocr_line' id='line_1_80' title="bbox 2427 2514 4385 2602; baseline 0.004 -24"><span class='ocrx_word' id='word_1_581' title='bbox 2427 2535 2549 2579; x_wconf 89' lang='lat' dir='ltr'><strong>nos</strong></span> <span class='ocrx_word' id='word_1_582' title='bbox 2602 2514 2882 2581; x_wconf 90' lang='lat' dir='ltr'><strong>dicimus</strong></span> <span class='ocrx_word' id='word_1_583' title='bbox 2949 2518 3146 2600; x_wconf 88' lang='lat' dir='ltr'><strong>primi</strong></span> <span class='ocrx_word' id='word_1_584' title='bbox 3212 2518 3507 2600; x_wconf 83' lang='lat' dir='ltr'><strong>parentis</strong></span> <span class='ocrx_word' id='word_1_585' title='bbox 3574 2518 3760 2602; x_wconf 90' lang='lat' dir='ltr'><strong>lapsu</strong></span> <span class='ocrx_word' id='word_1_586' title='bbox 3821 2520 4127 2586; x_wconf 90' lang='lat' dir='ltr'><strong>omnibus</strong></span> <span class='ocrx_word' id='word_1_587' title='bbox 4195 2519 4385 2586; x_wconf 91' lang='lat' dir='ltr'><strong>nobis</strong></span> 
     </span>
     <span class='ocr_line' id='line_1_81' title="bbox 2425 2600 4385 2684; baseline 0.002 -18"><span class='ocrx_word' id='word_1_588' title='bbox 2425 2600 2804 2684; x_wconf 85' lang='lat' dir='ltr'><strong>contigisse,</strong></span> <span class='ocrx_word' id='word_1_589' title='bbox 2864 2610 2931 2667; x_wconf 91' lang='lat' dir='ltr'><strong>et</strong></span> <span class='ocrx_word' id='word_1_590' title='bbox 2981 2603 3052 2667; x_wconf 92' lang='lat' dir='ltr'><strong>in</strong></span> <span class='ocrx_word' id='word_1_591' title='bbox 3110 2624 3186 2668; x_wconf 94' lang='lat' dir='ltr'><strong>eo</strong></span> <span class='ocrx_word' id='word_1_592' title='bbox 3244 2604 3755 2669; x_wconf 86' lang='lat' dir='ltr'><strong>consentientem</strong></span> <span class='ocrx_word' id='word_1_593' title='bbox 3810 2605 4132 2671; x_wconf 90' lang='lat' dir='ltr'><strong>habemus</strong></span> <span class='ocrx_word' id='word_1_594' title='bbox 4176 2612 4385 2670; x_wconf 87' lang='lat' dir='ltr'><strong>totam</strong></span> 
     </span>
     <span class='ocr_line' id='line_1_82' title="bbox 2425 2686 4385 2774; baseline 0.003 -23"><span class='ocrx_word' id='word_1_595' title='bbox 2425 2686 2783 2752; x_wconf 89' lang='lat' dir='ltr'><strong>ecclesiam.</strong></span> <span class='ocrx_word' id='word_1_596' title='bbox 2856 2688 3041 2754; x_wconf 90' lang='lat' dir='ltr'><strong>Dicit</strong></span> <span class='ocrx_word' id='word_1_597' title='bbox 3072 2696 3432 2772; x_wconf 87' lang='lat' dir='ltr'><strong>praeterea,</strong></span> <span class='ocrx_word' id='word_1_598' title='bbox 3477 2688 3850 2755; x_wconf 75' lang='lat' dir='ltr'><strong>libertatem</strong></span> <span class='ocrx_word' id='word_1_599' title='bbox 3884 2690 4084 2770; x_wconf 89' lang='lat' dir='ltr'><strong>illam,</strong></span> <span class='ocrx_word' id='word_1_600' title='bbox 4130 2690 4210 2756; x_wconf 93' lang='lat' dir='ltr'><strong>de</strong></span> <span class='ocrx_word' id='word_1_601' title='bbox 4254 2712 4385 2774; x_wconf 91' lang='lat' dir='ltr'><strong>qua</strong></span> 
     </span>
     <span class='ocr_line' id='line_1_83' title="bbox 2425 2774 4388 2860; baseline 0.004 -25"><span class='ocrx_word' id='word_1_602' title='bbox 2425 2780 2695 2851; x_wconf 83' lang='lat' dir='ltr'><strong>tractat,</strong></span> <span class='ocrx_word' id='word_1_603' title='bbox 2756 2774 3110 2857; x_wconf 85' lang='lat' dir='ltr'><strong>imaginem</strong></span> <span class='ocrx_word' id='word_1_604' title='bbox 3157 2795 3300 2840; x_wconf 91' lang='lat' dir='ltr'><strong>esse</strong></span> <span class='ocrx_word' id='word_1_605' title='bbox 3345 2774 3473 2840; x_wconf 93' lang='lat' dir='ltr'><strong>Dei</strong></span> <span class='ocrx_word' id='word_1_606' title='bbox 3516 2775 3601 2839; x_wconf 89' lang='lat' dir='ltr'><strong>ad</strong></span> <span class='ocrx_word' id='word_1_607' title='bbox 3643 2798 3838 2860; x_wconf 88' lang='lat' dir='ltr'><strong>quam</strong></span> <span class='ocrx_word' id='word_1_608' title='bbox 3885 2784 4142 2843; x_wconf 89' lang='lat' dir='ltr'><strong>creatus</strong></span> <span class='ocrx_word' id='word_1_609' title='bbox 4184 2778 4388 2842; x_wconf 88' lang='lat' dir='ltr'><strong>fuerit</strong></span> 
     </span>
     <span class='ocr_line' id='line_1_84' title="bbox 2424 2857 4386 2946; baseline 0.003 -23"><span class='ocrx_word' id='word_1_610' title='bbox 2424 2857 2662 2923; x_wconf 89' lang='lat' dir='ltr'><strong>Adam.</strong></span> <span class='ocrx_word' id='word_1_611' title='bbox 2735 2858 2942 2942; x_wconf 86' lang='lat' dir='ltr'><strong>Atqui</strong></span> <span class='ocrx_word' id='word_1_612' title='bbox 2983 2859 3156 2925; x_wconf 90' lang='lat' dir='ltr'><strong>hanc</strong></span> <span class='ocrx_word' id='word_1_613' title='bbox 3197 2859 3451 2926; x_wconf 87' lang='lat' dir='ltr'><strong>Paulus</strong></span> <span class='ocrx_word' id='word_1_614' title='bbox 3494 2863 3785 2945; x_wconf 86' lang='lat' dir='ltr'><strong>reparari</strong></span> <span class='ocrx_word' id='word_1_615' title='bbox 3820 2872 4117 2946; x_wconf 89' lang='lat' dir='ltr'><strong>oportere</strong></span> <span class='ocrx_word' id='word_1_616' title='bbox 4162 2863 4244 2929; x_wconf 90' lang='lat' dir='ltr'><strong>de</strong></span> <span class='ocrx_word' id='word_1_617' title='bbox 4280 2862 4386 2930; x_wconf 92' lang='lat' dir='ltr'><strong>die</strong></span> 
     </span>
     <span class='ocr_line' id='line_1_85' title="bbox 2423 2943 4382 3033; baseline 0.004 -26"><span class='ocrx_word' id='word_1_618' title='bbox 2423 2944 2495 3007; x_wconf 91' lang='lat' dir='ltr'><strong>in</strong></span> <span class='ocrx_word' id='word_1_619' title='bbox 2533 2943 2706 3009; x_wconf 91' lang='lat' dir='ltr'><strong>diem</strong></span> <span class='ocrx_word' id='word_1_620' title='bbox 2742 2945 2809 3009; x_wconf 92' lang='lat' dir='ltr'><strong>in</strong></span> <span class='ocrx_word' id='word_1_621' title='bbox 2849 2945 3153 3011; x_wconf 89' lang='lat' dir='ltr'><strong>fidelibus</strong></span> <span class='ocrx_word' id='word_1_622' title='bbox 3189 2945 3400 3012; x_wconf 89' lang='lat' dir='ltr'><strong>docet:</strong></span> <span class='ocrx_word' id='word_1_623' title='bbox 3437 2945 3633 3030; x_wconf 92' lang='lat' dir='ltr'><strong>idque</strong></span> <span class='ocrx_word' id='word_1_624' title='bbox 3670 2969 3800 3013; x_wconf 88' lang='lat' dir='ltr'><strong>non</strong></span> <span class='ocrx_word' id='word_1_625' title='bbox 3835 2950 4101 3033; x_wconf 87' lang='lat' dir='ltr'><strong>propria</strong></span> <span class='ocrx_word' id='word_1_626' title='bbox 4133 2971 4382 3030; x_wconf 91' lang='lat' dir='ltr'><strong>eorum,</strong></span> 
     </span>
     <span class='ocr_line' id='line_1_86' title="bbox 2425 3028 4386 3120; baseline 0.004 -26"><span class='ocrx_word' id='word_1_627' title='bbox 2425 3028 2544 3095; x_wconf 88' lang='lat' dir='ltr'><strong>sed</strong></span> <span class='ocrx_word' id='word_1_628' title='bbox 2587 3031 2858 3113; x_wconf 85' lang='lat' dir='ltr'><strong>spiritus</strong></span> <span class='ocrx_word' id='word_1_629' title='bbox 2902 3031 3110 3097; x_wconf 90' lang='lat' dir='ltr'><strong>sancti</strong></span> <span class='ocrx_word' id='word_1_630' title='bbox 3156 3033 3404 3099; x_wconf 85' lang='lat' dir='ltr'><strong>virtute</strong></span> <span class='ocrx_word' id='word_1_631' title='bbox 3450 3033 3518 3117; x_wconf 87' lang='lat'><strong>(2</strong></span> <span class='ocrx_word' id='word_1_632' title='bbox 3557 3032 3704 3100; x_wconf 90' lang='lat' dir='ltr'><strong>Cor.</strong></span> <span class='ocrx_word' id='word_1_633' title='bbox 3746 3040 3805 3115; x_wconf 83' lang='lat'><strong>4,</strong></span> <span class='ocrx_word' id='word_1_634' title='bbox 3851 3036 3975 3117; x_wconf 78' lang='lat'><strong>16).</strong></span> <span class='ocrx_word' id='word_1_635' title='bbox 4067 3034 4386 3120; x_wconf 79' lang='lat' dir='ltr'><strong>Sequitur</strong></span> 
     </span>
     <span class='ocr_line' id='line_1_87' title="bbox 2424 3117 4384 3205; baseline 0.004 -25"><span class='ocrx_word' id='word_1_636' title='bbox 2424 3136 2601 3199; x_wconf 89' lang='lat' dir='ltr'><strong>ergo,</strong></span> <span class='ocrx_word' id='word_1_637' title='bbox 2647 3117 2849 3182; x_wconf 90' lang='lat' dir='ltr'><strong>fuisse</strong></span> <span class='ocrx_word' id='word_1_638' title='bbox 2889 3118 3303 3183; x_wconf 89' lang='lat' dir='ltr'><strong>obliteratam</strong></span> <span class='ocrx_word' id='word_1_639' title='bbox 3348 3141 3424 3185; x_wconf 89' lang='lat' dir='ltr'><strong>ac</strong></span> <span class='ocrx_word' id='word_1_640' title='bbox 3468 3127 3862 3203; x_wconf 85' lang='lat' dir='ltr'><strong>corruptam.</strong></span> <span class='ocrx_word' id='word_1_641' title='bbox 3937 3120 4161 3205; x_wconf 85' lang='lat' dir='ltr'><strong>Eligat</strong></span> <span class='ocrx_word' id='word_1_642' title='bbox 4206 3142 4384 3189; x_wconf 90' lang='lat' dir='ltr'><strong>nunc</strong></span> 
     </span>
     <span class='ocr_line' id='line_1_88' title="bbox 2423 3203 4381 3288; baseline 0.004 -23"><span class='ocrx_word' id='word_1_643' title='bbox 2423 3213 2648 3266; x_wconf 89' lang='lat' dir='ltr'><strong>utrum</strong></span> <span class='ocrx_word' id='word_1_644' title='bbox 2707 3203 2879 3269; x_wconf 85' lang='lat' dir='ltr'><strong>volet</strong></span> <span class='ocrx_word' id='word_1_645' title='bbox 2920 3203 3232 3287; x_wconf 89' lang='lat' dir='ltr'><strong>Pighius:</strong></span> <span class='ocrx_word' id='word_1_646' title='bbox 3292 3213 3410 3269; x_wconf 89' lang='lat' dir='ltr'><strong>aut</strong></span> <span class='ocrx_word' id='word_1_647' title='bbox 3464 3207 3950 3288; x_wconf 89' lang='lat' dir='ltr'><strong>corruptionem</strong></span> <span class='ocrx_word' id='word_1_648' title='bbox 3994 3206 4178 3271; x_wconf 90' lang='lat' dir='ltr'><strong>illam</strong></span> <span class='ocrx_word' id='word_1_649' title='bbox 4222 3207 4381 3272; x_wconf 89' lang='lat' dir='ltr'><strong>hae-</strong></span> 
     </span>
     <span class='ocr_line' id='line_1_89' title="bbox 2424 3286 4383 3376; baseline 0.003 -25"><span class='ocrx_word' id='word_1_650' title='bbox 2424 3286 2825 3367; x_wconf 89' lang='lat' dir='ltr'><strong>reditariam,</strong></span> <span class='ocrx_word' id='word_1_651' title='bbox 2864 3309 3064 3372; x_wconf 89' lang='lat' dir='ltr'><strong>quam</strong></span> <span class='ocrx_word' id='word_1_652' title='bbox 3098 3291 3167 3353; x_wconf 92' lang='lat' dir='ltr'><strong>in</strong></span> <span class='ocrx_word' id='word_1_653' title='bbox 3204 3296 3418 3354; x_wconf 90' lang='lat' dir='ltr'><strong>totum</strong></span> <span class='ocrx_word' id='word_1_654' title='bbox 3453 3312 3642 3356; x_wconf 90' lang='lat' dir='ltr'><strong>suum</strong></span> <span class='ocrx_word' id='word_1_655' title='bbox 3680 3313 3891 3376; x_wconf 89' lang='lat' dir='ltr'><strong>genus</strong></span> <span class='ocrx_word' id='word_1_656' title='bbox 3912 3292 4130 3358; x_wconf 92' lang='lat' dir='ltr'><strong>Adam</strong></span> <span class='ocrx_word' id='word_1_657' title='bbox 4165 3299 4383 3357; x_wconf 87' lang='lat' dir='ltr'><strong>trans-</strong></span> 
     </span>
     <span class='ocr_line' id='line_1_90' title="bbox 2422 3374 4381 3461; baseline 0.004 -24"><span class='ocrx_word' id='word_1_658' title='bbox 2422 3374 2637 3451; x_wconf 86' lang='lat' dir='ltr'><strong>misit,</strong></span> <span class='ocrx_word' id='word_1_659' title='bbox 2683 3374 2882 3439; x_wconf 88' lang='lat' dir='ltr'><strong>fuisse</strong></span> <span class='ocrx_word' id='word_1_660' title='bbox 2924 3375 3329 3459; x_wconf 87' lang='lat' dir='ltr'><strong>incognitam</strong></span> <span class='ocrx_word' id='word_1_661' title='bbox 3372 3374 3675 3442; x_wconf 89' lang='lat' dir='ltr'><strong>Irenaeo:</strong></span> <span class='ocrx_word' id='word_1_662' title='bbox 3718 3385 3851 3458; x_wconf 87' lang='lat' dir='ltr'><strong>aut,</strong></span> <span class='ocrx_word' id='word_1_663' title='bbox 3897 3377 4052 3461; x_wconf 88' lang='lat' dir='ltr'><strong>quia</strong></span> <span class='ocrx_word' id='word_1_664' title='bbox 4097 3377 4181 3444; x_wconf 87' lang='lat' dir='ltr'><strong>ad</strong></span> <span class='ocrx_word' id='word_1_665' title='bbox 4226 3400 4381 3444; x_wconf 91' lang='lat' dir='ltr'><strong>con-</strong></span> 
     </span>
     <span class='ocr_line' id='line_1_91' title="bbox 2421 3458 4380 3548; baseline 0.003 -24"><span class='ocrx_word' id='word_1_666' title='bbox 2421 3458 2703 3524; x_wconf 89' lang='lat' dir='ltr'><strong>futanda</strong></span> <span class='ocrx_word' id='word_1_667' title='bbox 2745 3458 3067 3525; x_wconf 86' lang='lat' dir='ltr'><strong>Cerdonis</strong></span> <span class='ocrx_word' id='word_1_668' title='bbox 3101 3470 3169 3526; x_wconf 92' lang='lat' dir='ltr'><strong>et</strong></span> <span class='ocrx_word' id='word_1_669' title='bbox 3192 3461 3534 3526; x_wconf 87' lang='lat' dir='ltr'><strong>Valentini</strong></span> <span class='ocrx_word' id='word_1_670' title='bbox 3579 3462 4197 3529; x_wconf 89' lang='lat' dir='ltr'><strong>deliramentanihil</strong></span> <span class='ocrx_word' id='word_1_671' title='bbox 4230 3486 4380 3548; x_wconf 91' lang='lat' dir='ltr'><strong>per-</strong></span> 
     </span>
     <span class='ocr_line' id='line_1_92' title="bbox 2420 3545 4379 3634; baseline 0.004 -25"><span class='ocrx_word' id='word_1_672' title='bbox 2420 3545 2692 3624; x_wconf 89' lang='lat' dir='ltr'><strong>tinebat,</strong></span> <span class='ocrx_word' id='word_1_673' title='bbox 2728 3545 2930 3612; x_wconf 85' lang='lat' dir='ltr'><strong>fuisse</strong></span> <span class='ocrx_word' id='word_1_674' title='bbox 2968 3547 3294 3628; x_wconf 90' lang='lat' dir='ltr'><strong>omissam,</strong></span> <span class='ocrx_word' id='word_1_675' title='bbox 3333 3559 3400 3612; x_wconf 92' lang='lat' dir='ltr'><strong>et</strong></span> <span class='ocrx_word' id='word_1_676' title='bbox 3435 3547 3515 3613; x_wconf 92' lang='lat' dir='ltr'><strong>de</strong></span> <span class='ocrx_word' id='word_1_677' title='bbox 3548 3550 3807 3634; x_wconf 90' lang='lat' dir='ltr'><strong>integro</strong></span> <span class='ocrx_word' id='word_1_678' title='bbox 3842 3549 4168 3615; x_wconf 79' lang='lat' dir='ltr'><strong>duntaxat</strong></span> <span class='ocrx_word' id='word_1_679' title='bbox 4201 3572 4379 3616; x_wconf 89' lang='lat' dir='ltr'><strong>crea-</strong></span> 
     </span>
     <span class='ocr_line' id='line_1_93' title="bbox 2422 3631 4381 3702; baseline 0.003 -7"><span class='ocrx_word' id='word_1_680' title='bbox 2422 3631 2623 3696; x_wconf 91' lang='lat' dir='ltr'><strong>tionis</strong></span> <span class='ocrx_word' id='word_1_681' title='bbox 2674 3639 2847 3696; x_wconf 86' lang='lat' dir='ltr'><strong>statu</strong></span> <span class='ocrx_word' id='word_1_682' title='bbox 2895 3634 3095 3699; x_wconf 90' lang='lat' dir='ltr'><strong>verba</strong></span> <span class='ocrx_word' id='word_1_683' title='bbox 3148 3633 3352 3699; x_wconf 89' lang='lat' dir='ltr'><strong>fuisse</strong></span> <span class='ocrx_word' id='word_1_684' title='bbox 3406 3636 3598 3700; x_wconf 86' lang='lat' dir='ltr'><strong>facta.</strong></span> <span class='ocrx_word' id='word_1_685' title='bbox 3688 3635 3997 3700; x_wconf 91' lang='lat' dir='ltr'><strong>Alterum</strong></span> <span class='ocrx_word' id='word_1_686' title='bbox 4041 3657 4076 3700; x_wconf 92' lang='lat' dir='ltr'><strong>e</strong></span> <span class='ocrx_word' id='word_1_687' title='bbox 4122 3636 4381 3702; x_wconf 90' lang='lat' dir='ltr'><strong>duobus</strong></span> 
     </span>
     <span class='ocr_line' id='line_1_94' title="bbox 2420 3717 4382 3806; baseline 0.003 -24"><span class='ocrx_word' id='word_1_688' title='bbox 2420 3717 2845 3800; x_wconf 87' lang='lat' dir='ltr'><strong>respondeat,</strong></span> <span class='ocrx_word' id='word_1_689' title='bbox 2899 3738 3166 3785; x_wconf 88' lang='lat' dir='ltr'><strong>necesse</strong></span> <span class='ocrx_word' id='word_1_690' title='bbox 3207 3728 3324 3785; x_wconf 89' lang='lat' dir='ltr'><strong>est.</strong></span> <span class='ocrx_word' id='word_1_691' title='bbox 3413 3721 3621 3804; x_wconf 89' lang='lat' dir='ltr'><strong>Atqui</strong></span> <span class='ocrx_word' id='word_1_692' title='bbox 3663 3730 3943 3806; x_wconf 90' lang='lat' dir='ltr'><strong>utroque</strong></span> <span class='ocrx_word' id='word_1_693' title='bbox 3983 3720 4178 3787; x_wconf 93' lang='lat' dir='ltr'><strong>modo</strong></span> <span class='ocrx_word' id='word_1_694' title='bbox 4217 3721 4382 3787; x_wconf 85' lang='lat' dir='ltr'><strong>libe-</strong></span> 
     </span>
     <span class='ocr_line' id='line_1_95' title="bbox 2421 3804 4378 3893; baseline 0.003 -26"><span class='ocrx_word' id='word_1_695' title='bbox 2421 3824 2549 3868; x_wconf 91' lang='lat' dir='ltr'><strong>ror.</strong></span> <span class='ocrx_word' id='word_1_696' title='bbox 2650 3804 2881 3887; x_wconf 90' lang='lat' dir='ltr'><strong>Neque</strong></span> <span class='ocrx_word' id='word_1_697' title='bbox 2937 3806 3112 3870; x_wconf 90' lang='lat' dir='ltr'><strong>enim</strong></span> <span class='ocrx_word' id='word_1_698' title='bbox 3130 3857 3146 3885; x_wconf 94' lang='lat'><strong>,</strong></span> <span class='ocrx_word' id='word_1_699' title='bbox 3202 3807 3310 3872; x_wconf 92' lang='lat' dir='ltr'><strong>vel</strong></span> <span class='ocrx_word' id='word_1_700' title='bbox 3379 3815 3609 3872; x_wconf 88' lang='lat' dir='ltr'><strong>autore</strong></span> <span class='ocrx_word' id='word_1_701' title='bbox 3673 3807 3945 3893; x_wconf 87' lang='lat' dir='ltr'><strong>Pighi0,</strong></span> <span class='ocrx_word' id='word_1_702' title='bbox 4012 3807 4378 3873; x_wconf 88' lang='lat' dir='ltr'><strong>audiendus</strong></span> 
     </span>
     <span class='ocr_line' id='line_1_96' title="bbox 2421 3889 4379 3977; baseline 0.003 -24"><span class='ocrx_word' id='word_1_703' title='bbox 2421 3891 2551 3955; x_wconf 89' lang='lat' dir='ltr'><strong>erit</strong></span> <span class='ocrx_word' id='word_1_704' title='bbox 2593 3889 2924 3971; x_wconf 89' lang='lat' dir='ltr'><strong>Irenaeus,</strong></span> <span class='ocrx_word' id='word_1_705' title='bbox 2972 3892 3028 3956; x_wconf 89' lang='lat' dir='ltr'><strong>si</strong></span> <span class='ocrx_word' id='word_1_706' title='bbox 3071 3901 3485 3977; x_wconf 89' lang='lat' dir='ltr'><strong>repugnante</strong></span> <span class='ocrx_word' id='word_1_707' title='bbox 3526 3893 3826 3958; x_wconf 88' lang='lat' dir='ltr'><strong>unanimi</strong></span> <span class='ocrx_word' id='word_1_708' title='bbox 3868 3893 4181 3959; x_wconf 86' lang='lat' dir='ltr'><strong>ecclesiae</strong></span> <span class='ocrx_word' id='word_1_709' title='bbox 4225 3913 4379 3958; x_wconf 89' lang='lat' dir='ltr'><strong>con-</strong></span> 
     </span>
     <span class='ocr_line' id='line_1_97' title="bbox 2421 3975 4380 4063; baseline 0.002 -22"><span class='ocrx_word' id='word_1_710' title='bbox 2421 3996 2643 4054; x_wconf 90' lang='lat' dir='ltr'><strong>sensu,</strong></span> <span class='ocrx_word' id='word_1_711' title='bbox 2687 3975 2863 4041; x_wconf 90' lang='lat' dir='ltr'><strong>inter</strong></span> <span class='ocrx_word' id='word_1_712' title='bbox 2899 3978 3202 4043; x_wconf 87' lang='lat' dir='ltr'><strong>vitiatam</strong></span> <span class='ocrx_word' id='word_1_713' title='bbox 3238 3985 3542 4043; x_wconf 88' lang='lat' dir='ltr'><strong>naturam</strong></span> <span class='ocrx_word' id='word_1_714' title='bbox 3579 3987 3647 4044; x_wconf 89' lang='lat' dir='ltr'><strong>et</strong></span> <span class='ocrx_word' id='word_1_715' title='bbox 3678 3980 4009 4063; x_wconf 86' lang='lat' dir='ltr'><strong>integram</strong></span> <span class='ocrx_word' id='word_1_716' title='bbox 4043 3978 4213 4043; x_wconf 86' lang='lat' dir='ltr'><strong>nihil</strong></span> <span class='ocrx_word' id='word_1_717' title='bbox 4247 3978 4380 4044; x_wconf 86' lang='lat' dir='ltr'><strong>dis-</strong></span> 
     </span>
     <span class='ocr_line' id='line_1_98' title="bbox 2421 4060 4378 4149; baseline 0.001 -22"><span class='ocrx_word' id='word_1_718' title='bbox 2421 4069 2679 4127; x_wconf 90' lang='lat' dir='ltr'><strong>cernat:</strong></span> <span class='ocrx_word' id='word_1_719' title='bbox 2781 4060 2911 4127; x_wconf 93' lang='lat' dir='ltr'><strong>uod</strong></span> <span class='ocrx_word' id='word_1_720' title='bbox 2967 4064 3052 4143; x_wconf 90' lang='lat' dir='ltr'><strong>si,</strong></span> <span class='ocrx_word' id='word_1_721' title='bbox 3120 4064 3334 4147; x_wconf 89' lang='lat' dir='ltr'><strong>qualis</strong></span> <span class='ocrx_word' id='word_1_722' title='bbox 3390 4071 3544 4130; x_wconf 88' lang='lat' dir='ltr'><strong>ante</strong></span> <span class='ocrx_word' id='word_1_723' title='bbox 3594 4064 3857 4149; x_wconf 90' lang='lat' dir='ltr'><strong>lapsum</strong></span> <span class='ocrx_word' id='word_1_724' title='bbox 3908 4064 4107 4129; x_wconf 85' lang='lat' dir='ltr'><strong>fuerit</strong></span> <span class='ocrx_word' id='word_1_725' title='bbox 4161 4064 4378 4145; x_wconf 87' lang='lat' dir='ltr'><strong>home,</strong></span> 
     </span>
     <span class='ocr_line' id='line_1_99' title="bbox 2421 4148 4379 4233; baseline 0.002 -22"><span class='ocrx_word' id='word_1_726' title='bbox 2421 4153 2685 4211; x_wconf 90' lang='lat' dir='ltr'><strong>tantum</strong></span> <span class='ocrx_word' id='word_1_727' title='bbox 2771 4149 3066 4229; x_wconf 88' lang='lat' dir='ltr'><strong>escribit,</strong></span> <span class='ocrx_word' id='word_1_728' title='bbox 3110 4149 3279 4214; x_wconf 88' lang='lat' dir='ltr'><strong>nibil</strong></span> <span class='ocrx_word' id='word_1_729' title='bbox 3324 4148 3408 4213; x_wconf 88' lang='lat' dir='ltr'><strong>ad</strong></span> <span class='ocrx_word' id='word_1_730' title='bbox 3451 4170 3591 4230; x_wconf 88' lang='lat' dir='ltr'><strong>nos,</strong></span> <span class='ocrx_word' id='word_1_731' title='bbox 3638 4151 3750 4233; x_wconf 93' lang='lat' dir='ltr'><strong>qui</strong></span> <span class='ocrx_word' id='word_1_732' title='bbox 3795 4150 4052 4215; x_wconf 90' lang='lat' dir='ltr'><strong>arbitrii</strong></span> <span class='ocrx_word' id='word_1_733' title='bbox 4095 4151 4379 4215; x_wconf 88' lang='lat' dir='ltr'><strong>servitu-</strong></span> 
     </span>
     <span class='ocr_line' id='line_1_100' title="bbox 2421 4232 4380 4315; baseline 0.002 -17"><span class='ocrx_word' id='word_1_734' title='bbox 2421 4239 2557 4298; x_wconf 89' lang='lat' dir='ltr'><strong>tem</strong></span> <span class='ocrx_word' id='word_1_735' title='bbox 2601 4253 2736 4297; x_wconf 90' lang='lat' dir='ltr'><strong>non</strong></span> <span class='ocrx_word' id='word_1_736' title='bbox 2796 4234 2877 4299; x_wconf 90' lang='lat' dir='ltr'><strong>ad</strong></span> <span class='ocrx_word' id='word_1_737' title='bbox 2923 4233 3180 4315; x_wconf 92' lang='lat' dir='ltr'><strong>Deum,</strong></span> <span class='ocrx_word' id='word_1_738' title='bbox 3240 4232 3356 4300; x_wconf 90' lang='lat' dir='ltr'><strong>sed</strong></span> <span class='ocrx_word' id='word_1_739' title='bbox 3398 4234 3483 4300; x_wconf 91' lang='lat' dir='ltr'><strong>ad</strong></span> <span class='ocrx_word' id='word_1_740' title='bbox 3526 4235 3811 4301; x_wconf 90' lang='lat' dir='ltr'><strong>hominis</strong></span> <span class='ocrx_word' id='word_1_741' title='bbox 3866 4235 4107 4300; x_wconf 88' lang='lat' dir='ltr'><strong>vitium</strong></span> <span class='ocrx_word' id='word_1_742' title='bbox 4151 4237 4380 4302; x_wconf 88' lang='lat' dir='ltr'><strong>referi-</strong></span> 
     </span>
     <span class='ocr_line' id='line_1_101' title="bbox 2418 4340 2586 4385; baseline -0.012 0"><span class='ocrx_word' id='word_1_743' title='bbox 2418 4340 2586 4385; x_wconf 93' lang='lat' dir='ltr'><strong>mus.</strong></span> 
     </span>
    </p>

    <p class='ocr_par' dir='ltr' id='par_1_19' title="bbox 2415 4402 4380 5447">
     <span class='ocr_line' id='line_1_102' title="bbox 2593 4402 4380 4492; baseline 0.001 -22"><span class='ocrx_word' id='word_1_744' title='bbox 2593 4402 2821 4486; x_wconf 78' lang='lat' dir='ltr'><strong>Quum</strong></span> <span class='ocrx_word' id='word_1_745' title='bbox 2868 4404 2953 4471; x_wconf 89' lang='lat' dir='ltr'><strong>ad</strong></span> <span class='ocrx_word' id='word_1_746' title='bbox 2993 4405 3406 4492; x_wconf 81' lang='lat' dir='ltr'><strong>Cyprianum</strong></span> <span class='ocrx_word' id='word_1_747' title='bbox 3448 4412 3727 4473; x_wconf 89' lang='lat' dir='ltr'><strong>ventum</strong></span> <span class='ocrx_word' id='word_1_748' title='bbox 3770 4412 3902 4486; x_wconf 91' lang='lat' dir='ltr'><strong>est,</strong></span> <span class='ocrx_word' id='word_1_749' title='bbox 3957 4408 4380 4491; x_wconf 89' lang='lat' dir='ltr'><strong>occupatione</strong></span> 
     </span>
     <span class='ocr_line' id='line_1_103' title="bbox 2417 4489 4379 4577; baseline 0.001 -21"><span class='ocrx_word' id='word_1_750' title='bbox 2417 4492 2645 4571; x_wconf 91' lang='lat' dir='ltr'><strong>utitur,</strong></span> <span class='ocrx_word' id='word_1_751' title='bbox 2688 4489 2862 4576; x_wconf 92' lang='lat' dir='ltr'><strong>quod</strong></span> <span class='ocrx_word' id='word_1_752' title='bbox 2899 4493 3349 4576; x_wconf 89' lang='lat' dir='ltr'><strong>quaestionem</strong></span> <span class='ocrx_word' id='word_1_753' title='bbox 3393 4492 3564 4559; x_wconf 87' lang='lat' dir='ltr'><strong>hanc</strong></span> <span class='ocrx_word' id='word_1_754' title='bbox 3599 4514 3924 4577; x_wconf 87' lang='lat' dir='ltr'><strong>nusquam</strong></span> <span class='ocrx_word' id='word_1_755' title='bbox 3969 4515 4054 4558; x_wconf 82' lang='lat' dir='ltr'><strong>ex</strong></span> <span class='ocrx_word' id='word_1_756' title='bbox 4089 4493 4379 4575; x_wconf 88' lang='lat' dir='ltr'><strong>professo</strong></span> 
     </span>
     <span class='ocr_line' id='line_1_104' title="bbox 2415 4577 4379 4663; baseline 0 -21"><span class='ocrx_word' id='word_1_757' title='bbox 2415 4583 2674 4643; x_wconf 89' lang='lat' dir='ltr'><strong>tractet.</strong></span> <span class='ocrx_word' id='word_1_758' title='bbox 2764 4579 3125 4663; x_wconf 86' lang='lat' dir='ltr'><strong>Augustini</strong></span> <span class='ocrx_word' id='word_1_759' title='bbox 3181 4587 3402 4643; x_wconf 90' lang='lat' dir='ltr'><strong>tamen</strong></span> <span class='ocrx_word' id='word_1_760' title='bbox 3445 4577 3662 4645; x_wconf 90' lang='lat' dir='ltr'><strong>locum</strong></span> <span class='ocrx_word' id='word_1_761' title='bbox 3708 4579 4003 4658; x_wconf 84' lang='lat' dir='ltr'><strong>adducit,</strong></span> <span class='ocrx_word' id='word_1_762' title='bbox 4061 4577 4173 4642; x_wconf 91' lang='lat' dir='ltr'><strong>ubi</strong></span> <span class='ocrx_word' id='word_1_763' title='bbox 4217 4578 4379 4643; x_wconf 87' lang='lat' dir='ltr'><strong>libe·</strong></span> 
     </span>
     <span class='ocr_line' id='line_1_105' title="bbox 2415 4663 4380 4751; baseline -0.001 -22"><span class='ocrx_word' id='word_1_764' title='bbox 2415 4684 2569 4729; x_wconf 91' lang='lat' dir='ltr'><strong>rum</strong></span> <span class='ocrx_word' id='word_1_765' title='bbox 2614 4663 2962 4729; x_wconf 89' lang='lat' dir='ltr'><strong>arbitrium</strong></span> <span class='ocrx_word' id='word_1_766' title='bbox 3019 4665 3100 4730; x_wconf 89' lang='lat' dir='ltr'><strong>ab</strong></span> <span class='ocrx_word' id='word_1_767' title='bbox 3159 4686 3236 4730; x_wconf 91' lang='lat' dir='ltr'><strong>eo</strong></span> <span class='ocrx_word' id='word_1_768' title='bbox 3276 4685 3410 4730; x_wconf 91' lang='lat' dir='ltr'><strong>non</strong></span> <span class='ocrx_word' id='word_1_769' title='bbox 3465 4666 3696 4751; x_wconf 88' lang='lat' dir='ltr'><strong>negari</strong></span> <span class='ocrx_word' id='word_1_770' title='bbox 3738 4672 4032 4730; x_wconf 88' lang='lat' dir='ltr'><strong>testatur.</strong></span> <span class='ocrx_word' id='word_1_771' title='bbox 4131 4663 4176 4724; x_wconf 90' lang='lat' dir='ltr'>V</span> <span class='ocrx_word' id='word_1_772' title='bbox 4191 4684 4380 4729; x_wconf 92' lang='lat' dir='ltr'><strong>erum</strong></span> 
     </span>
     <span class='ocr_line' id='line_1_106' title="bbox 2416 4749 4379 4835; baseline -0.001 -20"><span class='ocrx_word' id='word_1_773' title='bbox 2416 4749 2574 4833; x_wconf 89' lang='lat' dir='ltr'><strong>quid</strong></span> <span class='ocrx_word' id='word_1_774' title='bbox 2617 4749 2807 4816; x_wconf 91' lang='lat' dir='ltr'><strong>liberi</strong></span> <span class='ocrx_word' id='word_1_775' title='bbox 2863 4750 3119 4816; x_wconf 88' lang='lat' dir='ltr'><strong>arbitrii</strong></span> <span class='ocrx_word' id='word_1_776' title='bbox 3172 4771 3415 4817; x_wconf 92' lang='lat' dir='ltr'><strong>nomen</strong></span> <span class='ocrx_word' id='word_1_777' title='bbox 3456 4751 3833 4835; x_wconf 90' lang='lat' dir='ltr'><strong>Augustino</strong></span> <span class='ocrx_word' id='word_1_778' title='bbox 3874 4750 4122 4830; x_wconf 89' lang='lat' dir='ltr'><strong>valcat,</strong></span> <span class='ocrx_word' id='word_1_779' title='bbox 4174 4771 4379 4833; x_wconf 93' lang='lat' dir='ltr'><strong>quum</strong></span> 
     </span>
     <span class='ocr_line' id='line_1_107' title="bbox 2415 4835 4375 4920; baseline 0 -19"><span class='ocrx_word' id='word_1_780' title='bbox 2415 4836 2571 4901; x_wconf 87' lang='lat' dir='ltr'><strong>alibi</strong></span> <span class='ocrx_word' id='word_1_781' title='bbox 2606 4836 2850 4903; x_wconf 89' lang='lat' dir='ltr'><strong>clarius</strong></span> <span class='ocrx_word' id='word_1_782' title='bbox 2884 4835 3497 4917; x_wconf 86' lang='lat' dir='ltr'><strong>demonstrabimus,</strong></span> <span class='ocrx_word' id='word_1_783' title='bbox 3544 4844 3686 4901; x_wconf 87' lang='lat' dir='ltr'><strong>tum</strong></span> <span class='ocrx_word' id='word_1_784' title='bbox 3722 4857 3806 4901; x_wconf 82' lang='lat' dir='ltr'><strong>ex</strong></span> <span class='ocrx_word' id='word_1_785' title='bbox 3841 4835 3965 4901; x_wconf 91' lang='lat' dir='ltr'><strong>hoc</strong></span> <span class='ocrx_word' id='word_1_786' title='bbox 3999 4835 4141 4901; x_wconf 94' lang='lat' dir='ltr'><strong>loco</strong></span> <span class='ocrx_word' id='word_1_787' title='bbox 4174 4842 4375 4920; x_wconf 88' lang='lat' dir='ltr'><strong>patet.</strong></span> 
     </span>
     <span class='ocr_line' id='line_1_108' title="bbox 2416 4920 4376 5008; baseline -0.001 -20"><span class='ocrx_word' id='word_1_788' title='bbox 2416 4923 2599 4988; x_wconf 92' lang='lat' dir='ltr'><strong>Dicit</strong></span> <span class='ocrx_word' id='word_1_789' title='bbox 2653 4924 2861 5004; x_wconf 89' lang='lat' dir='ltr'><strong>enim,</strong></span> <span class='ocrx_word' id='word_1_790' title='bbox 2930 4921 3341 5008; x_wconf 82' lang='lat' dir='ltr'><strong>Cyprianum</strong></span> <span class='ocrx_word' id='word_1_791' title='bbox 3397 4944 3559 4988; x_wconf 85' lang='lat' dir='ltr'><strong>non·</strong></span> <span class='ocrx_word' id='word_1_792' title='bbox 3587 4920 3814 4986; x_wconf 87' lang='lat' dir='ltr'><strong>tollere</strong></span> <span class='ocrx_word' id='word_1_793' title='bbox 3860 4920 4146 4987; x_wconf 87' lang='lat' dir='ltr'><strong>liberum</strong></span> <span class='ocrx_word' id='word_1_794' title='bbox 4202 4923 4376 4987; x_wconf 88' lang='lat' dir='ltr'><strong>arbi-</strong></span> 
     </span>
     <span class='ocr_line' id='line_1_109' title="bbox 2419 5006 4374 5093; baseline -0.001 -20"><span class='ocrx_word' id='word_1_795' title='bbox 2419 5010 2643 5089; x_wconf 90' lang='lat' dir='ltr'><strong>trium,</strong></span> <span class='ocrx_word' id='word_1_796' title='bbox 2687 5031 2892 5093; x_wconf 88' lang='lat' dir='ltr'><strong>quum</strong></span> <span class='ocrx_word' id='word_1_797' title='bbox 2916 5009 3063 5075; x_wconf 87' lang='lat' dir='ltr'><strong>Deo</strong></span> <span class='ocrx_word' id='word_1_798' title='bbox 3101 5015 3318 5074; x_wconf 92' lang='lat' dir='ltr'><strong>totum</strong></span> <span class='ocrx_word' id='word_1_799' title='bbox 3340 5008 3588 5086; x_wconf 89' lang='lat' dir='ltr'><strong>tribuit,</strong></span> <span class='ocrx_word' id='word_1_800' title='bbox 3634 5006 3805 5091; x_wconf 91' lang='lat' dir='ltr'><strong>quod</strong></span> <span class='ocrx_word' id='word_1_801' title='bbox 3848 5016 4024 5074; x_wconf 90' lang='lat' dir='ltr'><strong>recte</strong></span> <span class='ocrx_word' id='word_1_802' title='bbox 4065 5009 4374 5074; x_wconf 86' lang='lat' dir='ltr'><strong>vivimus.</strong></span> 
     </span>
     <span class='ocr_line' id='line_1_110' title="bbox 2417 5092 4376 5181; baseline -0.002 -21"><span class='ocrx_word' id='word_1_803' title='bbox 2417 5095 2619 5160; x_wconf 88' lang='lat' dir='ltr'><strong>Illam</strong></span> <span class='ocrx_word' id='word_1_804' title='bbox 2675 5103 2899 5162; x_wconf 90' lang='lat' dir='ltr'><strong>autem</strong></span> <span class='ocrx_word' id='word_1_805' title='bbox 2953 5117 3038 5161; x_wconf 87' lang='lat' dir='ltr'><strong>ex</strong></span> <span class='ocrx_word' id='word_1_806' title='bbox 3096 5093 3433 5181; x_wconf 79' lang='lat' dir='ltr'><strong>Cypriane</strong></span> <span class='ocrx_word' id='word_1_807' title='bbox 3482 5092 3749 5160; x_wconf 88' lang='lat' dir='ltr'><strong>adducit</strong></span> <span class='ocrx_word' id='word_1_808' title='bbox 3800 5096 4225 5160; x_wconf 86' lang='lat' dir='ltr'><strong>sententiam:</strong></span> <span class='ocrx_word' id='word_1_809' title='bbox 4268 5093 4376 5159; x_wconf 93' lang='lat' dir='ltr'><strong>De</strong></span> 
     </span>
     <span class='ocr_line' id='line_1_111' title="bbox 2420 5179 4372 5268; baseline -0.001 -22"><span class='ocrx_word' id='word_1_810' title='bbox 2420 5182 2604 5247; x_wconf 90' lang='lat' dir='ltr'><strong>nullo</strong></span> <span class='ocrx_word' id='word_1_811' title='bbox 2658 5179 3074 5268; x_wconf 89' lang='lat' dir='ltr'><strong>gloriandum</strong></span> <span class='ocrx_word' id='word_1_812' title='bbox 3094 5234 3111 5263; x_wconf 90' lang='lat'><strong>,</strong></span> <span class='ocrx_word' id='word_1_813' title='bbox 3169 5180 3321 5265; x_wconf 91' lang='lat' dir='ltr'><strong>quia</strong></span> <span class='ocrx_word' id='word_1_814' title='bbox 3377 5179 3545 5245; x_wconf 90' lang='lat' dir='ltr'><strong>nihil</strong></span> <span class='ocrx_word' id='word_1_815' title='bbox 3600 5201 3868 5267; x_wconf 87' lang='lat' dir='ltr'><strong>prorsus</strong></span> <span class='ocrx_word' id='word_1_816' title='bbox 3911 5187 4208 5246; x_wconf 88' lang='lat' dir='ltr'><strong>nostrum</strong></span> <span class='ocrx_word' id='word_1_817' title='bbox 4253 5185 4372 5244; x_wconf 90' lang='lat' dir='ltr'><strong>est.</strong></span> 
     </span>
     <span class='ocr_line' id='line_1_112' title="bbox 2422 5265 4378 5354; baseline -0.002 -21"><span class='ocrx_word' id='word_1_818' title='bbox 2422 5265 2641 5349; x_wconf 78' lang='lat' dir='ltr'><strong>Quam</strong></span> <span class='ocrx_word' id='word_1_819' title='bbox 2690 5270 3037 5354; x_wconf 87' lang='lat' dir='ltr'><strong>magnifice</strong></span> <span class='ocrx_word' id='word_1_820' title='bbox 3051 5321 3067 5349; x_wconf 92' lang='lat'><strong>,</strong></span> <span class='ocrx_word' id='word_1_821' title='bbox 3122 5287 3364 5352; x_wconf 89' lang='lat' dir='ltr'><strong>quaeso</strong></span> <span class='ocrx_word' id='word_1_822' title='bbox 3378 5317 3395 5345; x_wconf 92' lang='lat'><em>‚</em></span> <span class='ocrx_word' id='word_1_823' title='bbox 3455 5267 3658 5332; x_wconf 90' lang='lat' dir='ltr'><strong>sentit</strong></span> <span class='ocrx_word' id='word_1_824' title='bbox 3710 5266 3791 5332; x_wconf 90' lang='lat' dir='ltr'><strong>de</strong></span> <span class='ocrx_word' id='word_1_825' title='bbox 3891 5266 4111 5349; x_wconf 89' lang='lat' dir='ltr'><strong>ropria</strong></span> <span class='ocrx_word' id='word_1_826' title='bbox 4151 5272 4378 5331; x_wconf 90' lang='lat' dir='ltr'><strong>nostra</strong></span> 
     </span>
     <span class='ocr_line' id='line_1_113' title="bbox 2422 5350 4374 5447; baseline -0.004 -25"><span class='ocrx_word' id='word_1_827' title='bbox 2422 5356 2701 5435; x_wconf 89' lang='lat' dir='ltr'><strong>virtute,</strong></span> <span class='ocrx_word' id='word_1_828' title='bbox 2774 5357 2887 5440; x_wconf 91' lang='lat' dir='ltr'><strong>qui</strong></span> <span class='ocrx_word' id='word_1_829' title='bbox 2944 5355 3115 5420; x_wconf 92' lang='lat' dir='ltr'><strong>bona</strong></span> <span class='ocrx_word' id='word_1_830' title='bbox 3160 5354 3382 5419; x_wconf 91' lang='lat' dir='ltr'><strong>omnia</strong></span> <span class='ocrx_word' id='word_1_831' title='bbox 3439 5352 3791 5419; x_wconf 90' lang='lat' dir='ltr'><strong>insolidum</strong></span> <span class='ocrx_word' id='word_1_832' title='bbox 3907 5372 3984 5416; x_wconf 92' lang='lat' dir='ltr'><strong>eo</strong></span> <span class='ocrx_word' id='word_1_833' title='bbox 4041 5350 4374 5447; x_wconf 64' lang='lat' dir='ltr'><strong>adscribit,</strong></span> 
     </span>
    </p>
   </div>
  </div>
 </body>
</html>
