4999 6179
384 450 469 512 85
1704 442 2364 514 OA'I'EOHISMUS
2411 443 3028 513 GENEVENSIS.
3311 482 3320 492 ·
4328 453 4414 516 86

380 636 626 703 l’ordre
666 656 793 719 que
836 635 900 700 19
943 632 1275 719 Seigneur
1318 655 1358 700 a
1396 635 1541 716 mis,
1586 635 1999 703 contrevient
2039 641 2083 701 9
2123 656 2200 701 99
2230 656 2347 701 vo-
2452 641 2606 717 apte
2649 640 3216 735 congruenterque
3258 655 3399 700 non
3433 634 3746 719 quadrat,
3803 635 3875 703 id
3916 657 4070 705 cum
4112 637 4254 705 eius
4295 659 4416 708 vo-

383 722 588 789 lunte.

743 854 748 860 ·
1228 823 1497 879 n’muxr.

557 893 779 959 Voire.
870 891 1004 959 Car
1047 891 1106 958 si
1158 913 1327 959 nous
1371 915 1456 959 ne
1500 914 1666 960 nous
1719 899 2108 959 contentens
2152 892 2233 957 de
2272 912 2347 958 oe

383 1001 511 1066 que
565 979 629 1047 le
690 978 1020 1064 Seigneur
1061 999 1230 1045 nous
1285 978 1503 1045 donne
1519 1031 1534 1059 ,
1591 978 1731 1046 cela
1788 987 1892 1045 est
1944 1000 2040 1043 un
2095 978 2347 1044 certain

384 1068 577 1152 signe
636 1065 1037 1131 d’infidelite.
1127 1063 1570 1150 D’avantage,
1639 1066 1693 1132 91
1761 1086 1846 1130 911
1908 1064 2044 1130 11911
2098 1062 2348 1131 d’avoir

383 1161 608 1219 nostre
651 1152 884 1237 refuge
929 1159 971 1217 a
1003 1151 1181 1216 Dieu
1228 1151 1388 1230 seul,
1434 1159 1722 1237 suyvant
1764 1172 1882 1216 son
1927 1149 2347 1217 commande-

380 1248 587 1319 ment,
633 1260 802 1303 nous
844 1257 1197 1304 recourons
1241 1244 1284 1303 a
1325 1259 1483 1318 eux,
1531 1244 1816 1304 mettant-
1859 1258 1946 1302 en
1989 1258 2120 1301 9111
2162 1234 2345 1320 91191-

381 1347 509 1411 que
550 1325 766 1409 parde
810 1323 891 1389 de
934 1330 1158 1390 nostre
1211 1326 1450 1403 fiance,
1508 1327 1669 1390 c'est
1721 1320 2024 1389 idolatrie
2037 1375 2055 1403 ,
2115 1328 2347 1388 entant

382 1432 511 1497 que
571 1432 737 1478 nous
791 1409 940 1475 leur
981 1410 1390 1476 transferons
1434 1432 1508 1477 99
1551 1431 1676 1493 9119
1720 1409 1895 1475 1)1911
1949 1409 2201 1474 s'estoit
2243 1430 2345 1474 re-

382 1506 592 1565 serve.

1159 1618 1227 1653 m
1259 1617 1517 1653 mmm
1539 1600 1582 1666 ι)

554 1669 801 1735 Disons
834 1669 1248 1737 maintenant
1282 1667 1363 1734 de
1396 1668 1463 1733 19
1496 1667 1792 1734 maniere
1828 1667 1908 1732 de
1943 1667 2121 1749 [ιι-191·
2147 1665 2341 1732 Dieu.

381 1754 671 1824 Suffivil
715 1756 779 1821 le
812 1756 975 1820 faire
1015 1754 1097 1820 (19
1138 1753 1401 1838 langue,
1447 1775 1533 1819 ou
1567 1755 1625 1820 si
1658 1753 1912 1838 l’esprit
1944 1761 2012 1819 et
2045 1753 2108 1818 19
2142 1771 2346 1818 911991·

381 1865 428 1927 y
470 1854 571 1908 est
613 1842 835 1926 requis
848 1841 881 1905 ?

1226 1943 1494 1997 n'mm'r.

556 2015 663 2079 La
930 2032 966 2078 9
1027 2012 1137 2096 n’y
1204 2018 1307 2077 est
1367 2032 1484 2095 pas
1549 2011 1880 2076 tousiours
1945 2006 2343 2076 necessaire:

380 2101 551 2167 mais
592 2101 641 2165 11
662 2150 665 2153 -
685 2100 826 2165 faut
868 2098 1028 2182 qu’il
1072 2121 1118 2182 y
1164 2099 1258 2163 ait
1298 2097 1718 2181 intelligence
1759 2104 1826 2162 et
1869 2095 2194 2162 affection.

1178 2306 1247 2341 101
1280 2305 1539 2340 mm

554 2356 905 2425 Comment
944 2355 1009 2421 le
1047 2352 1557 2440 prouveras-tu?

1232 2459 1501 2513 L’mm.

554 2529 723 2595 Puis
762 2548 888 2611 que
924 2528 1100 2593 Dieu
1143 2535 1244 2593 est
1275 2528 1523 2612 Esprit,
1568 2526 1619 2592 il
1660 2525 1982 2592 demands
2015 2524 2347 2591 tousiours

380 2614 444 2682 19
500 2636 730 2681 cucur:
800 2622 870 2679 et
922 2613 1466 2698 singulierement
1521 2634 1606 2678 en
1659 2613 1919 2678 oraison
1934 2662 1950 2690 ,
2010 2620 2095 2677 ou
2143 2611 2195 2675 il
2248 2618 2349 2677 est

381 2701 684 2786 question
739 2700 820 2766 de
868 2702 1366 2782 communiquer
1423 2720 1581 2765 avec
1644 2698 1780 2784 luy.
1870 2699 2200 2763 Pourtant
2214 2749 2230 2775 ‚
2296 2696 2347 2761 il

378 2810 467 2854 ne
510 2791 768 2871 promet
811 2785 1051 2851 d’estre
1103 2785 1423 2869 prochain
1437 2837 1452 2865 ,
1511 2785 1704 2851 sinon
1746 2791 1789 2850 a
1829 2805 1997 2850 99111
2041 2784 2155 2867 991
2196 2782 2347 2848 1’19-

378 2881 755 2957 voqueront
798 2894 884 2938 en
926 2872 1162 2937 verite:
1210 2895 1294 2938 au
1339 2870 1693 2951 contraire,
1750 2870 1801 2937 il
1853 2868 2145 2936 maudiot
2197 2876 2347 2937 tous

380 2980 550 3026 ceux
610 2958 725 3043 qui
778 2958 842 3025 19
895 2959 1040 3022 font
1091 2979 1216 3042 par
1273 2958 1676 3043 hypocrisis,
1746 2964 1814 3023 et
1873 2963 1988 3035 [fol.
2029 2961 2136 3035 43]
2192 2976 2347 3023 sans

382 3045 692 3113 affection
733 3044 873 3131 (Ps.
918 3048 1059 3125 145,
1104 3047 1180 3110 18
1195 3068 1212 3126 ;
1249 3046 1374 3111 Ies.
1415 3048 1518 3125 29,
1562 3044 1689 3129 13).
1882 3046 1887 3053 ’

1180 3168 1247 3204 L}
1281 3166 1541 3203 mm.

556 3219 803 3285 'Pontes
838 3218 1088 3301 priores
1110 3217 1276 3284 dono
1308 3216 1536 3284 faictes
1571 3215 1936 3283 seulement
1971 3214 2052 3281 de
2072 3214 2344 3296 bouohe,

381 3313 534 3371 sont
578 3306 963 3389 superfluos.

1228 3405 1498 3460 n’nnmr.

554 3477 621 3544 N
622 3499 710 3544 on
763 3476 1132 3544 seulement
1175 3475 1573 3561 superfluos,
1627 3473 1796 3540 mais
1840 3471 2019 3540 aussi
2063 3471 2347 3557 desplai-

384 3571 611 3630 santes
655 3571 698 3630 a
740 3564 933 3629 Dieu.

460 3681 481 3716 Ι
1183 3684 1251 3718 m
1285 3684 1543 3720 mm.

557 3734 797 3817 Quelle
842 3734 1143 3800 affection
1190 3734 1330 3799 doit
1371 3743 1544 3801 estre
1586 3755 1673 3800 en
1714 3731 1780 3797 la
1822 3731 2037 3816 priere
2053 3729 2084 3793 ²?

672 3870 679 3880 ·
1227 3837 1496 3891 L'urm.

554 3895 1097 3987 Premierement,
1142 3926 1268 3991 que
1310 3928 1475 3973 nous
1517 3903 1813 3972 sentions
1848 3910 2073 3970 nostre
2105 3902 2345 3968 misere

2451 719 2706 785 luntate
2747 741 3048 806 pugnare
3092 719 3273 787 (11919.

3353 843 3507 880 runt.

2627 890 2743 958 Sic
2783 898 2906 965 est.
2994 891 3274 959 Certum
3316 894 3496 960 enim
3534 891 3941 960 infidelitatis
3984 894 4253 980 signum
4293 902 4415 977 est,

2449 978 2532 1044 iis
2567 998 2736 1061 quae
2771 977 2884 1044 dat
2917 977 3107 1045 nobis
3128 979 3334 1060 Deus,
3380 1000 3516 1045 non
3552 999 3695 1047 9999
3731 987 4089 1047 contentos.
4149 980 4413 1047 Deinde

2452 1065 2511 1129 si
2546 1063 2619 1128 in
2657 1068 3057 1144 sanctorum,
3096 1064 3566 1150 angelorumve
3596 1066 3797 1131 fidem
3817 1087 3939 1132 1199
3976 1067 4410 1148 conferamus,

2449 1147 2564 1215 ubi
2603 1171 2724 1215 nos
2775 1147 2860 1215 ad
2904 1171 2975 1215 se
3028 1172 3241 1216 unum
3284 1150 3473 1218 Deus
3527 1159 3720 1218 vocat
3735 1202 3753 1231 ,
3811 1159 4199 1236 partemque
4242 1152 4414 1219 fidu-

2450 1236 2608 1315 ciae,
2652 1256 2820 1319 quae
2854 1242 2994 1301 tota
3028 1237 3315 1327 residere
3350 1238 3421 1303 in
3458 1237 3595 1303 solo
3631 1238 3778 1303 Deo
3815 1237 4146 1318 debuerat,
4191 1244 4414 1305 trans-

2449 1321 2738 1388 feramus
2780 1322 2851 1389 in
2895 1323 3092 1404 ipsos,
3138 1322 3212 1386 in
3252 1321 3688 1389 idololatriam
3724 1324 4160 1407 prolabimur:
4207 1346 4413 1408 quum

2449 1407 2701 1474 scilicet
2747 1409 3119 1491 partiamur
3153 1409 3330 1473 inter
3371 1429 3511 1489 eos,
3568 1409 3744 1493 quod
3794 1409 3921 1475 sibi
3963 1409 4149 1476 Deus
4193 1412 4265 1476 in
4308 1432 4415 1477 99-

2448 1492 2660 1559 11(11191
2702 1494 2822 1559 1191
2838 1495 2898 1579 2)
2943 1493 3334 1573 vindicabat.

3553 1582 3586 1615 Ο

3303 1615 3560 1651 mm

2626 1668 2746 1744 [fol.
2808 1669 2917 1745 63]
2983 1665 3178 1732 Nunc
3254 1665 3334 1731 de
3403 1664 3634 1732 orandi
3711 1666 3965 1731 ratione
4031 1672 4409 1735 tractemus.

2402 1822 2410 1827 ,
2450 1748 2800 1817 Sufficitne
2847 1748 2933 1815 ad
2966 1751 3289 1817 orandum
3339 1751 3598 1837 lingua:
3649 1770 3734 1817 an
3788 1759 4081 1818 mentem
4114 1754 4315 1818 etiam
4350 1760 4419 1819 et
4551 1780 4558 1787 -

2449 1856 2564 1902 cor
2598 1836 2876 1920 requirit
2917 1837 3170 1902 oratio?

3353 1959 3505 1994 PUER-

2621 2007 2893 2092 Lingua
2934 2007 3201 2090 quidem
3243 2030 3380 2074 non
3424 2030 3686 2094 semper
3728 2010 4098 2076 necessaria
4138 2016 4266 2076 est:
4311 2011 4416 2076 in-

2450 2093 2818 2179 telligentia
2879 2113 3033 2159 vero
3090 2100 3158 2159 et
3221 2094 3465 2161 affectu
3521 2115 3865 2179 nunquam
3921 2116 4145 2163 carere
4198 2101 4416 2182 potest

2449 2201 2612 2247 vera
2645 2180 2872 2246 oratio.

3301 2301 3560 2337 ΠΠῘΒΤΕΒ.

2624 2350 2775 2433 Quo
2817 2350 2985 2417 mihi
3027 2360 3417 2437 argumento
3458 2350 3585 2418 1199
3616 2350 3967 2436 probabis?

3355 2473 3508 2510 mn.
3977 2482 3988 2497 ⁸

2625 2522 3172 2608 Quandoquidem
3216 2523 3403 2591 Deus
3460 2524 3732 2608 spiritus
3788 2531 3922 2604 est,
3977 2543 4188 2607 quum
4243 2523 4409 2590 alias

2451 2630 2713 2693 semper
2755 2629 2869 2674 oor
2914 2612 2995 2677 ab
3051 2610 3429 2677 hominibus
3473 2609 3707 2695 exigit,
3758 2615 3904 2674 tum
3946 2629 4106 2675 vero
4149 2608 4224 2675 in
4266 2629 4416 2676 ora-

2449 2696 2632 2761 tione
2646 2697 3053 2780 praesertim,
3072 2718 3201 2780 9119
3214 2719 3365 2763 cum
3380 2697 3523 2781 ipso
3549 2697 4054 2763 communicant.
4077 2694 4135 2779 8)
4159 2694 4432 2777 Quam-.

2450 2781 2679 2849 obrem
2737 2803 2872 2847 non
2928 2782 3060 2848 nisi
3119 2783 3204 2848 iis
3259 2783 3374 2866 qui
3430 2804 3584 2848 eum
3633 2783 3706 2847 in
3743 2782 4024 2847 veritate
4067 2782 4415 2850 invocave-

2449 2870 2605 2948 rint,
2649 2868 3091 2952 propinquum
3135 2890 3206 2934 se
3247 2868 3387 2935 fore
3429 2867 3798 2953 pollicetur:
3844 2888 3930 2933 91
3974 2865 4254 2934 adverso
4298 2889 4416 2933 911-

2449 2961 2587 3020 tem
2642 2962 3022 3021 exsecratur
3064 2976 3293 3021 omnes
3350 2961 3421 3020 et
3461 2953 3822 3035 maledicit,
3876 2953 3990 3037 qui
4032 2974 4153 3037 per
4203 2954 4413 3020 fictio-

2450 3062 2626 3122 nem,
2674 3049 2741 3106 et
2782 3061 2916 3107 non
2961 3063 3044 3108 91
3089 3040 3309 3109 991919
3352 3048 3723 3125 precantur.

3301 3162 3561 3198 mm.

2619 3212 2854 3278 Vanae
2909 3232 3065 3296 ergo
3121 3219 3189 3277 et
3226 3212 3423 3278 nihili
3475 3218 3676 3298 erunt
3713 3232 3942 3296 preces
3988 3230 4414 3297 quaecunque

2449 3298 2678 3384 lingua
2712 3305 2975 3366 tantum
3018 3305 3373 3383 conceptae
3411 3298 3678 3364 fuerint.

3355 3419 3508 3456 rmm.
4029 3427 4042 3434 ’

2621 3470 2775 3537 Non
2818 3468 2889 3536 id
2929 3470 3153 3539 modo:
3211 3470 3328 3538 99(1
3369 3471 3518 3536 Ι)99
3576 3470 3777 3536 etiam
3831 3489 4246 3555 summopere
4281 3467 4418 3537 dis-

2447 3557 2807 3641 plicebunt.

3299 3677 3559 3714 mama.

2623 3727 2910 3813 Qualem
2949 3730 3024 3794 in
3061 3728 3354 3795 oratione
3400 3728 3710 3797 affectum
3751 3724 3961 3814 exig-it
4002 3725 4191 3794 Deus
4204 3726 4237 3790 ⁴?

3354 3851 3507 3888 PUER-

2619 3901 2927 3968 Primum
2941 3952 2960 3982 ,
3026 3902 3318 3987 inopiam
3368 3901 3798 4000 miseriasque
3847 3904 4132 3965 nostras·
4162 3898 4410 3966 sentia-

381 3999 451 4059 et
492 4001 794 4078 povrete:
841 4003 909 4060 et
952 4013 1081 4077 que
1123 4014 1197 4060 ce
1240 3994 1599 4058 sentiment
1642 4012 1836 4057 cause
1881 4011 1966 4056 en
2007 4010 2173 4055 nous
2213 4010 2344 4054 une
2445 4009 2628 4055 mus:
2677 3996 2882 4072 utque
2934 3988 2993 4053 is
3048 4007 3284 4054 sensus
3340 4007 3709 4054 moerorem
3754 4008 3826 4051 1n
3881 3984 4123 4051 animis
4164 3986 4410 4052 nostris

380 4078 703 4145 fascherie
748 4089 814 4146 et
858 4080 1188 4164 angoisse:
1234 4080 1384 4163 puis
1419 4100 1547 4163 que
1590 4097 1756 4143 nous
1798 4094 2005 4163 ayons
2039 4096 2135 4140 un
2169 4073 2345 4142 desir
2391 4075 2399 4190 ι
2443 4081 2512 4139 91,
2554 4075 2961 4140 anxietatem
3015 4079 3316 4159 generet:
3373 4070 3610 4138 deinde
3658 4079 3732 4137 ut
3783 4072 4162 4139 vehementi
4203 4072 4410 4140 serio·

378 4166 739 4234 vehement
781 4165 1106 4232 d’obtenir
1147 4185 1340 4251 grace
1384 4163 1629 4231 devant
1668 4161 1863 4242 Dieu,
1908 4160 2126 4245 lequel
2167 4158 2345 4227 desir
2446 4181 2575 4260 que
2629 4159 3020 4226 obtinendae
3059 4180 3100 4225 9
3139 4159 3286 4227 Ι)99

3451 4158 3582 4223 tiae
3635 4156 3958 4225 desiderio
3997 4165 4410 4226 aestuemus:

380 4251 712 4317 enflambe
766 4272 889 4316 noz
945 4273 1177 4318 cueurs
1193 4302 1207 4331 ,
1266 4261 1335 4316 et
1389 4248 1723 4336 engendre
1766 4269 1850 4315 en
1892 4269 2058 4314 nous
2098 4268 2194 4313 un
2238 4267 2343 4314 91·-
2446 4267 2561 4331 9111
2603 4246 2914 4331 precandi
2956 4266 3210 4330 quoque
3255 4264 3295 4309 a
3375 4265 3557 4309 orem
3598 4243 3670 4309 in
3712 4243 3902 4310 nobis
3947 4243 4281 4312 accendat.
4302 4245 4360 4328 ⁴)

381 4335 551 4403 deur
594 4336 676 4402 de
718 4338 914 4421 prior.
1289 4417 1295 4426 .

379 4595 428 4663 d
511 4507 733 4659 DQela?
751 4506 1114 4594 procede-il
1146 4459 1247 4573 (113-
1261 4457 1778 4587 ffiwgnhamre,
1813 4526 1901 4573 ou
1937 4503 2018 4570 de
2051 4502 2118 4568 19
2150 4521 2346 4588 grace

429 4616 468 4661 e
581 4617 689 4662 1911

559 4766 623 4832 Π
674 4767 821 4832 faut
861 4786 990 4850 que
1032 4765 1212 4832 Dieu
1232 4715 1694 4852 Lynbegbngne.
1785 4763 1921 4830 091·
1961 4782 2126 4828 nous
2171 4781 2345 4826 som-

2620 4503 2686 4569 A
2727 4503 3039 4569 nativone
3072 4451 3750 4587 hommffiwildgemo
3785 4508 4014 4569 manat
4055 4500 4164 4567 hio
4208 4501 4410 4568 affec·

2449 4596 2578 4670 tus,
2602 4610 2713 4654 .an
2757 4610 2798 4654 a
2840 4588 2970 4666 Dei
3013 4588 3229 4675 gratia
3269 4587 3401 4655 illis
3443 4587 3799 4670 provenit?

3352 4710 3506 4747 PUER-

2620 4760 2842 4826 Deum
2897 4760 3006 4825 hio
3061 4761 3252 4827 nobis
3310 4762 3665 4828 subvenire
3732 4779 4000 4825 11999999
4056 4764 4176 4822 est.
4266 4758 4411 4826 Nos

378 4874 530 4923 11199
570 4862 720 4937 trop
765 4849 1093 4953 stupidos:
1148 4852 1315 4917 mais
1367 4850 1511 4918 l’Es
1558 4852 1645 4917 rit
1687 4849 1768 4917 de
1808 4848 1988 4916 Dieu
2030 4867 2202 4914 nous
2242 4848 2347 4913 in·
2416 4846 2630 4913 enim
2665 4844 2751 4912 ad
2793 4852 3149 4930 utrumque
3182 4866 3453 4929 prorsus
3498 4867 3728 4913 sumus
3770 4843 4035 4928 stupidi.
4111 4841 4414 4930 Spiritus

381 4940 520 5008 cite
563 4946 608 5018 a
649 4941 1118 5024 gemissemens
1160 4938 1512 5006 inenarrab
1540 4959 1611 5004 99
1628 4989 1644 5020 ,
1701 4944 1769 5004 et
1820 4937 2028 5003 forme
2084 4955 2167 4999 en
2221 4954 2345 5000 noz

704 5180 763 5242 1)
802 5179 881 5233 Le
916 5177 1000 5232 35.
1040 5178 1335 5233 dimancbe.
1373 5203 1440 5215 -
1473 5176 1519 5231 11
1551 5176 1673 5231 faut
1705 5177 1853 5257 prier
1887 5175 1954 5230 de
1992 5191 2172 5231 cucur.

2446 4934 2579 5000 Dei
2619 4938 2738 5014 est,
2783 4933 2895 5017 qui
2937 4932 3416 5001 inenarrabiles
3459 4932 3745 5018 gemitus
3790 4929 4037 4997 excitat
4083 4929 4156 4995 in
4198 4932 4412 5013 nobis,

700 5246 760 5314 2)
799 5249 892 5302 uni
927 5248 1075 5303 deest
1106 5249 1167 5300 in
1201 5248 1283 5302 ed.
1322 5246 1502 5301 Betae
1536 5251 1586 5300 et
1624 5246 2024 5313 postea-mribus
2056 5244 2284 5299 eandm
2328 5244 2687 5323 sequentibus.
2725 5295 2729 5304 ,
3022 5241 3083 5308 3)
3120 5240 3259 5296 1563
3292 5247 3385 5296 etc.
3423 5239 3556 5294 add.
3593 5253 3694 5295 sua
3729 5249 3873 5296 vota.
4221 5236 4282 5305 4)
4286 5255 4414 5365 Q

388 5359 403 5373 .
447 5359 469 5398 .·
498 5359 507 5369 .
549 5360 560 5370 .
596 5317 875 5372 accendat.
948 5315 1043 5371 Sic
1086 5317 1336 5372 mendose
1380 5316 1565 5385 lequnt
1609 5312 1730 5369 edd.
1778 5315 2134 5395 antiquiores.
2212 5311 2498 5367 Gallam:
2581 5380 2593 5392 θ
2658 5318 2742 5366 ost
2775 5328 2896 5367 eum
2930 5312 3085 5366 Besa
3117 5315 3504 5378 correxerunt.-
3539 5326 3678 5379 91199
3717 5352 3730 5365 .
3769 5350 3782 5363 .
3821 5348 3836 5363 .
3872 5350 3884 5364 .
3922 5307 4249 5377 amandun

387 5401 631 5443 umores
668 5383 800 5438 1561
836 5401 979 5455 seqq.
1014 5386 1159 5453 quod
1195 5426 1208 5440 .
1246 5425 1260 5439 .
1298 5427 1312 5439 .
1350 5425 1363 5438 .
1400 5384 1676 5452 accendat,
1710 5382 1861 5452 quod
1891 5383 2050 5438 nob-⁸
2075 5380 2501 5452 prada-endum
2532 5328 2763 5436 vagum
3934 5462 3999 5517 6*
