4999 6179
557 474 683 540 26⁷

553 670 820 729 nostrae
862 661 1037 725 vires
1081 658 1279 742 longo
1322 655 1672 723 intervallo
1708 674 2019 738 superare
2034 677 2050 732 ;
2096 651 2350 730 deinde,
2397 672 2513 716 ne-

553 749 800 814 minem
853 765 1145 828 unquam
1190 743 1548 820 exstitisse,
1593 742 1706 824 qui
1759 740 2051 805 iustitiae
2107 737 2277 822 legis
2320 737 2513 836 'omni

553 857 639 901 ex
681 840 868 917 parte
904 831 1322 910 satisfecerit3
1370 828 1698 894 neminem
1743 826 1899 905 fore,
1947 844 2023 890 ac
2068 845 2152 889 ne
2197 834 2514 889 exs1stere

555 919 820 1005 quidem
888 938 1078 1000 posse
1135 916 1352 981 talem.
1441 913 1672 996 Neque
1725 920 1949 977 tamen
2004 912 2257 975 interea
2313 928 2514 992 nega-

556 1027 732 1085 mus,
791 1003 954 1087 quin
1010 1002 1262 1067 homini
1317 999 1524 1084 possit
1566 998 1751 1064 Deus
1801 998 2005 1062 talem
2060 995 2313 1093 gratiae
2365 1015 2514 1077 per-

554 1093 901 1159 fectionem
944 1088 1267 1166 conferre,
1321 1106 1488 1170 quae
1533 1106 1652 1168 par
1694 1083 1782 1150 sit
1822 1085 2047 1148 futura
2088 1081 2378 1146 iustitiae
2418 1078 2512 1144 le-

556 1179 689 1263 gis:
744 1175 859 1242 sed
909 1175 1063 1258 quia
1093 1195 1188 1239 ·se
1230 1173 1563 1237 facturum
1605 1171 1730 1236 hoc
1773 1169 2072 1253 negavit,
2131 1165 2515 1250 simpliciter

556 1261 958 1348 impossibile
1022 1257 1302 1326 dicimus
1370 1258 1531 1322 fieri.
1622 1256 1724 1322 Ac
1790 1276 1872 1320 ne
1931 1251 2275 1320 videamur
2338 1251 2513 1350 loqui

559 1350 700 1416 sine
745 1354 989 1425 autore,
1030 1344 1320 1410 Paulum
1363 1343 1435 1407 in
1478 1343 1602 1408 hoc
1646 1341 2003 1425 sequimur,
2048 1339 2161 1422 qui
2202 1358 2340 1402 non
2385 1337 2515 1436 alia

558 1435 809 1501 ratione
861 1431 1095 1515 probat
1149 1450 1377 1495 omnes
1421 1429 1535 1513 qui
1588 1428 1707 1494 sub
1766 1427 1911 1510 lege
1955 1434 2144 1502 sunt,
2203 1422 2511 1488 maledic-

563 1521 725 1586 tioni
769 1540 913 1585 esse
954 1516 1299 1594 obnoxios,
1356 1515 1484 1580 nisi
1538 1515 1694 1597 quia
1745 1510 2224 1578 maledicantur
2263 1529 2510 1587 omneS,

556 1607 671 1691 qui
729 1626 861 1671 non
913 1603 1401 1687 permanserint
1462 1606 1610 1680 [pag.
1652 1603 1759 1678 48]
1822 1598 1893 1663 in
1945 1597 2274 1674 omnibus,
2345 1614 2512 1677 quae

558 1692 803 1776 scripta
845 1697 1004 1756 sunt
1048 1686 1230 1773 (Gal.
1273 1691 1329 1765 3,
1374 1687 1503 1771 10).
1589 1685 1745 1750 Non
1800 1690 2007 1749 staret
2050 1689 2269 1747 autem
2316 1700 2513 1778 argu-

555 1785 873 1856 mentum,
919 1775 1049 1839 nisi
1091 1793 1211 1857 pro
1256 1772 1548 1838 confesso
1593 1777 1970 1848 assumeret,
2018 1767 2348 1832 neminem
2386 1786 2513 1829 im-

552 1864 738 1948 plere
800 1882 1008 1945 posse.
1096 1860 1351 1924 Demus
1419 1857 1597 1922 enim
1661 1877 1870 1921 unum
1934 1854 2223 1936 aliquem
2285 1870 2509 1933 posse:

557 1949 770 2034 qualis
828 1947 957 2013 erit
1013 1943 1468 2011 ratiocinatio?
1557 1943 1745 2007 Deus
1797 1938 2132 2005 maledicit
2182 1937 2508 2016 omnibus,

556 2036 672 2119 qui
725 2034 940 2117 legem
999 2052 1191 2096 suam
1255 2051 1386 2095 non
1449 2027 1743 2112 implent.
1831 2027 2014 2108 Ergo
2077 2042 2344 2089 necesse
2409 2030 2512 2086 est

557 2141 786 2186 omnes
831 2137 974 2183 esse
1015 2115 1428 2193 maledictos,
1485 2113 1600 2198 qui
1639 2131 1932 2195 unquam
1975 2110 2275 2186 fuerunt,
2333 2117 2509 2186 sunt,

557 2212 625 2272 et
662 2210 875 2272 erunt.
945 2200 1083 2269 Sed
1124 2201 1374 2267 Paulus
1415 2200 1814 2283 principium
1857 2194 2071 2273 habet,
2117 2194 2367 2292 scilicet
2405 2195 2510 2258 in-

557 2291 893 2375 cognitum
934 2287 1206 2372 Pighio:
1254 2286 1699 2353 necessarium
1743 2282 1981 2348 debere
2017 2300 2291 2358 censen,
2335 2277 2512 2363 quod

556 2376 897 2461 scripturis
939 2373 1349 2458 praedictum
1392 2381 1509 2437 cst.
1579 2370 1802 2452 Quum
1838 2368 2043 2451 igitur
2076 2373 2336 2432 sanctos
2370 2385 2510 2464 om-

555 2484 675 2529 nes
718 2483 863 2527 reos
905 2458 1449 2544 transgressionis
1490 2457 1689 2522 faciat
1731 2455 2087 2536 scriptura,
2129 2451 2283 2517 inde
2311 2450 2511 2552 ‚colh-

553 2569 710 2633 gere
754 2568 886 2612 non
931 2545 1217 2624 dubitat,
1272 2543 1609 2610 neminem
1651 2562 1793 2607 esse
1836 2539 1951 2623 qui
1993 2546 2180 2604 reatu
2222 2557 2511 2603 eximere

556 2656 627 2702 se
668 2633 892 2717 possit.
980 2631 1218 2696 Patres
1260 2649 1440 2708 ver0,
1482 2629 1700 2712 legem
1741 2624 2093 2692 observatu
2135 2623 2510 2707 possibilem

555 2740 763 2804 quum
807 2718 1129 2792 dicerent,
1186 2735 1318 2780 non
1377 2715 1503 2779 hoc
1556 2712 1641 2778 ad
1693 2711 1882 2777 liberi
1939 2710 2194 2776 arbitrii
2236 2710 2509 2774 faculta—

556 2813 721 2882 tem,
798 2800 913 2868 sed
973 2802 1225 2885 gratiae
1298 2800 1655 2883 potentiam
1717 2796 2103 2863 referebant.
2203 2795 2377 2859 Nam
2443 2802 2513 2858 et

557 2889 1008 2974 Hieronymus
1050 2887 1209 2969 ipse,
1254 2907 1452 2969 quem
1492 2886 1652 2949 citat
1695 2884 2001 2968 Pighius,
2047 2882 2142 2946 sic
2185 2882 2510 2963 interpre-

557 2982 757 3041 tatur.
822 2973 1240 3057 Augustinus
1268 2976 1312 3054 ¹)
1351 2971 1550 3037 etiam
1586 2970 1855 3036 clarius:
1894 2967 2046 3032 Non
2071 2974 2295 3032 utrum
2317 2986 2510 3049 prae-

557 3070 822 3146 ceptum
857 3060 944 3126 sit
984 3059 1256 3138 homini,
1300 3058 1532 3141 inquit,
1576 3062 1652 3121 ut
1685 3056 1827 3123 sine
1861 3062 2124 3139 peccato
2159 3053 2264 3128 sit,
2310 3073 2509 3137 quae-

556 3149 734 3214 ritur
775 3148 910 3231 (est
948 3146 1126 3210 enim
1146 3143 1622 3227 manifestum),
1667 3141 1782 3208 sed
1825 3148 2051 3206 utrum
2093 3141 2165 3204 in
2207 3138 2333 3205 hoc
2365 3160 2510 3205 cor-

556 3253 717 3318 pore
767 3231 975 3315 possit
1022 3230 1312 3314 impleri,
1369 3229 1483 3296 ubi
1537 3249 1686 3295 caro
1741 3227 2142 3310 concupiscit
2192 3223 2510 3291 adversus

559 3319 885 3403 spiritum.
979 3315 1191 3381 Paulo
1234 3324 1383 3400 post
1436 3314 1802 3398 subiungit:
1856 3314 2009 3378 Non
2063 3312 2147 3377 ad
2200 3312 2511 3377 saturita-

559 3411 695 3470 tem
740 3402 1056 3481 iustitiae,
1114 3423 1319 3484 quum
1361 3401 1518 3467 hinc
1561 3401 1827 3477 exierit,
1886 3399 2231 3483 quisquam
2274 3417 2510 3480 perve-

556 3491 713 3568 niet,
759 3488 870 3570 qui
913 3508 1045 3552 non
1090 3485 1438 3553 esuriendo
1482 3493 1550 3551 et
1592 3484 1872 3551 sitiendo
1916 3483 2297 3552 cucurrerit.
2377 3482 2511 3547 Hic

557 3575 851 3658 loquitur
894 3572 975 3637 de
1017 3572 1281 3651 sanctis,
1333 3573 1446 3655 qui
1489 3572 1727 3655 spiritu
1761 3571 1890 3635 Dei
1929 3572 2063 3635 iam
2096 3569 2170 3633 in
2204 3567 2513 3634 obedien-

557 3662 720 3725 tiam
759 3658 929 3742 legis
972 3663 1276 3741 aguntur.
1342 3657 1475 3723 Ubi
1519 3678 1674 3723 vero
1716 3661 1957 3721 tractat
1997 3654 2079 3719 de
2121 3663 2378 3731 natura,
2424 3674 2512 3717 ne

556 3745 869 3812 inchoare
921 3742 1186 3827 quidem
1238 3764 1430 3827 posse
1480 3742 1696 3827 legem
1752 3741 2074 3809 concedit:
2133 3740 2304 3805 sicut
2355 3737 2509 3803 alibi

556 3831 948 3898 videbimus.
1039 3829 1267 3912 Neque
1310 3829 1488 3894 enim
1531 3829 1774 3894 iustam
1815 3827 2032 3893 adhuc
2067 3826 2148 3892 de
2190 3825 2272 3890 iis
2315 3825 2511 3890 rebus

559 3917 1071 4000 disputationem
1125 3913 1567 3999 ingredimur:
1626 3935 1754 3997 quo
1808 3914 1887 3978 fit
1943 3921 2019 3978 ut
2075 3912 2310 3978 leviter
2361 3919 2511 3976 tan-

555 4013 700 4068 tum
747 4024 859 4068 eas
897 4009 1368 4080 transcurram,
1415 4021 1545 4083 quo
1587 3999 1781 4066 citius
1822 4000 2203 4082 perveniam
2239 3996 2324 4062 ad
2357 4016 2511 4082 pro-

554 4090 779 4172 prium
820 4108 1050 4152 earum
1091 4085 1325 4153 locum.

728 4171 1129 4257 Quanquam
1180 4172 1454 4238 minime
1502 4170 1877 4255 recipienda
1928 4178 2030 4237 est
2081 4170 2246 4236 haec
2288 4168 2511 4236 condi-

558 4259 670 4338 tio,
715 4257 799 4322 ad
843 4279 1039 4341 quam
1081 4258 1364 4343 Pighius
1407 4278 1614 4342 quum
1657 4257 1900 4340 ubique
1915 4309 1930 4334 ,
1976 4265 2118 4322 tum
2162 4257 2286 4321 h‘oc
2323 4275 2512 4339 prae-

560 4344 792 4411 sertim
832 4342 978 4408 loco
1021 4364 1141 4409 nos
1192 4351 1491 4409 revocat:
1552 4350 1628 4407 ut
1666 4340 1823 4408 fidei
1864 4342 2193 4427 regulam,
2248 4362 2383 4407 non
2426 4364 2511 4407 ex

558 4431 689 4498 Dei
731 4428 951 4508 verbe,
996 4428 1113 4494 sed
1155 4428 1464 4495 ecclesiae
1507 4428 1861 4494 traditione
1909 4435 2228 4512 petamus.
2316 4428 2514 4494 Absit

557 4537 718 4582 vero
761 4522 838 4580 ut
880 4515 1239 4581 christiana
1275 4512 1440 4580 fides
1484 4523 1620 4578 tam
1664 4515 1926 4580 infirmo
1969 4521 2039 4579 et
2080 4513 2323 4580 caduco
2356 4514 2510 4579 fun-

559 4600 863 4668 damento
897 4600 1223 4667 fulciatur.
1291 4598 1471 4680 Quid
1506 4601 1684 4665 enim
1720 4599 1902 4666 aliud
1934 4600 2331 4683 relinquitur
2365 4601 2512 4666 Deo

559 4688 735 4766 vim,
775 4707 971 4770 quam
1005 4686 1282 4751 mortuis
1314 4684 1526 4765 idolis,
1564 4687 1618 4751 si
1655 4685 1932 4752 decretis
1967 4687 2314 4752 hominum
2332 4693 2511 4752 stare

558 4771 666 4838 vel
723 4772 957 4838 cadere
1012 4771 1267 4837 dicatur
1304 4777 1575 4837 aeterna
1630 4772 1771 4838 eius
1822 4771 2114 4839 veritas?
2199 4772 2294 4837 Et
2340 4793 2511 4854 quae

558 4857 687 4923 erit
728 4856 881 4922 fidei
916 4855 1262 4937 stabilitas,
1306 4877 1503 4942 quam
1538 4856 1853 4925 adversus
1886 4879 2115 4924 omnes
2147 4858 2511 4924 inferorum

557 4942 898 5008 machinas
949 4943 1262 5009 invictam
1315 4950 1490 5010 stare
1554 4951 1844 5028 oportet,
1911 4945 1968 5011 si
2025 4944 2107 5010 ab
2164 4944 2510 5010 hominum

559 5034 710 5110 [pag.
749 5030 859 5107 49]
913 5034 1084 5094 nutu
1126 5030 1523 5113 arbitrioque
1564 5028 1891 5114 pendeat?
1981 5028 2118 5097 Sed
2162 5029 2509 5097 audiamus

556 5113 763 5181 bellas
806 5113 1093 5182 hominis
1134 5116 1442 5196 rationes,
1488 5116 1726 5201 quibus
1770 5136 2008 5202 urgere
2050 5137 2171 5183 nos
2214 5124 2504 5183 conatur.

693 5388 753 5458 1)
786 5388 848 5444 In
884 5388 1060 5459 Epist.
1094 5388 1166 5444 ad
1199 5388 1622 5463 Ctesiphontem,
1656 5391 1739 5447 Dc
1775 5390 2004 5461 perfect.
2037 5390 2290 5446 iustitiae.

1862 462 2392 533 RESPONSIO
2437 462 2816 530 oomA
2855 432 3274 530 melinum

4451 463 4578 526 268

2618 647 3044 749 Praedictum
3088 657 3206 729 est,
3252 649 3486 733 inquit,
3532 651 3671 716 fore
3715 656 3928 717 sectas
3964 660 4032 715 et
4064 650 4395 752 haereses:
4436 650 4579 717 fore

2619 735 4320 907 31¹3.pffffitffis‘ssbsstff⁸3¹3s¹t20⁶2ffi⁸331
4338 758 4580 889 3233?

2618 914 2721 970 tos
2788 906 2869 971 ab
2935 907 3091 972 ovili
3147 907 3405 972 Christi
3470 907 3828 988 abducant,
3897 908 4171 973 doceant
4234 908 4579 975 Christum

2619 1000 2847 1057 contra
2890 991 3254 1073 Christum,
3298 994 3371 1059 in
3407 992 3683 1073 deserto,
3728 994 3801 1058 in
3837 995 4115 1079 angulis,
4161 994 4232 1058 in
4265 994 4576 1061 latibulis.

2619 1075 3009 1162 Subiungit,
3067 1078 3303 1161 quibus
3347 1080 3550 1146 armis
3592 1089 3980 1164 oppugnent
4034 1080 4372 1147 ecclesiam
4419 1081 4578 1147 hae-

2617 1164 2835 1230 retici:
2880 1185 3135 1246 nempe,
3182 1164 3420 1247 quibus
3466 1163 3678 1232 Satan
3722 1166 3858 1230 dux
3898 1188 4124 1232 eorum
4161 1175 4229 1232 et
4263 1168 4580 1250 magister

2619 1247 2961 1315 Christum
3005 1271 3356 1334 aggressus
3400 1261 3531 1327 est,
3588 1250 3713 1317 hoc
3768 1259 3899 1331 est,
3954 1251 4300 1335 scripturis
4342 1272 4577 1337 perpe-

2618 1355 2760 1399 ram
2800 1335 2875 1398 in
2919 1356 3116 1401 suum
3158 1356 3429 1402 sensum
3473 1337 3763 1403 detortis.
3855 1337 4078 1402 Tertio
4134 1337 4277 1404 loco
4334 1336 4417 1403 ad
4469 1360 4576 1405 re-

2620 1419 2910 1485 medium
2959 1420 3325 1487 descendit:
3374 1422 3432 1488 si
3478 1421 3705 1488 fideles
3748 1423 3996 1489 scilicet
4037 1445 4109 1489 se
4152 1424 4234 1489 ab
4269 1423 4578 1492 ecclesiae

2618 1505 2875 1571 unitate
2939 1528 3073 1571 non
3137 1508 3478 1590 patiantur
3542 1508 3795 1575 abduci.
3906 1509 4052 1593 Ego
4117 1530 4280 1575 vero
4345 1511 4574 1591 fateor,

2618 1591 2774 1656 huic
2817 1590 2990 1655 malo
3035 1613 3295 1676 semper
3337 1593 3689 1659 obnoxiam
3730 1595 3931 1660 fuisse
3975 1594 4335 1674 ecclesiam,
4382 1601 4450 1661 et
4490 1596 4577 1663 ad

2617 1677 2821 1742 finem
2864 1697 3073 1759 usque
3114 1677 3348 1743 mundi
3390 1678 3557 1761 fore,
3613 1686 3689 1745 ut
3733 1680 3813 1745 ab
3860 1680 4158 1746 hostibus
4202 1680 4575 1749 domesticis

2617 1762 2910 1846 graviter
2953 1763 3219 1829 laboret.
3312 1762 3508 1846 Quod
3559 1774 3629 1830 et
3680 1767 3975 1831 omnium
4033 1774 4404 1850 temporum
4458 1790 4575 1834 ex-

2615 1849 3000 1932 perimentis
3042 1848 3192 1932 plus
3236 1851 3398 1915 satis
3440 1853 3937 1935 comprobatum
3980 1852 4260 1919 antehac
4302 1854 4456 1933 fuit,
4507 1860 4577 1920 et

2618 1955 2794 2000 nunc
2837 1955 3077 2017 magno
3120 1943 3345 2002 nostro
3387 1937 3563 2002 malo
3580 1987 3594 2016 ,
3653 1945 3720 2003 et
3773 1959 3907 2002 non
3958 1940 4100 2004 sine
4154 1938 4574 2006 acerbissimo

2617 2019 2838 2085 dolore
2892 2022 3287 2104 experimur.
3377 2020 3526 2104 Quo
3581 2023 3860 2090 atrocior
3913 2031 4015 2089 est
4065 2024 4269 2108 pestis
4325 2045 4401 2090 ac
4454 2046 4574 2092 no-

2614 2105 2884 2185 centior,
2930 2127 3007 2172 eo
3050 2109 3262 2191 magis
3306 2106 3386 2174 de
3431 2109 3718 2175 remedio
3762 2109 4182 2193 cogitandum
4230 2131 4373 2177 esse
4406 2109 4573 2179 bene

2615 2189 2924 2257 admonet
2964 2192 3272 2276 Pighius:
3331 2194 3446 2261 sed
3490 2195 3684 2279 quale
3725 2194 3896 2260 illud
3937 2195 4053 2276 sit,
4103 2195 4568 2279 quaerendum.

2613 2276 2825 2342 Miror
2866 2285 3106 2357 autem,
3152 2279 3489 2346 hominem
3532 2283 3627 2348 sic
3667 2282 4093 2365 praecipitem
4127 2282 4286 2348 ferri
4321 2302 4440 2349 suo
4475 2284 4573 2349 af-

2613 2363 2791 2428 fectu
2806 2413 2823 2442 ,
2882 2372 2960 2428 ut
3012 2384 3083 2429 86
3136 2365 3505 2451 impingere
3546 2368 3759 2450 primo
3805 2366 4015 2452 gradu
4060 2366 4144 2433 ad
4188 2389 4423 2433 verum
4465 2391 4571 2435 re-

2614 2447 2909 2514 medium
2951 2471 3084 2515 non
3129 2453 3391 2518 sentiat.
3477 2451 3628 2518 Non
3674 2452 3965 2533 dubium,
4005 2454 4239 2537 inquit,
4285 2454 4442 2537 quin
4478 2456 4573 2520 sic

2616 2533 2997 2600 adoriantur
3037 2558 3216 2603 nunc
3257 2538 3400 2621 pios
3443 2538 3786 2619 haeretici,
3832 2539 4116 2623 qualiter
4159 2537 4366 2606 Satan
4411 2539 4572 2606 olim

2614 2620 2986 2686 Christum:
3033 2642 3269 2706 nempe
3301 2623 3469 2690 falsa
3502 2626 3978 2708 scripturarum
4010 2626 4148 2692 inte
4231 2627 4567 2692 rotatione.

2615 2702 2785 2786 Quis
2828 2727 2964 2771 non
3005 2710 3315 2775 continuo
3356 2731 3536 2776 nunc
3578 2711 3837 2790 inferat,
3878 2712 4158 2778 resisten
4207 2733 4315 2777 um
4362 2712 4572 2796 igitur

2614 2791 2915 2875 exemplo
2959 2792 3253 2859 Christi?
3342 2793 3518 2877 Quid
3578 2797 3796 2863 enim?
3886 2798 3998 2862 An
4049 2798 4235 2882 impii
4279 2795 4570 2864 Satanae

2615 2879 2990 2962 magisterio
3023 2877 3108 2943 ad
3135 2881 3229 2944 im
3276 2881 3661 2964 ugnandam
3693 2882 3890 2949 fidem
3910 2884 4342 2963 instruentur,
4373 2882 4571 2950 Chri-

2615 2970 2756 3029 stus
2802 2963 2887 3028 ad
2930 2964 3084 3030 fidei
3128 2965 3209 3030 de
3236 2968 3572 3033 ensionem
3628 2990 3779 3034 suos
3831 2991 3968 3034 non
4011 2968 4332 3034 armabit?
4421 2969 4573 3035 Iam

2613 3069 2772 3116 vero
2816 3070 2944 3133 quo
2987 3050 3233 3137 clypeo,
3280 3073 3407 3136 quo
3450 3053 3685 3138 gladic,
3737 3063 3805 3121 et
3846 3055 4083 3140 quibus
4127 3056 4327 3121 armis
4374 3053 4571 3123 Sata—

2614 3157 2771 3201 nam
2815 3144 2970 3203 tunc
3013 3137 3361 3221 repulerit,
3407 3148 3641 3205 notum
3681 3148 3799 3207 est.
3888 3140 4228 3226 Scriptum
4282 3148 4409 3223 est,
4462 3143 4571 3207 in·

2614 3223 2774 3305 quit.
2865 3220 3097 3302 Quum
3150 3225 3290 3289 sola
3341 3225 3666 3309 scriptura
3728 3228 3937 3293 fretus
3998 3228 4346 3313 profligato
4410 3228 4569 3294 sub-

2613 3315 2884 3391 actoque
2938 3309 3127 3375 hoste
3180 3311 3391 3376 victor
3448 3311 3710 3392 evadat,
3772 3333 3992 3378 nonne
4046 3323 4115 3378 et
4165 3313 4324 3380 illuc
4377 3314 4571 3398 quasi

2613 3393 2871 3459 sublato
2914 3396 3104 3479 signo
3145 3416 3268 3461 nos
3311 3405 3526 3477 vocat,
3583 3406 3650 3463 et
3701 3405 3946 3464 certam
3989 3399 4334 3466 victoriam
4375 3400 4571 3485 polli-

2613 3479 2840 3546 cetur?
2931 3478 3112 3561 Quid
3167 3488 3387 3547 autem
3427 3483 3711 3567 Pighius
3765 3506 3851 3550 ex
3900 3483 4222 3552 adverso?
4312 3485 4568 3552 Haere-

2614 3565 2729 3632 tici
2770 3566 2842 3630 in
2884 3565 3009 3632 hoc
3061 3568 3291 3649 capitis
3347 3568 3450 3633 sui
3493 3567 3784 3637 Satanae
3837 3572 4183 3636 imitantur
4228 3573 4567 3653 astutiam,

2613 3651 2787 3735 quod
2828 3651 2954 3717 sub
2994 3651 3159 3717 falso
3201 3654 3567 3738 scripturae
3606 3662 3955 3739 praetextu
3996 3677 4325 3722 venenum
4368 3679 4569 3724 suum

2614 3738 2988 3821 propinant.
3080 3737 3379 3805 Caveant
3437 3745 3584 3820 [pag.
3624 3748 3731 3822 50]
3795 3742 3921 3808 sibi
3983 3742 4209 3809 fideles
4263 3742 4347 3809 ab
4402 3743 4567 3808 insi-

2614 3823 2773 3889 diis:
2828 3824 3132 3910 clypeum
3175 3833 3244 3889 et
3287 3844 3471 3891 arma
3510 3827 3810 3893 induant.
3899 3828 4184 3912 Nempe,
4241 3835 4317 3894 ut
4364 3829 4569 3895 simul

2616 3930 2770 3975 cum
2812 3910 3082 3976 Christo
3136 3912 3516 3996 confugiant
3578 3912 3662 3979 ad
3725 3914 4164 3997 scripturam?
4263 3914 4565 3996 Minime,

2614 3996 2833 4078 inquit
2887 3995 3103 4080 (nulla
3145 3999 3324 4062 enim
3365 3998 3501 4064 illic
3545 4000 3911 4083 securitas),
3968 4000 4085 4066 sed
4126 4000 4211 4067 ad
4252 4000 4566 4067 ecclesiae

2613 4081 3067 4162 traditionem,
3111 4089 3425 4167 tanquam
3469 4083 3554 4149 ad
3596 4086 3867 4152 unicum
3922 4085 4184 4171 asylum
4199 4137 4214 4163 ,
4272 4108 4342 4152 se
4396 4087 4565 4153 reci·

2615 4170 2815 4251 piant.
2901 4169 3015 4233 An
3056 4168 3141 4232 ad
3180 4175 3319 4234 tam
3362 4189 3614 4235 crassas
3665 4170 3948 4254 ineptias
4005 4171 4447 4251 delaberetur,
4504 4173 4568 4238 si

2615 4254 2721 4319 vel
2765 4255 3031 4319 unciam
3074 4254 3219 4318 sani
3263 4253 3515 4321 cerebri
3556 4255 3869 4323 haberet?

2787 4341 2884 4405 At
2935 4340 3298 4422 scripturae
3312 4392 3329 4420 ,
3384 4341 3629 4425 inquit,
3685 4363 3805 4428 pro
3860 4342 4216 4427 impiorum
4269 4341 4565 4424 libidine,

2614 4425 2745 4492 huc
2806 4425 2964 4491 illuc
3027 4425 3399 4506 trahuntur,
3465 4433 3543 4491 ut
3604 4427 3746 4494 sine
3810 4428 4118 4495 ecclesiae
4181 4426 4567 4495 definitione

2615 4511 2836 4577 nullus
2880 4517 3097 4579 certus
3152 4532 3385 4577 sensus
3438 4511 3666 4579 haberi
3710 4523 3933 4597 queat,
3988 4515 4060 4578 in
4101 4535 4228 4599 quo
4271 4515 4567 4598 acquies-

2612 4617 2856 4663 camus.
2944 4597 3123 4663 Illud
3166 4604 3267 4662 est
3308 4597 3556 4664 scilicet
3594 4601 3828 4666 tritum
3884 4620 3960 4666 ac
4002 4600 4277 4685 vulgare
4319 4600 4565 4666 Lucia-

2611 4684 2913 4750 nicorum
2964 4683 3413 4767 proverbium,
3482 4682 3563 4749 de
3626 4705 3811 4754 sacro
3877 4694 4100 4752 sancto
4157 4687 4287 4752 Dei
4335 4685 4563 4767 verbe,

2613 4790 2851 4835 nasum
2885 4789 3029 4836 esse
3064 4789 3346 4849 cereum,
3379 4771 3454 4851 in
3486 4771 3730 4837 formas
3762 4793 3988 4838 omnes
4021 4772 4331 4851 flexilem,
4366 4779 4567 4855 prout

2612 4854 2989 4920 hominibus
3028 4855 3298 4921 libuerit
3327 4853 3506 4922 hunc
3546 4865 3661 4925 aut
3690 4858 3883 4923 illum
3916 4879 4187 4924 sensum
4220 4858 4561 4942 affingere.

2611 4941 2805 5006 Itane
2846 4940 3050 5006 vero?
3137 4942 3232 5009 Ut
3283 4942 3470 5009 nulla
3520 4945 3608 5011 sit
3659 4952 3801 5009 tam
3854 4951 4229 5028 contempta
4283 4949 4401 5009 aut
4441 4942 4563 5009 ab·

2612 5027 2782 5094 iecta
2840 5026 3380 5111 philosophorum
3445 5037 3652 5111 secta,
3716 5049 3882 5115 quae
3945 5050 4080 5094 non
4140 5030 4389 5095 autoris
4448 5030 4564 5096 sui

2612 5119 2904 5179 mentem
2937 5134 3021 5178 ex
3055 5115 3197 5180 eius
3230 5116 3488 5199 scriptis
3520 5125 3700 5183 certo
3734 5121 3979 5182 teneat:
4016 5115 4140 5182 soli
4174 5113 4562 5198 Christiani,

2613 5219 2820 5282 quum
2863 5197 2943 5264 de
2985 5201 3284 5284 magistri
3325 5202 3431 5267 sui
3476 5200 3771 5268 doctrina
3821 5202 4185 5284 quaeritur,
4244 5199 4374 5265 alio
4427 5200 4563 5268 cir-

2609 5284 3101 5369 cumspectant?
3173 5286 3271 5353 Ut
3306 5288 3379 5352 in
3416 5287 3644 5354 schola
3678 5287 4100 5373 Pythagorae
4131 5285 4353 5354 valeat
4389 5286 4564 5354 illud

2611 5368 2789 5445 αὐτὸς
2852 5373 3003 5456 ἔφα,
3068 5371 3376 5439 Christus
3436 5374 3614 5440 inter
3665 5394 3843 5451 suos>
3878 5372 4233 5457 discipulos
4294 5379 4561 5441 tantum
