4999 6179
1325 1682 1374 1701 *¹¹*-

2169 1691 2846 1790 DEFENSIO

485 1843 796 1912 SANAE
852 1843 971 1924 ET
1028 1840 1682 1909 ORTHODOXAE
1728 1840 2274 1909 DOCTRINAE
2320 1844 2448 1909 DE
2494 1842 3027 1911 SERVI'PUTE
3072 1845 3192 1909 ΕΤ
3236 1844 3885 1913 LIBERA'PIONE
3926 1847 4309 1914 HUMANI
4350 1848 4513 1913 AR-

1071 1962 1371 2028 BITRII
1410 1961 1914 2029 ADVERSUS
1959 1961 2510 2030 CALUMNIAS
2558 1963 2974 2029 ALBERTI
3017 1963 3329 2029 PIGHH
3376 1964 3930 2032 CAMPENSIS.

966 2185 1068 2250 IN
1113 2184 1496 2250 PRIMUM
1540 2184 1931 2251 LIBRUM.

644 2321 868 2405 Quum
907 2329 1062 2387 ante
1094 2322 1438 2387 biennium
1474 2323 1546 2386 in
1582 2329 1913 2387 conventu
1950 2322 2439 2387 Wormaciensi

2547 2152 2638 2216 tio
2682 2151 3011 2229 nominat,
3058 2151 3173 2215 ubi
3218 2164 3448 2219 tamen
3502 2152 3585 2216 ad
3642 2153 3853 2236 ipsius
3896 2176 4136 2221 causae
4181 2159 4519 2224 tractatio-

2548 2257 2702 2301 nem
2759 2236 3127 2315 descendit,
3200 2238 3361 2303 satis
3422 2238 3860 2317 demonstrat,
3934 2241 4100 2305 1111111
4158 2242 4280 2308 sibi
4335 2243 4516 2310 aliud

2493 2346 2498 2387 ι
2549 2344 2692 2388 6666
2736 2332 3180 2405 propositum,
3228 2343 3427 2406 quam
3472 2329 3577 2401 ut,
3625 2345 3792 2406 quae
3837 2324 3917 2389 de
3963 2325 4086 2392 hac
4130 2348 4205 2391 re
4249 2328 4318 2391 in
4364 2351 4513 2393 mea

468 2430 794 2509 essemus,
862 2406 1206 2473 audiebam
1265 2406 1614 2471 Albertum
1685 2407 2004 2491 Pighium
2073 2407 2238 2471 mihi
2308 2409 2438 2479 iam
2492 2400 2501 2515 ᾖ
2548 2408 2973 2473 Institutione
3019 2406 3367 2490 disputavi,
3411 2410 3674 2492 penitus
3718 2417 3993 2476 evertat.

467 2498 743 2573 minan,
806 2515 881 2559 ac
925 2501 1260 2560 certamen
1306 2493 1737 2572 denunciare,
1786 2514 2020 2558 verum
2073 2492 2141 2557 id
2191 2492 2438 2577 procul.
2494 2520 2498 2527 ·

2726 2495 2941 2575 Atque
2980 2492 3051 2557 id
3096 2493 3357 2576 quidem
3419 2514 3490 2559 se
3532 2515 3608 2559 60
3665 2496 3935 2561 601161110
3979 2496 4195 2562 facere
4247 2501 4515 2580 profite-

468 2580 758 2648 Librum
802 2581 976 2645 enim
1021 2579 1241 2643 nescio
1287 2600 1482 2660 quem
1525 2600 1595 2644 se
1636 2580 1975 2661 scripsisse
2011 2579 2298 2644 iactabat
2339 2579 2442 2643 in-
2495 2602 2501 2667 1
2551 2587 2685 2657 1111,
2743 2588 2821 2643 111
2863 2578 3239 2644 Lutherum
3285 2587 3354 2645 et
3396 2579 3558 2645 alios
3603 2601 3834 2646 omnes
3878 2588 4137 2646 nostros
4178 2603 4299 2665 per
4342 2583 4515 2650 latus

468 2676 580 2732 ter
621 2686 804 2743 suos,
851 2685 978 2747 quo
1020 2671 1199 2729 totus
1242 2665 1630 2739 conficerer:
1679 2664 1975 2730 nondum
2021 2672 2247 2729 tamen
2290 2670 2502 2749 pro-'3
2549 2685 2774 2729 meum
2819 2664 3178 2731 confodiat:
3236 2686 3343 2729 me
3392 2672 3619 2731 tamen
3675 2687 3884 2731 unum
3939 2667 4360 2749 peculiariter
4404 2692 4517 2735 vo·

472 2754 745 2819 ferebat.
839 2750 1064 2831 Quum
1144 2770 1304 2815 vero
1369 2758 1597 2833 postea
1659 2751 2100 2833 Ratisponam
2171 2758 2443 2815 ventum

476 2848 686 2917 esset,
747 2858 821 2901 ac
866 2835 1178 2901 dimidius
1221 2835 1333 2900 ille
1376 2835 1571 2914 liber,
1627 2838 1697 2901 in
1743 2835 2116 2901 Lutherum
2164 2857 2240 2901 ac
2282 2835 2446 2901 Phi-

474 2925 736 3009 lippum
771 2921 1305 2987 Melancthonem
1350 2922 1759 3005 praesertim,
1802 2921 2040 2987 deinde
2084 2923 2154 2985 in
2194 2943 2312 2987 nos
2356 2922 2444 2986 si-

396 3003 414 3013 ’
477 3011 622 3077 111111
673 3029 902 3073 01111166
959 3006 1390 3092 compositus,
1450 3007 1827 3091 prodiisset.
1886 3009 1997 3089 qui
2058 3006 2294 3074 deinde
2338 3028 2445 3073 ac·

2553 2758 2656 2816 cat
2699 2751 2770 2814 in
2813 2757 3179 2827 certamen,
3227 2772 3304 2817 ac
3348 2771 3609 2816 meeum
3656 2773 3929 2816 manum
3977 2755 4293 2818 conserit:
4348 2754 4517 2837 quod

2552 2843 2620 2901 et
2659 2856 2767 2900 1116
2813 2834 3196 2920 diligentius
3232 2843 3670 2919 exsequutum
3715 2858 3860 2902 esse
3902 2846 4098 2920 putat
4140 2846 4348 2904 totam
4393 2841 4520 2905 hu·-

2549 2922 2653 2987 ius
2696 2922 3098 3004 quaestionis
3144 2943 3504 2999 summam,
3553 2932 3619 2987 et
3653 2923 3928 2987 certiore
3973 2923 4222 3004 ordine,
4268 2946 4342 2992 ac
4387 2927 4519 2992 cla-

2549 3008 2720 3072 riore
2763 3006 3092 3086 methodo,
3137 3028 3337 3092 quam
3383 3007 3495 3073 alii
3529 3007 3824 3083 fecerint,
3874 3010 4099 3073 omnia
4135 3011 4517 3095 explicasse.

480 3096 779 3165 cessione
800 3092 1124 3160 secundae
1156 3094 1365 3175 partis
1400 3105 1632 3159 auctus
1653 3096 1796 3170 fuit,
1833 3093 1999 3158 mihi
2035 3096 2165 3158 iam
2202 3114 2448 3177 magna
2496 3107 2501 3142 t
2551 3089 2878 3177 Equidem
2937 3114 3072 3157 non
3130 3115 3327 3160 ausus
3383 3095 3654 3159 fuissem
3712 3096 4077 3160 communis
4134 3118 4369 3162 causae
4406 3098 4519 3163 de-

483 3204 573 3248 ex
626 3189 812 3265 parte
855 3179 1128 3245 videbar
1183 3178 1528 3256 liberatus,
1588 3201 1672 3244 ne
1716 3179 1874 3262 quid
1929 3180 2164 3245 saltem
2223 3181 2294 3245 in
2339 3200 2445 3244 me

479 3268 798 3368 privatim
842 3265 1082 3331 ederet.
1174 3262 1288 3330 Sic
1333 3265 1509 3329 enim
1554 3266 1952 3349 cogitabam,
1997 3266 2155 3347 quia
2195 3287 2301 3330 me
2343 3268 2447 3328 in·
2496 3259 2502 3274 '

482 3355 762 3438 dignum
802 3350 1182 3428 iudicasset,
1228 3351 1300 3414 in
1343 3371 1540 3432 quem
1579 3372 1789 3416 unum
1834 3353 2010 3416 vires
2036 3352 2086 3435 ¹)
2133 3371 2286 3415 suas
2331 3371 2446 3416 ex-

481 3441 846 3526 periretur,
902 3436 1216 3502 maluisse
1261 3435 1344 3501 ad
1387 3437 1598 3520 ipsius
1642 3438 2010 3502 eommunis
2054 3457 2290 3502 causae
2333 3456 2447 3518 op-

482 3524 957 3611 pugnationem
993 3543 1103 3587 eas
1137 3524 1459 3587 conferre:
1501 3532 1580 3587 ut
1623 3523 1676 3588 si
1720 3543 1920 3604 quam
1953 3523 2300 3588 victoriam
2343 3542 2447 3586 re-

482 3618 812 3699 portaret,
871 3607 1168 3673 nobilior·
1204 3615 1379 3673 esset
1421 3608 1827 3691 triumphus:
1875 3610 1976 3672 siu
2033 3617 2255 3673 autem
2299 3609 2448 3673 vin-

2550 3179 2915 3243 fensionem
2960 3179 3312 3262 suscipere,
3359 3180 3413 3243 si
3462 3199 3691 3244 omnes
3738 3180 3935 3244 simul
3976 3182 4209 3247 fuisset
4251 3204 4521 3266 aggres-

2553 3287 2665 3330 sus
2682 3316 2696 3342 ,
2757 3285 2845 3327 ne
2888 3264 3260 3330 temeritate
3303 3265 3516 3349 magis
3568 3274 3634 3328 et
3692 3265 3896 3330 stulta
3953 3266 4356 3333 confidentia.
4396 3271 4521 3332 im-

2552 3350 2814 3433 pulsus,
2871 3369 3067 3432 quam
3113 3357 3290 3415 recto
3334 3349 3604 3415 consilio
3646 3349 3983 3430 inductus,
4032 3353 4193 3418 alios
4238 3353 4521 3420 voluisse

2555 3443 2973 3502 antevertere
2998 3435 3277 3516 viderer,
3307 3456 3469 3519 quos
3498 3443 3759 3502 constat
3793 3437 3990 3521 longe
4023 3459 4168 3503 esse
4212 3442 4516 3523 aptiores.

2555 3519 2753 3603 Quod
2786 3522 2918 3586 nisi
2954 3521 3314 3587 obstitisset
3347 3521 3454 3588 hic
3489 3522 3706 3599 timor,
3746 3521 3993 3606 aliquid
4026 3525 4193 3590 forte
4229 3526 4312 3591 ad
4347 3527 4521 3608 prio·

2499 3621 2506 3688 ι
2556 3628 2701 3671 16111
2721 3606 2909 3671 11111111
2935 3607 3197 3688 librum,
3225 3608 3413 3674 cuius
3435 3608 3727 3686 memini,
3755 3609 4258 3691 respondissem.
4321 3611 4518 3678 Nunc

483 3704 777 3776 cel-etur,
834 3696 1089 3759 minore
1142 3692 1210 3758 id
1251 3693 1564 3761 dedecore
1613 3697 1816 3759 fieret.
1907 3694 2080 3758 Nam
2134 3702 2201 3759 et
2253 3713 2449 3778 argu-
2498 3723 2503 3746 ·
2555 3703 2779 3759 tamen
2824 3692 3078 3777 gaudeo
3137 3694 3577 3777 qualicunque
3632 3691 3714 3757 de
3769 3714 3967 3760 causa
4020 3717 4127 3760 me
4171 3700 4371 3763 fuisse
4414 3720 4520 3763 16-

482 3790 785 3851 mentum
801 3832 817 3861 ,
890 3779 1067 3864 quod
1124 3779 1478 3847 adversum
1535 3801 1642 3845 me
1707 3787 1991 3845 tractare
2045 3780 2448 3858 instituerat,

485 3868 633 3936 illic
684 3866 1233 3951 prosequebatur,
1292 3875 1361 3931 et
1416 3866 1664 3950 stylum
1716 3866 1785 3929 in
1840 3886 1949 3931 me
1986 3864 2286 3948 pluribus
2330 3872 2450 3929 no-

483 3955 796 4021 minatim
835 3953 995 4018 locis
1039 3952 1422 4037 stringebat.
1494 3952 1760 4017 Interea
1801 3951 1995 4017 audio
2039 3952 2448 4034 praeclarum

484 4041 684 4106 illum
737 4039 983 4105 librum
1026 4037 1329 4103 volitare:
1404 4037 1522 4104 sed
1574 4038 1752 4102 inter
1806 4058 1947 4117 eos,
2014 4037 2250 4119 quibus
2307 4038 2449 4102 sine

484 4126 725 4193 maiori
797 4124 1219 4207 inquisitione
1287 4123 1412 4189 hoc
1477 4132 1741 4188 tantum
1806 4124 2074 4188 nominc
2139 4122 2447 4204 placeret,

488 4210 670 4296 quod
711 4209 970 4276 Christi
1008 4208 1342 4275 doctrinae
1379 4208 1864 4275 adversaretur.
1937 4208 2109 4274 Mihi
2151 4216 2231 4273 ut
2264 4210 2453 4272 fieret

486 4296 886 4381 inspiciendi
940 4297 1126 4379 copia
1147 4346 1164 4374 ,
1225 4295 1520 4361 obtinere
1578 4315 1711 4360 non
1762 4295 1966 4377 potui.
2055 4295 2318 4377 Neque,
2376 4299 2454 4357 ut

487 4403 730 4452 verum
774 4383 1001 4458 fatear,
1051 4380 1131 4447 de
1176 4401 1255 4446 ea
1292 4402 1365 4446 re
1407 4382 1502 4446 fui
1545 4400 1946 4464 magnopere
1995 4385 2143 4461 [pag.
2173 4383 2238 4458 2]
2277 4379 2453 4445 solli-

489 4471 684 4548 citus,
727 4468 882 4552 quia
925 4466 1092 4532 nihil
1117 4468 1257 4532 fore
1302 4469 1545 4533 certius
1578 4466 1911 4550 putabam,
1956 4487 2156 4549 quam
2193 4475 2270 4530 ut
2302 4486 2451 4548 pos-

487 4554 689 4621 tridie
731 4553 1050 4620 ederetur.
1140 4553 1383 4618 Annus
1427 4551 1581 4617 inde
1627 4573 1799 4618 unus
1843 4552 2216 4635 praeteriit,
2264 4559 2450 4615 ante-

537 4661 696 4706 uam
738 4642 811 4704 in
852 4640 1098 4718 lucem,
1141 4637 1248 4704 vel
1292 4644 1471 4704 totus
1512 4638 1622 4704 vel
1666 4637 1886 4720 aliqua
1925 4658 2009 4702 ex
2050 4644 2256 4720 parte,
2301 4656 2450 4719 pro-

544 4730 558 4742 “
603 4733 686 4792 61.
773 4724 1008 4807 Itaque
1061 4723 1234 4788 nihil
1290 4724 1574 4806 amplius
1630 4722 2035 4801 dubitabam,
2092 4725 2251 4805 quin
2296 4741 2451 4787 con-

492 4813 720 4888 silium
761 4817 1102 4877 mutasset.
1191 4810 1285 4874 Et
1336 4810 1470 4875 iam
1531 4829 1799 4876 securus
1857 4831 1897 4875 a
1938 4807 2178 4892 Pighio
2197 4859 2213 4886 ,
2270 4806 2451 4872 aliud

490 4919 663 4984 opus
695 4899 769 4963 in
802 4917 1037 4962 manus
1072 4916 1500 4978 sumpseram,
1539 4915 1744 4979 quum
1777 4894 1939 4960 mihi
1976 4901 2234 4978 praeter
2268 4913 2453 4976 spem

491 4985 774 5051 offertur
822 5002 1142 5067 magnum
1196 4982 1338 5048 eius
1390 4980 1734 5061 volumen,
1794 4980 1875 5047 de
1924 4980 2128 5047 libero
2184 4979 2454 5046 arbitrio

490 5071 919 5154 inscriptum:
977 5069 1051 5133 in
1106 5087 1233 5151 quo
1275 5067 1541 5134 tametsi
1595 5088 1702 5131 me
1745 5087 1881 5131 non
1936 5066 2162 5132 statim
2204 5064 2287 5131 ab
2329 5065 2453 5131 ini-

642 5343 702 5408 1)
743 5314 1011 5410 Princeps
1045 5340 1239 5396 υᾶὄοκ
1270 5340 1490 5395 scabit:
1523 5340 1713 5395 minas.

2501 3903 2504 3926 2
2555 3873 2812 3947 partos:
2872 3886 2912 3928 a
2953 3885 3082 3947 quo
3139 3864 3372 3930 melius
3417 3877 3486 3929 et·
3528 3864 3941 3947 splendidius
3975 3886 4095 3948 pro
4140 3889 4260 3932 sua

2557 3787 2844 3858 tentum,
2913 3778 3074 3843 dum
3144 3777 3333 3845 video
3392 3778 3725 3844 Bucerum
3792 3779 3913 3847 has
3978 3781 4103 3845 sibi
4162 3804 4308 3847 sum
4358 3784 4520 3850 sisse

4346 3891 4365 3933 J
4490 3906 4519 3919 n

2556 3958 2693 4015 tate
2748 3949 3020 4015 tractari
3081 3952 3317 4033 potuit.
3409 3949 3609 4032 Quod
3667 3961 3888 4016 autem
3956 3951 4117 4029 iam,
4184 3953 4329 4018 aliis
4372 3889 4519 4019 ἵξῃ

2557 4036 2973 4120 exspectatis,
3019 4036 3161 4119 ipse
3205 4036 3587 4120 respondeo,
3631 4036 3964 4101 neminem
3988 4036 4152 4101 mihi
4200 4039 4357 4103 vitio
4403 4038 4517 4103 da-

2557 4128 2783 4187 turum
2826 4121 3132 4201 arbitror,
3190 4142 3390 4205 quum
3446 4124 3544 4186 ita
3597 4121 3816 4204 palam
3873 4121 4017 4186 Deo
4071 4122 4349 4188 insultet
4402 4125 4518 4190 Pi-

2555 4207 2771 4292 ghius,
2820 4207 2948 4272 nisi
2992 4228 3113 4289 pro
3154 4227 3354 4272 sanae
3399 4207 3736 4272 doctrinae
3787 4205 4164 4273 defensione
4207 4230 4316 4276 me
4346 4208 4514 4276 ‚obii-

2558 4295 2744 4358 ciam.
2833 4294 3017 4377 Ergo
3073 4301 3408 4376 uteunque
3461 4290 3658 4357 hodie
3700 4292 3946 4357 multos
3986 4292 4226 4359 habeat
4267 4296 4518 4362 exerci-

2559 4387 2670 4444 tus
2711 4380 2985 4444 Domini
3041 4387 3106 4443 et
3156 4378 3643 4456 instructiores,
3710 4386 3780 4443 et
3835 4378 4047 4463 magis
4105 4382 4514 4461 exercitatos,

2559 4465 2671 4547 qui
2736 4464 2932 4529 istius
3000 4464 3268 4549 superbi
3334 4463 3612 4531 Goliath
3675 4463 4088 4530 insolentiam
4159 4469 4517 4550 reprimere

2558 4551 2845 4633 possint,
2902 4557 2972 4615 et
3012 4553 3225 4633 parati
3280 4551 3446 4630 sint,
3502 4551 3560 4616 si
3604 4571 3711 4616 res
3765 4550 3861 4615 ita
3903 4551 4293 4633 postularet:
4354 4572 4515 4635 quo-

2559 4637 2737 4700 niam
2782 4643 3008 4701 tamen
3022 4689 3038 4717 ,
3096 4635 3227 4702 illis
3278 4637 3656 4721 praeteritis
3670 4688 3687 4717 ,
3744 4637 4012 4702 nomine
4068 4658 4174 4702 me
4229 4638 4392 4703 citat
4444 4640 4513 4703 in

2559 4728 2912 4800 certamen,
2955 4743 3040 4787 ne
3082 4722 3191 4789 vel
3236 4743 3446 4789 unum
3482 4743 3565 4787 ex
3611 4720 3865 4788 Christi
3908 4721 4118 4788 servis
4163 4743 4235 4789 se
4278 4725 4514 4790 vicisse

2561 4812 2708 4887 [pag.
2749 4811 2816 4886 3]
2862 4806 3211 4891 glorietur,
3257 4808 3521 4875 coelesti
3545 4811 3594 4893 ¹)
3636 4808 3814 4892 regis
3857 4827 3934 4874 ac
3978 4807 4163 4874 ducis
4202 4810 4333 4874 mei
4377 4808 4513 4875 vir-

2557 4898 2702 4959 tute
2745 4894 2972 4971 fretus,
3018 4899 3085 4958 et
3127 4894 3330 4959 armis
3373 4894 3509 4960 illis
3550 4892 4021 4977 spiritualibus,
4066 4913 4233 4976 quae
4268 4895 4513 4962 submi-

2559 4980 2844 5046 nistrare
2888 4979 3023 5045 suis
3066 4979 3252 5061 solet,
3293 4980 3366 5044 in
3404 4978 3697 5045 medium
3739 4978 4001 5061 prodeo.

2701 5270 2761 5335 1)
2816 5270 2956 5339 m’ap
2998 5278 3163 5340 uyant
3210 5285 3303 5324 sur
3348 5270 3401 5324 la
3446 5270 3598 5325 force
3635 5269 3856 5341 celeste,
3893 5279 3995 5326 etc.
4061 5268 4215 5325 Besa
4250 5276 4302 5324 et
4334 5271 4513 5326 Amat.

2563 5340 2840 5395 scribunt.-
2873 5354 2972 5394 coe
2995 5341 3142 5394 estis.
