4999 6179
384 467 469 530 93
1731 457 2397 534 OATEOEJSMUS
2439 467 3055 535 GENEVENSIS.
3771 494 3787 510 κ
4320 475 4404 536 94

381 655 805 740 participans.
904 654 1081 720 Mais
1137 674 1223 719 en
1287 651 1580 719 desirant
1645 661 1714 719 et
1776 653 2181 720 demandant
2233 674 2343 720 ces
2444 654 2664 722 tandi·
2705 657 2812 721 his
2866 655 3173 723 omnibus
3225 658 3432 724 solam
3489 659 3631 724 eius
3686 658 3960 745 gloriam
3975 711 3991 741 ,
4048 660 4403 744 praeterita

381 742 643 821 choses,
696 740 747 805 il
801 761 967 807 nous
1007 740 1151 806 faut
1192 740 1382 805 avoir
1435 738 1801 807 seulement
1854 741 2092 825 esgard
2136 746 2179 805 a
2219 761 2342 807 son
2445 749 2675 808 nostra
2717 741 3021 823 utilitate,
3067 744 3311 811 intueri
3355 745 3683 811 convenit.

382 827 703 904 honneur,
750 846 904 892 sans
946 847 1189 910 penser
1232 833 1275 892 a
1316 848 1488 892 nous
1531 836 1988 905 aucunement‚
2032 848 2118 892 ne
2150 826 2339 892 cher-

378 914 541 981 01101·
580 921 808 979 nostre
847 913 1067 998 profit.

558 1085 764 1153 Selon
822 1092 939 1150 ton
1000 1083 1142 1149 dire
1155 1135 1171 1163 ,
1184 1034 1542 1151 1131:ssst
1593 1085 1952 1168 premieres

386 1194 556 1239 nous
613 1177 764 1239 sont
818 1171 974 1236 bien
1015 1170 1238 1237 utiles:
1296 1172 1467 1237 mais
1520 1169 1571 1234 il
1625 1190 1711 1235 ne
1766 1169 1865 1235 les
1907 1170 2050 1235 faut
2090 1169 2254 1235 faire
2299 1176 2342 1235 a

381 1265 600 1431 31)ῐὲἳί
600 1257 995 1410 ⁶intention,
1050 1256 1242 1323 8111011
1293 1278 1461 1341 pour
1516 1255 1766 1323 desirer
1816 1277 1942 1339 que
1985 1256 2161 1321 Dieu
2217 1257 2344 1321 soit

2004 1090 2340 1167 requestes

552 1516 777 1581 Voire.
864 1515 958 1581 Et
999 1463 1558 1593 semblgbnssrssagt,
1601 1515 1668 1580 ia
1711 1515 1839 1581 soit
1881 1534 2006 1596 que
2047 1513 2146 1578 les
2179 1514 2343 1579 trois

381 1603 719 1669 dernieres
758 1607 994 1686 soyent
1036 1599 1351 1684 deputees
1394 1606 1437 1665 a
1476 1599 1724 1666 desirer
1767 1620 1841 1664 ce
1884 1600 1998 1683 qui
2040 1620 2209 1664 nous
2246 1608 2346 1665 est

381 1688 754 1773 expedient,
811 1686 1155 1753 toutesfois
1206 1686 1273 1750 la
1334 1686 1541 1771 gloire
1607 1686 1687 1752 de
1738 1686 1917 1752 Dieu
1970 1706 2139 1751 nous
2206 1685 2346 1750 doit

381 1783 556 1841 estre
603 1796 689 1840 en
722 1773 944 1840 icelles
977 1772 1510 1839 recommandee:
1558 1772 1899 1839 tellement
1939 1784 2064 1856 que
2109 1791 2183 1837 00
2218 1773 2345 1837 soit

377 1860 447 1927 la
490 1863 587 1927 fin
631 1860 712 1926 de
754 1866 903 1927 tous
942 1880 1068 1925 noz
1115 1858 1340 1924 desirs.

1146 1981 1212 2015 m
1248 1977 1507 2015 mem.
1529 1961 1572 2026 ι)

556 2039 674 2115 [fol.
717 2036 827 2113 47]
892 2030 1173 2096 ‚Venons
1233 2037 1275 2096 a
1341 2029 1774 2113 l'exposition.
1874 2030 1966 2095 Et
2022 2028 2267 2097 devant
2280 2029 2341 2111 2)

381 2125 724 2205 qu’entrer
766 2117 918 2201 plus
987 2124 1215 2182 avant:
1275 2137 1616 2201 pourquoy
1673 2123 1775 2182 est
1827 2116 1935 2200 icy
1988 2116 2167 2182 Dieu
2224 2136 2340 2199 ap-

380 2205 557 2291 pelle
609 2210 838 2271 nostre
878 2204 1069 2283 Pere,
1115 2202 1401 2289 plustost
1443 2200 1965 2287 qu'autrement?
2191 2205 2203 2227 '

1231 2305 1496 2360 n'mmr.
1878 2300 1891 2317 '

551 2376 878 2445 D’autant
903 2374 1064 2460 qu'il
1094 2384 1197 2441 est
1217 2374 1373 2441 bien
1409 2376 1647 2457 requis,
1693 2395 1822 2458 que
1855 2364 1981 2440 noz
2003 2374 2339 2442 conscien—

377 2487 489 2533 ces
531 2472 770 2549 soyent
810 2463 1204 2528 fermement
1246 2469 1616 2528 asseurees:
1660 2459 1884 2544 quand
1924 2460 1978 2525 il
2012 2468 2112 2526 est
2147 2482 2338 2545 ques-

377 2552 520 2617 tion
563 2548 645 2617 de
685 2550 884 2633 prier,
929 2556 1155 2614 nostre
1196 2548 1375 2613 Dieu
1429 2568 1500 2613 se
1543 2566 1806 2611 nomme
1851 2546 2007 2612 d'un
2048 2556 2191 2611 mot
2225 2548 2341 2631 qui

372 2643 739 2721 n’emporte
789 2656 916 2719 que
970 2634 1257 2701 douceur
1314 2640 1383 2698 et
1446 2626 1871 2717 gracieusete‚
1938 2653 2110 2717 pour
2168 2654 2337 2699 nous

373 2731 555 2790 oster
588 2729 773 2787 toute
818 2721 1014 2788 doute
1058 2726 1127 2787 et
1161 2719 1545 2804 perplexite,
1588 2729 1655 2783 et
1695 2740 1861 2785 nous
1898 2717 2148 2784 donner
2182 2719 2338 2784 har-

377 2809 592 2876 diesse
637 2808 718 2873 de
761 2809 952 2874 venir
994 2807 1408 2891 priveement
1451 2812 1494 2871 a
1536 2826 1674 2889 soy.

1180 2929 1245 2963 LE
1279 2927 1539 2963 amnem.

551 2979 845 3048 Oserons
888 3000 1057 3045 nous
1099 2980 1251 3045 bien
1297 2978 1463 3043 donc
1506 2980 1671 3043 nous
1713 2977 1954 3042 retirer
1982 2976 2336 3043 familiere-

374 3073 565 3135 ment
605 3073 648 3133 a
687 3066 885 3148 Dieu,
931 3084 1183 3132 comme
1226 3087 1320 3131 un
1366 3063 1593 3130 enfant
1635 3070 1678 3130 a
1712 3083 1831 3131 son
1874 3062 2075 3148 pere?

1231 3167 1498 3222 n’mrutr.

552 3238 740 3325 Ouy:
799 3237 983 3306 voire
1027 3257 1187 3303 avec
1226 3237 1377 3321 plus
1431 3234 1682 3320 grande
1726 3234 2047 3302 certitudo
2092 3235 2337 3302 d’obte-

372 3327 485 3394 nir
549 3347 624 3393 ce
686 3346 814 3410 que
877 3345 1044 3390 nous
1099 3321 1597 3389 demanderons.
1702 3319 1838 3389 Car
1902 3322 1963 3388 si
2015 3343 2181 3388 nous
2225 3321 2338 3405 qui

374 3433 662 3480 sommes
704 3411 1004 3478 mauvais
1019 3461 1036 3490 ,
1093 3430 1180 3476 ne
1220 3428 1516 3493 pouvons
1567 3408 1820 3474 refuser
1862 3413 1905 3472 a
1945 3429 2067 3473 noz
2108 3407 2339 3473 enfans

373 3499 442 3567 le
482 3499 642 3583 pain
686 3503 756 3563 et
795 3496 863 3562 la
905 3495 1164 3576 viando,
1210 3493 1431 3579 quand
1473 3493 1560 3559 ilz
1595 3516 1760 3561 nous
1803 3493 1870 3559 la
1903 3491 2334 3560 demandent:

373 3591 529 3651 tant
589 3583 804 3650 moins
867 3582 933 3648 le
994 3582 1136 3648 fera
1182 3589 1407 3648 nostre
1459 3580 1633 3647 Pere
1685 3579 1950 3660 celeste,
2019 3581 2132 3665 qui
2200 3600 2337 3645 non

374 3670 748 3739 seulement
811 3677 912 3736 est
968 3668 1129 3748 bon,
1186 3669 1353 3733 mais
1412 3673 1517 3732 est
1569 3666 1637 3733 la
1700 3666 2088 3734 souveraine
2138 3664 2337 3732 bonte

374 3757 654 3844 (Matth.
691 3758 749 3837 ⁷,
794 3760 866 3820 11
876 3765 922 3840 ).

1180 3944 1247 3980 u:
1279 3943 1540 3979 mm.

548 3996 656 4062 De
701 4014 778 4062 ce
816 3995 994 4062 Nom
1024 4014 1295 4074 mesme,
1345 4015 1431 4061 ne
1473 3998 1776 4077 pout'rons
1817 4013 1983 4059 nous
2021 4012 2142 4077 pas
2185 3992 2338 4061 bien

424 4103 667 4151 rouver
710 4102 782 4147 00
824 4081 941 4165 qui
984 4102 1024 4147 a
1066 4086 1205 4146 este
1248 4080 1399 4160 dict,
1447 4100 1573 4164 que
1613 4078 1681 4144 la
1722 4080 1938 4163 priere
1980 4079 2117 4146 doit
2161 4089 2337 4146 estre

403 4168 616 4236 ondee
658 4189 745 4235 en
785 4167 1253 4235 l'intercession
1297 4165 1378 4232 de
1419 4166 1609 4232 Iesus
1654 4164 1927 4233 Christ?

1221 4353 1488 4410 L'mrm.

554 4423 712 4511 Ouy
753 4444 924 4509 pour
966 4425 1244 4491 certain:
1299 4422 1598 4490 d‘autant
1639 4444 1766 4507 que
1810 4423 1986 4490 Dieu
2030 4443 2118 4490 ne
2168 4444 2337 4490 nous

3298 1038 3558 1073 mmm

2618 1084 2876 1169 Nempe
2890 1137 2905 1165 ‚
2965 1087 3327 1153 secundum
3383 1089 3555 1155 hanc
3611 1088 3977 1156 doctrinam
3993 1141 4009 1169 ,
4068 1089 4198 1155 tria
4238 1090 4401 1158 haec

2445 1171 2776 1253 postulata
2810 1192 2961 1238 011111
2995 1174 3285 1239 utilitate
3306 1174 3570 1258 quidem
3592 1183 3818 1242 nostra
3841 1177 4191 1245 coniuncta
4212 1185 4399 1243 sunt:

2445 1278 2579 1322 11011
2623 1266 2848 1321 tamen
2889 1259 2962 1322 in
2984 1258 3187 1323 alium
3231 1281 3501 1344 scopum
3523 1260 3856 1328 collimare
3899 1260 4158 1343 debent,
4202 1284 4404 1347 quam

2447 1349 2524 1407 ut
2567 1343 2967 1428 glorificetur
3010 1342 3140 1409 Dei
3176 1364 3437 1412 nomen.

3348 1467 3500 1503 PUBR.

2623 1514 2737 1582 Sic
2797 1524 2927 1595 est,
2995 1524 3191 1600 atque
3248 1516 3408 1584 adeo
3464 1519 3535 1583 in
3600 1519 3868 1603 reliquis
3929 1521 4131 1585 etiam
4186 1520 4403 1587 tribus

2448 1601 2680 1667 eadem
2723 1602 2854 1668 Dei
2900 1600 3110 1685 gloria
3154 1624 3351 1669 curae
3393 1605 3581 1670 nobis
3622 1624 3764 1670 esse
3800 1604 4017 1671 debet:
4064 1614 4268 1672 utcun
4314 1627 4401 1671 ue

2447 1688 2559 1767 iis,
2607 1709 2772 1772 quae
2807 1690 2880 1752 in
2922 1684 3064 1752 rem
3103 1709 3179 1754 ac
3213 1688 3490 1755 salutem
3535 1698 3830 1757 nostram
3860 1699 4034 1772 sunt,
4078 1699 4278 1775 optan
4328 1691 4341 1705 ‘
4382 1744 4401 1774 ,

2446 1775 2711 1858 proprie
2754 1775 2887 1840 sint
2930 1773 3278 1840 destinata.

2617 2031 2813 2097 Nunc
2857 2030 2941 2096 ad
2966 1984 3858 2118 verbommffssffleationem
3902 2054 4285 2119 pergamus:
4323 2055 4398 2103 ac

2444 2118 2766 2202 principio
2784 2169 2798 2196 ,
2845 2137 2964 2183 cur
3003 2121 3210 2202 patris
3255 2141 3495 2185 nomen
3540 2119 3648 2185 hic
3691 2121 3928 2204 potius,
3976 2140 4175 2203 quam
4219 2120 4398 2187 aliud

2443 2204 2736 2289 quodvis,
2783 2204 2927 2270 Deo
2972 2203 3330 2270 tribuitur?
3927 2220 3950 2231 “·

2618 2374 2846 2456 Quum
2905 2376 2988 2442 ad
3055 2383 3300 2442 rectam
3348 2326 3590 2443 buil-Effudi
3657 2376 3979 2442 rationem
4042 2379 4114 2444 in
4165 2378 4400 2462 primis

2445 2467 2562 2542 [fol.
2608 2467 2713 2542 58]
2760 2463 3132 2545 requiratur
3182 2482 3414 2530 secura
3464 2464 3902 2529 conscientiae
3955 2461 4194 2533 fiducia
4207 2515 4224 2544 ,
4280 2484 4400 2529 no-

2439 2570 2596 2613 men
2642 2548 2766 2611 hoc
2809 2547 2935 2613 sibi
2976 2550 3251 2615 assumit
3292 2547 3498 2626 Deus,
3542 2547 3718 2632 quod
3760 2548 3929 2613 nihil
3971 2549 4103 2615 nisi
4145 2569 4399 2615 meram

2411 2635 2837 2700 'suavitatem
2882 2642 3105 2700 sonat:
3162 2642 3239 2700 ut
3280 2636 3374 2701 ita
3415 2654 3695 2700 excussa
3747 2655 3830 2699 ex
3875 2635 4112 2701 animis
4154 2637 4399 2703 nostris

2440 2721 2620 2786 omni
2665 2720 3014 2799 anxietate,
3060 2721 3144 2786 ad
3188 2743 3258 2786 se
3300 2721 3714 2787 familiariter
3756 2720 4239 2803 implorandum
4278 2743 4400 2788 nos

2388 2868 2391 2893 τ
2440 2807 2698 2872 invitet.

3295 2926 3554 2963 nmmum.

2613 2979 2880 3062 Ergone
2919 2978 3141 3044 Deum
3186 2975 3568 3044 audebimus
3606 2978 3748 3043 sine
3792 2977 4179 3045 difficultate
4221 2986 4404 3045 recta

2440 3063 2641 3144 adire,
2688 3071 2765 3130 ut
2783 3151 2789 3157 ι
2805 3064 2924 3130 filii
2966 3071 3276 3148 parentes
3319 3062 3577 3158 solent?

3341 3185 3495 3221 PUER-

2613 3235 2937 3314 Omnino:
2995 3237 3155 3320 quin
3213 3236 3411 3301 etiam
3464 3234 3674 3300 multo
3731 3235 4005 3301 certiore
4059 3237 4395 3305 obtinendi

2439 3322 2614 3407 quod
2653 3322 2939 3406 petimus
2981 3320 3238 3388 fiducia.
3327 3321 3531 3401 Nam,
3590 3329 3667 3387 ut
3710 3320 4019 3387 admonet
4060 3324 4394 3407 magister,

2440 3410 2497 3475 si
2529 3430 2670 3487 nos,
2714 3429 2916 3492 quum
2958 3406 3116 3473 mali
3160 3409 3385 3487 simus,
3429 3429 3564 3471 non
3584 3429 3932 3491 possumus
3975 3415 4200 3475 tamen
4240 3411 4398 3476 filiis

2438 3495 2686 3561 nostris
2728 3495 2899 3561 bona
2939 3514 3185 3580 negare
3199 3544 3215 3575 ,
3274 3515 3394 3560 1100
3439 3514 3549 3559 008
3604 3492 3934 3559 dimittere
3975 3493 4209 3562 inanes
4253 3518 4398 3564 sus-

2440 3582 2759 3661 tinemus,
2815 3602 2938 3647 nec
2992 3600 3324 3646 venenum
3377 3579 3778 3665 porrigimus
3832 3580 3964 3645 illis
4018 3601 4138 3665 pro
4193 3601 4393 3667 pane:

2440 3676 2685 3751 quanto
2741 3667 2893 3751 plus
2950 3667 3419 3733 beneficentiae
3470 3687 3510 3732 a
3565 3666 3832 3733 coelesti
3886 3672 4074 3751 patre
4127 3689 4396 3752 exspec—

2440 3753 2720 3819 tandum
2758 3760 2875 3832 est,
2920 3752 3034 3837 qui
3075 3774 3212 3818 non
3255 3760 3517 3818 tantum
3561 3774 3819 3819 summe
3861 3754 4073 3819 bonus
4116 3761 4234 3834 est,
4278 3754 4393 3820 sed

2439 3840 2587 3924 ipsa
2628 3839 2828 3905 etiam
2872 3838 3173 3905 bonitas?
3695 3864 3703 3870 ·
4383 3850 4394 3859 ·

3291 3942 3553 3978 nmmum.
3747 3971 3750 3974 ,

2612 3995 2724 4061 Α11
2776 4014 2912 4062 11011
2982 4014 3066 4058 ex
3118 3991 3243 4059 1100
3299 4013 3554 4076 quoque
3610 3992 3877 4059 nomine
3930 4002 4396 4079 argumentum

2442 4080 2682 4148 ducere
2715 4079 2955 4159 licebit,
3000 4100 3127 4162 quo
3169 4078 3238 4143 id
3281 4079 3455 4162 quod
3487 4079 3676 4144 initio
3720 4078 3970 4144 dictum
4012 4086 4131 4159 est,
4166 4101 4396 4165 preces

2441 4167 2692 4233 scilicet
2755 4166 3103 4231 universas
3155 4163 3406 4231 Christi
3466 4164 3830 4248 patrocinio
3891 4163 4199 4234 fundatas
4252 4187 4395 4234 0880

2442 4259 2764 4336 oportere,
2809 4250 3307 4335 comprobetur?

3341 4371 3494 4407 run.

2614 4425 2707 4489 Et
2749 4422 3014 4508 quidem
3057 4423 3526 4488 firmissimum.
3615 4421 3846 4506 Neque
3889 4424 4068 4488 enim
4111 4424 4395 4489 filiorum

372 4510 638 4578 advoue
697 4530 869 4595 pour
931 4531 1035 4576 ses
1099 4510 1330 4576 enfans
1345 4562 1360 4590 ,
1429 4511 1622 4576 sinon
1686 4515 1917 4576 entant
1979 4530 2105 4593 que
2170 4531 2337 4577 nous
2440 4510 2584 4577 1000
2628 4531 2749 4576 1108
2792 4509 2993 4576 habet
3034 4507 3254 4588 Deus,
3313 4508 3445 4574 nisi
3497 4517 3824 4592 quatenus
3860 4508 4112 4575 Christi
4166 4530 4394 4575 sumus

371 4617 665 4666 sommes
706 4598 1034 4663 membres
1077 4594 1158 4662 de
1201 4617 1321 4663 son
1362 4596 1527 4662 Filz.

551 4770 909 4854 Pourquoy
973 4717 1654 4853 n’appebfleffmtun‘pas
1718 4768 1894 4834 Dieu
1960 4774 2079 4833 ton
2142 4767 2333 4846 Pere,

366 4856 546 4923 mais
588 4855 927 4940 l’appelles
968 4864 1211 4934 nostre,
1256 4875 1341 4980 en
1384 4853 1736 4920 commun?

555 5027 867 5095 Chascun
920 5025 1115 5093 fidele
1169 4977 1267 5091 leL
1281 4975 1483 5110 3⁸33oe
1485 4996 1498 5009 θ
1509 5026 1660 5091 bien
1714 5046 2016 5093 nommer
2069 5023 2213 5092 sien
2251 5045 2335 5090 en

2438 4596 2751 4662 membra.

2613 4765 2754 4833 Cur
2811 4774 3110 4833 nostrum
3169 4716 3555 4851 potiuuzgmirlnln.
3563 4788 3906 4834 commune
3959 4773 4210 4851 patrem
4270 4787 4392 4834 no-

2438 4852 2658 4918 minas
2699 4852 2940 4931 Deum,
2984 4873 3182 4937 quam
3224 4860 3415 4919 tuum
3454 4851 3913 4937 peculiariter?

2612 5024 2844 5089 Potest
2891 5022 3154 5107 quidem
3197 4975 3492 5090 fideffi
3541 5026 3993 5108 unusquisque
4038 5046 4230 5091 suum
4275 5048 4389 5093 vo-

368 5113 780 5200 particulier.
891 5114 1065 5181 Mais
1127 5134 1213 5178 en
1277 5131 1351 5177 ce
1414 5111 1789 5179 formulaire
1852 5113 2041 5179 Iesus
2106 5109 2337 5177 Christ
2439 5130 2616 5176 care:
2655 5106 2771 5176 sed
2814 5110 3144 5176 communi
3186 5110 3476 5194 epitheto
3515 5107 3661 5175 ideo
3706 5133 3863 5177 usus
3906 5122 4009 5179 est
4041 5110 4385 5192 Dominus,

800 5290 989 5296 -—.—--—-—
1004 5289 1203 5297 m».-

696 5403 755 5472 1)
791 5404 871 5459 Le
907 5403 992 5458 38.
1032 5403 1333 5459 dimauche.
1370 5432 1437 5442 -
1473 5401 1815 5471 Qu’emporte
1851 5402 1903 5457 le
1937 5410 2050 5457 mot
2085 5402 2152 5458 de
2189 5402 2326 5458 Pere
2363 5417 2430 5457 en
2464 5401 2618 5458 Dieu.
2656 5429 2720 5440 -
2756 5402 2975 5458 Nostre.

3251 5399 3309 5462 2)
3349 5409 3513 5456 avant
3545 5401 3906 5457 1561-1563.
