4999 6179
459 2291 468 2301 -
588 2250 778 2317 nobis
799 2261 864 2314 et
888 2247 1209 2333 singulari
1231 2250 1651 2315 veneratione
1674 2245 2166 2327 exosculandas,
2201 2254 2270 2313 et
2291 2267 2554 2312 summa

597 428 721 491 379
1201 395 1208 403 '
1901 418 2432 486 REsPONsm
2478 419 2859 488 coNerA
2900 421 3319 490 PIGHIUM
4499 427 4621 493 aso

591 615 804 682 saneti
855 612 1072 698 gratia
1122 613 1196 677 in
1252 614 1490 678 bonam
1545 619 1860 677 mutetur.
1951 610 2181 692 Neque
2237 611 2330 675 sic
2389 609 2556 673 ima-
2660 608 3079 676 redditurum
3138 631 3207 674 se
3264 610 3616 693 promittit,
3676 622 3752 676 ut
3795 620 3931 676 tam
3974 611 4367 691 resistendo,
4428 634 4622 696 quam

592 702 814 788 ginor‚
866 701 1012 766 fieri
1064 719 1314 764 novum
1359 700 1780 783 figmentum,
1838 706 1958 762 aut
2001 717 2240 762 novam
2297 704 2554 761 creatu·
2660 695 3022 762 obediendo
3066 704 3372 779 paratum
3417 708 3774 780 aptumque
3819 699 3931 776 sit,
3978 696 4092 762 sed
4137 699 4310 782 quod
4351 701 4619 765 omnino

590 809 733 853 ram
754 839 768 865 ,
826 796 935 865 ut,
995 785 1240 851 abolita
1284 784 1652 851 substantia
1696 784 1941 867 priore,
2003 803 2176 849 nova
2228 781 2551 848 succedat.
2662 782 2747 847 ad
2793 781 3235 849 obedientiam
3278 782 3635 848 formatum
3681 791 3750 848 et
3791 785 4223 867 compositum
4240 836 4254 862 ,
4299 785 4618 852 iustitiam

590 873 1029 939 Voluntatem
1072 872 1250 937 enim
1295 872 1685 936 nominatim
1729 889 2180 941 commemoro,
2222 869 2392 935 sicut
2436 869 2554 933 ho-
2659 870 2786 934 Dei
2844 870 2974 934 iam
3046 869 3119 934 in
3173 889 3244 934 se
3314 868 3703 952 impressam
3768 870 4298 954 insculptamque
4363 872 4616 939 habeat.

590 960 756 1024 mini
806 968 906 1025 est
949 959 1029 1023 ab
1073 958 1261 1022 initio
1305 958 1629 1041 ingenita,
1677 977 1937 1038 semper
1978 976 2274 1020 manere:
2321 955 2391 1019 in
2433 953 2554 1019 ha-
2661 955 2871 1020 Nemo
2930 964 3067 1019 tam
3125 955 3401 1020 obtusus
3461 962 3588 1033 cst,
3650 955 3813 1039 quin
3869 956 3976 1023 hic
4035 957 4105 1021 in
4151 957 4621 1041 supprimenda

590 1046 735 1111 bit-u
799 1046 1032 1128 igitur,
1101 1065 1233 1108 non
1297 1044 1370 1108 in
1424 1043 1821 1122 substantia,
1887 1063 2032 1107 esse
2095 1040 2549 1106 mutationem.
2661 1042 2789 1107 Dei
2834 1042 3047 1125 gratia
3091 1048 3234 1105 tum
3279 1042 3607 1126 insignem
3652 1041 3879 1127 Pighii
3922 1042 4433 1127 malignitatem,
4478 1056 4621 1109 tum
4672 1036 4677 1045 ’

591 1132 725 1197 Per
790 1129 1107 1196 eiusmodi
1181 1130 1680 1195 renovationem
1744 1148 1858 1193 cor
1923 1127 2067 1194 dico
2133 1127 2309 1192 aliud
2377 1129 2552 1206 fieri;
2659 1126 3113 1210 impudentem
3170 1135 3238 1191 et
3285 1147 3488 1210 prope
3547 1127 3959 1211 desperatam
4014 1134 4165 1210 [pag.
4215 1134 4366 1209 205]
4415 1130 4619 1196 auda-

591 1216 816 1283 David
884 1224 1106 1281 autem
1167 1236 1280 1280 cor
1344 1236 1605 1289 novum
1658 1216 1886 1280 creari.
1979 1213 2285 1296 Pighius·
2312 1224 2552 1292 autem,

591 1305 923 1387 praefatus
948 1324 1017 1367 se
1053 1300 1137 1367 ad
1167 1312 1303 1365 tam
1337 1301 1482 1366 dira
1523 1310 1826 1384 portenta
1856 1302 2333 1382 obstupescere,
2381 1299 2553 1364 mul·
2602 1276 2609 1329 ⁸
2659 1300 3055 1365 serviamus:
3112 1297 3331 1364 reddit
3382 1299 3523 1379 ille,
3589 1302 3944 1379 facturum,
4002 1310 4079 1366 ut
4130 1302 4456 1384 possimus
4515 1302 4622 1368 vel

592 1391 677 1453 tis
754 1388 1062 1453 conviciis
1129 1408 1235 1451 me
1316 1387 1732 1471 persequitur
1795 1384 1964 1469 quod
2032 1386 2244 1451 dicam
2313 1386 2554 1450 mutari
2602 1338 2608 1437 Ι
2658 1385 3013 1464 ambulare,
3058 1386 3165 1451 vel
3207 1406 3345 1451 non
3389 1386 3747 1452 ambulare.
3814 1387 3997 1453 Dicit
4038 1387 4341 1453 similiter
4384 1387 4621 1453 Domi-

591 1474 1050 1541 substantiam.
1140 1472 1388 1539 Videre
1435 1495 1612 1539 nunc
1657 1484 1760 1539 est
1802 1470 1959 1556 quid
1998 1471 2250 1538 cerebri
2290 1471 2551 1536 habeat.
2657 1492 2783 1536 nus
2851 1471 3057 1536 altero
3122 1471 3294 1549 lon,
3371 1472 3842 1557 inscripturum
3908 1495 3978 1539 se
4061 1473 4368 1540 cordibus
4439 1475 4623 1558 leges

588 1561 744 1646 Ipse
787 1572 1010 1625 autem
1053 1559 1336 1643 qualiter
1378 1559 1895 1643 interpretatur?
1957 1560 2195 1643 Longa
2239 1557 2553 1640 peccandi
2657 1579 2837 1622 suas:
2898 1556 3110 1622 reddit
3159 1557 3471 1643 Pighius,
3524 1560 3852 1625 facturum
3872 1611 3886 1637 ,
3954 1568 4035 1625 ut
4090 1558 4287 1625 corda
4339 1561 4620 1645 impres-

590 1646 1064 1712 consuetudine
1116 1647 1559 1712 inveteratum
1613 1666 1727 1712 cor
1790 1644 2162 1727 relinquere
2227 1643 2553 1727 lapideam
2657 1645 2909 1709 sionem
2929 1643 3099 1710 hanc
3134 1645 3424 1726 recipere
3462 1645 3738 1724 valeant,
3776 1667 3909 1711 non
3946 1654 4172 1712 autem
4204 1655 4283 1712 ut
4313 1645 4619 1712 habeant.

592 1754 784 1799 suam
829 1732 1139 1797 duritiem
1186 1732 1554 1815 mollirique
1597 1738 1923 1814 oportere,
1981 1738 2058 1795 ut
2101 1729 2408 1796 sensibile
2453 1729 2552 1794 di·
2657 1728 2844 1795 Haec
2880 1730 3209 1814 generalis
3251 1738 3352 1796 est
3401 1733 3762 1797 sententia:
3850 1732 4134 1816 Pighius
4189 1730 4273 1796 ad
4317 1732 4623 1799 homines

589 1820 891 1903 vinisque
942 1817 1480 1901 impressionibus
1537 1829 1795 1902 aptum,
1863 1839 2111 1899 sequax
2177 1839 2252 1883 ac
2310 1814 2554 1882 duct-ile
2600 1830 2605 1939 1
2654 1836 2859 1898 prava
2901 1814 3373 1882 consuetudine
3416 1826 3753 1901 corruptos
3796 1819 4155 1902 restringit.
4245 1818 4623 1902 Lapideum

589 1908 723 1971 fiat.
812 1905 1054 1970 Merito
1097 1912 1275 1969 certe
1322 1904 1445 1970 hoc
1499 1911 1909 1987 contemptae
1953 1905 2317 1986 scripturae
2358 1921 2551 1985 prae-
2654 1923 2767 1968 cor
2810 1910 3003 1968 vocat
3038 1903 3223 1968 Deus
3256 1905 3735 1969 contumaciam
3781 1915 3848 1969 et
3889 1904 4333 1983 rebellionem,
4380 1927 4464 1969 ex
4498 1926 4623 1970 na-

511 1995 520 2004 '
588 1993 798 2057 mium
839 1990 1066 2069 refert,
1137 2000 1214 2054 ut
1266 2000 1406 2055 tam
1463 1989 1721 2075 fridigis
1763 1990 2184 2074 profanisque
2226 1989 2553 2071 interpre-
2654 1996 2848 2053 turae
2903 1989 3260 2054 vitiositate
3316 1990 3588 2056 insitam
3630 1989 4021 2056 hominibus.
4111 1990 4393 2076 Pighius
4438 1989 4623 2056 duri·

590 2077 953 2142 tationibus
996 2097 1252 2142 sacram
1296 2078 1437 2142 eius
1480 2077 1897 2141 maiestatem
1940 2083 2333 2159 corrumpat.
2417 2075 2552 2139 Ve-
2655 2076 2818 2140 tiem
2898 2075 3194 2158 exponit·
3241 2095 3325 2139 ex
3403 2076 3579 2141 mala
3641 2075 4119 2142 consuetudine
4186 2088 4619 2143 contractam.

593 2186 741 2228 rum
794 2160 1320 2237 meminerimus,
1378 2183 1540 2245 quas
1594 2164 1778 2247 porci
1832 2162 2091 2228 calcant
2135 2162 2550 2245 margaritas,
2658 2159 3245 2241 Quemadmodum.
3275 2161 3333 2225 si
3368 2163 3516 2246 quis
3558 2183 3642 2227 ex
3685 2162 4226 2246 philosophorum
4269 2183 4472 2248 grege
4518 2163 4619 2227 di·-

2656 2254 2852 2325 ceret,
2901 2246 3234 2312 hominem
3277 2248 3451 2313 male
3494 2248 3778 2314 vivendo
3823 2248 4212 2315 obduruisse
4252 2249 4358 2315 vel
4404 2249 4621 2315 occal-

2652 2333 2855 2399 luisse
2892 2332 2975 2399 ad
3012 2333 3277 2398 malum.
3344 2333 3620 2400 Clarum
3650 2335 3855 2420 igitur
3890 2336 4192 2401 omnibus
4232 2356 4410 2401 nunc
4444 2334 4624 2419 quod

585 2421 900 2506 expositis
952 2421 1089 2487 suis
1142 2426 1291 2501 [pag.
1336 2426 1487 2501 204]
1539 2423 1610 2485 in
1662 2442 1745 2504 po
1791 2419 1977 2486 ulum
2039 2420 2293 2486 collatis
2354 2418 2552 2485 bene·
2656 2418 2792 2484 dixi
2838 2440 2981 2486 esse
3024 2419 3308 2486 confido:
3367 2421 3761 2504 prophetam
3817 2422 3940 2486 hoc
3993 2422 4136 2486 loco
4190 2421 4351 2488 satis
4394 2423 4622 2505 expri-

586 2508 753 2575 ficiis
769 2560 783 2585 ‚
829 2528 1025 2591 quam
1065 2529 1187 2592 pro
1229 2507 1361 2572 illis
1403 2507 1728 2591 ingratitu
1773 2508 1955 2571 inem
1996 2504 2388 2583 reddiderat,
2435 2528 2551 2571 ex·
2651 2526 2853 2585 mere,
2908 2527 3042 2571 non
3093 2505 3387 2573 roborari
3441 2514 3699 2573 tantum
3740 2508 4068 2573 humanae
4112 2507 4472 2574 voluntatis
4515 2508 4623 2572 in·

585 2595 949 2678 probravit:
999 2592 1235 2658 deinde
1260 2592 1344 2658 ad
1376 2593 1847 2676 poenitentiam
1894 2592 2195 2658 hortatus
2220 2603 2337 2669 est,
2383 2612 2551 2675 quae
2599 2598 2605 2677 Ι
2652 2593 3034 2657 firmitatem
3138 2594 3346 2659 ratiae
3403 2593 3724 2671 subsidio,
3794 2616 3921 2676 quo
3977 2593 4059 2659 ad
4117 2595 4273 2659 boni
4324 2594 4624 2661 studium

587 2688 688 2746 est
731 2680 1029 2765 legitima
1071 2677 1155 2742 ad
1198 2678 1523 2764 evangelii
1559 2679 1841 2763 gratiam
1883 2679 2298 2762 praeparatio
2315 2730 2330 2757 ,
2385 2677 2551 2743 libe—
2656 2679 3006 2745 efficaciter
3165 2680 3356 2762 piret.
3445 2679 3731 2764 Pighius
3789 2689 4011 2746 autem
4064 2678 4384 2764 quidquid
4428 2703 4469 2746 a
4513 2702 4625 2746 me

585 2768 914 2832 rationem
948 2763 1213 2830 demum
1247 2787 1330 2830 ex
1363 2766 1744 2848 captivitate
1777 2764 2165 2850 babylonica
2197 2765 2551 2848 promittit;
2655 2764 2933 2829 convicii
2976 2766 3229 2848 perpeti
3273 2774 3544 2849 paratus
3579 2776 3710 2845 est,
3757 2768 3816 2832 si
3856 2788 4065 2832 unum
4105 2788 4190 2832 ex
4233 2765 4625 2832 orthodoxis

587 2851 783 2917 ¹simul
829 2852 912 2918 ab
956 2863 1229 2916 externo
1291 2860 1451 2935 typo
1493 2852 1737 2916 transit
1790 2850 1873 2916 ad
1919 2851 2287 2916 veritatem.
2376 2850 2553 2915 Nam
2655 2850 3015 2935 producere
3046 2860 3339 2934 potuero,
3382 2853 3496 2934 qui
3531 2855 3791 2918 nonita
3825 2853 4122 2919 senserit.
4189 2853 4249 2917 E
4371 2862 4621 2931 autem,

586 2937 762 3023 quod
826 2937 1109 3020 populus
1168 2960 1206 3002 a
1262 2936 1650 3022 babylonica
1703 2936 2056 3022 tyrannide
2122 2937 2377 3011 solutus
2394 2988 2409 3015 ,
2475 2936 2550 3001 in
2655 2947 2734 3001 ut
2787 2936 3173 3020 compendio
3229 2937 3530 3004 studeam
3547 2989 3562 3017 ,
3621 2940 4071 3024 Augustinum
4125 2959 4245 3022 pro
4293 2959 4446 3006 uco:
4505 2940 4627 3023 qui

587 3036 836 3092 terram
877 3023 1268 3109 promissam
1311 3023 1664 3104 reducitur,
1709 3021 1875 3089 illud
1917 3032 2117 3091 tenue
2161 3022 2553 3091 beneficium
2655 3030 2722 3088 et
2764 3024 2955 3089 initio
3010 3024 3162 3092 libri
3219 3024 3300 3091 de
3343 3023 3583 3092 Gratia
3635 3034 3702 3091 et
3755 3024 3963 3093 libero
4017 3025 4287 3093 arbitrio
4348 3023 4433 3092 ad
4477 3024 4624 3098 Va,-

586 3120 707 3192 est,
732 3123 970 3196 praeut
1001 3119 1103 3177 est
1120 3110 1241 3178 illa
1267 3111 1767 3178 inaestimabilis
1788 3111 2022 3195 gratia,
2048 3133 2180 3194 qua
2213 3134 2254 3177 a
2280 3109 2549 3194 peccati,
2651 3109 3003 3190 lentinum,
3047 3119 3117 3177 et
3146 3111 3449 3194 Epistola
3478 3112 3837 3179 centesima
3873 3113 4156 3196 septima
4188 3111 4272 3179 ad
4303 3112 4624 3190 Vitalem,

586 3196 878 3266 Satanae
919 3205 986 3262 et
1027 3199 1258 3264 mortis
1302 3199 1621 3265 servitute
1637 3250 1652 3277 ,
1697 3198 1935 3282 spiritu
1970 3196 2101 3264 Dei
2153 3198 2225 3262 in
2266 3197 2554 3263 liberum
2651 3197 2831 3264 idem
2862 3196 3085 3264 tradit.
3152 3198 3450 3281 Utroque
3493 3198 3671 3264 enim
3703 3199 3863 3279 loco,
3909 3197 4065 3264 dum
4099 3198 4223 3265 hoc
4252 3199 4627 3282 prophetae

585 3284 877 3350 iustitiae
932 3291 1182 3349 statum
1236 3285 1567 3350 asseritur.
1656 3285 1855 3350 Hanc
1910 3286 2195 3368 gratiam
2239 3282 2554 3349 exhibere
2652 3283 3108 3350 testimonium
3163 3285 3644 3368 interpretatur
3660 3336 3675 3363 ,
3740 3285 3998 3351 fortiter
4053 3284 4423 3363 contendit,
4480 3307 4625 3350 non

587 3372 800 3453 coepit
841 3370 1083 3455 populo
1126 3371 1497 3449 israelitico,
1544 3392 1744 3454 quum
1783 3371 1865 3436 ab
1889 3371 2121 3437 exsilio
2168 3369 2553 3456 babylonico
2600 3401 2605 3412 ν
2656 3368 3049 3454 praecedere
3112 3372 3187 3435 in
3264 3371 3605 3437 voluntate
3666 3371 3913 3437 bonum
3990 3371 4276 3454 aliquem
4341 3386 4621 3450 motum,

587 3478 792 3522 manu
815 3477 935 3521 sua
966 3457 1276 3522 emissum
1316 3456 1400 3521 ad
1423 3456 1653 3522 urbem
1692 3469 1758 3521 et
1793 3458 2114 3540 templum
2148 3456 2551 3535 reduxisset3
2600 3435 2606 3494 Ι

588 3542 850 3627 plenius
908 3563 1069 3607 vero
1124 3553 1192 3606 et
1256 3543 1403 3607 locu
1451 3542 1649 3608 letius
1713 3543 1833 3608 sub
1901 3563 2105 3628 regno
2162 3542 2414 3608 Christi
2476 3542 2552 3606 in

585 3630 935 3694 universas
977 3637 1212 3713 gentes
1255 3629 1390 3694 effu
1438 3631 1507 3693 it.
1599 3628 1912 3693 Ostendit
1957 3646 2176 3694 autem
2221 3628 2390 3707 illic,
2449 3627 2550 3693 ni-

589 3715 726 3781 hilo
771 3715 984 3799 magis
1029 3713 1602 3780 exhortationibus
1645 3736 1720 3781 ac
1765 3715 2062 3781 doctrina
2103 3714 2332 3798 profici
2376 3713 2554 3798 apud

589 3802 918 3881 homines,
963 3822 1161 3883 quam
1206 3802 1260 3866 si
1304 3799 1634 3884 lapidibus
1676 3800 2075 3884 loqueretur,
2122 3801 2327 3867 donec
2372 3801 2552 3866 duri-

587 3890 749 3953 tiem
794 3886 1010 3954 cordis
1051 3908 1307 3964 eorum,
1361 3886 1485 3953 hoc
1526 3896 1662 3965 est,
1717 3888 2194 3953 contumaciam
2240 3887 2548 3953 emolliat.

586 3971 783 4055 Quod
837 3974 1012 4040 enim
1075 3976 1406 4040 facturum
1451 3996 1521 4039 se
1577 3975 1935 4057 promittit,
1994 3973 2076 4038 ad
2121 3995 2310 4040 suam
2358 3974 2552 4038 unius

2660 1214 2827 1278 ciam
2882 1221 3129 1278 cernat.
3223 1214 3403 1279 Dicit
3454 1214 3811 1293 Dominus,
3857 1215 4187 1280 facturum
4232 1236 4333 1294 se,
4384 1226 4457 1281 ut
4495 1217 4621 1283 sibi

585 2335 905 2421 religione
978 2333 1436 2400 custodiendas
1513 2357 1672 2401 esse.
1770 2336 2134 2417 Postquam
2204 2333 2549 2412 Dominus,

2656 3477 2852 3540 quem
2908 3457 3090 3522 Deus
3157 3449 3453 3523 adiuvet
3478 3456 3961 3541 subsequendo,
4026 3457 4144 3523 sed
4203 3457 4629 3525 voluntatem’

2655 3563 3037 3626 perversam
3093 3541 3367 3626 Deoque
3432 3543 3742 3609 rebellem
3809 3544 4075 3627 penitus
4152 3564 4325 3624 esse,
4409 3542 4623 3612 donec

2600 3683 2606 3746 Ι
2654 3715 3102 3799 impudentiae
3146 3736 3306 3781 suae
3344 3715 3635 3782 maculas
3676 3716 3819 3800 ipse
3875 3715 4000 3782 sibi
4033 3716 4314 3800 Pighius
4356 3718 4621 3783 inussit.

2829 3801 3163 3883 Quoniam
3197 3809 3416 3867 autem
3459 3802 3751 3882 subiici0,
3796 3802 4042 3869 aboleri
4084 3812 4383 3885 oportere
4425 3803 4625 3887 quid-

2656 3888 2815 3972 quid
2875 3910 2958 3953 ex
3011 3887 3198 3954 nobis
3255 3897 3386 3966 est,
3446 3910 3654 3971 quum
3709 3909 3750 3953 a
3791 3889 4081 3955 Domino
4124 3910 4623 3974 regeneramur,

2653 3976 2941 4059 primum
2984 3974 3369 4059 interrogat,
3415 3974 3572 4057 quid
3613 3976 3759 4041 istis
3802 3974 4021 4041 verbis
4064 3975 4231 4041 mihi
4273 3976 4477 4041 velim
4488 4000 4506 4056 ;
4553 3991 4627 4041 et

584 4073 974 4143 potestatem
1077 4061 1412 4125 transfert.
1501 4060 1768 4142 Alioqui
1847 4075 1926 4125 ut
2011 4062 2152 4126 cius
2230 4061 2554 4143 promissa
2655 4083 2809 4127 mox
2854 4059 3307 4145 respondendo
3332 4062 3706 4140 antevertit,
3742 4083 3878 4126 non
3913 4062 4104 4127 aliter
4138 4084 4336 4144 quam
4363 4061 4444 4127 de
4468 4064 4624 4127 uni-

587 4145 1069 4229 compleantur,
1133 4167 1263 4211 non
1311 4147 1380 4211 in
1421 4146 1662 4229 ipsius,
1720 4146 1836 4212 sed
1882 4146 2223 4212 hominum
2268 4146 2395 4211 orit
2436 4168 2552 4229 po·
2653 4149 2867 4214 versis
2911 4157 3188 4213 naturae
3218 4148 3517 4231 partibus
3562 4169 3753 4231 posse
3793 4147 4104 4232 intelligi:
4148 4149 4223 4212 in
4265 4148 4350 4214 iis
4394 4159 4627 4214 autem

587 4244 844 4308 testate,
890 4233 1106 4315 inquit
1151 4233 1581 4318 Augustinus.
1610 4235 1659 4316 ¹)
1726 4234 2007 4300 Prorsus
2052 4253 2208 4319 ergo
2250 4231 2357 4298 hic
2401 4254 2552 4317 gra-
2600 4237 2607 4330 ]
2657 4256 2799 4300 esse
2835 4241 2903 4298 et
2933 4234 3224 4299 animam
3267 4245 3335 4299 et
3364 4255 3626 4317 corpus:
3674 4236 4027 4301 convenire
4060 4255 4216 4318 ergo
4252 4233 4628 4301 secundum

590 4321 722 4384 tiae
768 4335 830 4384 et
876 4330 1152 4383 naturae
1196 4321 1273 4383 fit
1316 4321 1733 4403 comparatio,
1805 4319 2042 4386 Gordis
2086 4321 2263 4385 enim
2306 4318 2552 4402 lapidei
2662 4321 2822 4386 haec
2870 4340 3021 4385 mea
3064 4320 3284 4398 verba,
3331 4328 3411 4385 ut
3452 4341 3721 4402 corpore
3764 4326 4120 4405 resurgant
4160 4318 4482 4400 homines,
4530 4322 4629 4387 si·

593 4404 894 4483 durities,
957 4425 1088 4468 non
1131 4404 1312 4469 aliud
1357 4426 1557 4487 quam
1599 4406 2014 4473 inimicitiam
2058 4407 2275 4472 carnis
2319 4404 2553 4471 adver·
2658 4406 2799 4472 mu‘l
2841 4415 3041 4489 atque
3088 4405 3172 4472 ad
3216 4405 3441 4471 Deum
3485 4414 3978 4472 convertuntur.
4070 4410 4218 4487 [pag.
4267 4412 4420 4486 206]
4467 4407 4631 4474 Non

592 4513 706 4557 sus
753 4491 970 4556 Deum
1039 4490 1092 4555 si
1144 4492 1393 4556 nificat:
1462 4512 1591 4574 qua
1655 4513 1787 4558 non
1856 4493 2136 4577 exiguus
2207 4491 2553 4557 hominum
2659 4490 3097 4560 confidentius
3164 4492 3617 4557 adversarium
3684 4493 4139 4574 insequeretur
4200 4491 4630 4577 Chrysippus

589 4598 940 4655 numerus,
1000 4597 1070 4641 se
1159 4584 1373 4642 totum
1419 4599 1628 4661 genus
1671 4579 1968 4644 laborare
2013 4578 2269 4644 dicitur.
2358 4578 2556 4645 Hanc
2604 4601 2610 4652 ι
2660 4579 3072 4663 disputandO,
3118 4580 3174 4643 si
3222 4577 3492 4655 viveret,
3539 4576 3654 4644 sod
3699 4578 3936 4644 melius
3968 4577 4323 4660 aliquanto,
4368 4589 4438 4644 et
4480 4601 4627 4645 ma-

589 4686 722 4730 non
770 4663 897 4729 nisi
940 4684 980 4726 a
1005 4684 1076 4729 se
1119 4663 1262 4748 ipso
1305 4664 1522 4748 subigi
1563 4673 1845 4730 testatur
1873 4664 2093 4731 Deus:
2136 4672 2203 4730 et
2245 4665 2317 4730 in
2360 4685 2557 4747 quem
2828 4665 3003 4732 vivis
3070 4663 3434 4730 rationibus
3491 4671 3838 4747 premeret.
3926 4663 4105 4748 Ego,
4171 4674 4250 4729 ut
4304 4665 4631 4732 latratum

590 4749 841 4816 finem?
914 4749 1074 4814 Non
1119 4761 1196 4814 ut
1242 4751 1494 4833 possint
1537 4751 1876 4817 ambulare
1919 4751 1989 4815 in
2032 4760 2211 4816 recta
2253 4750 2383 4830 via,
2429 4751 2556 4817 sic-
2662 4687 2859 4817 {iiius
2901 4751 3083 4817 canis
3135 4749 3429 4816 breviter
3470 4768 3904 4830 compescam,
3960 4750 4247 4833 primum
4306 4751 4633 4835 loquendi

589 4851 670 4901 ut
726 4835 1008 4919 Pighius
1027 4887 1041 4912 ,
1098 4834 1182 4901 ad
1227 4835 1714 4902 extenuandam
1758 4838 2012 4921 gratiae
2053 4836 2335 4918 laudem,
2381 4857 2557 4903 com-
2661 4840 2940 4903 formam
2998 4857 3212 4920 neque
3255 4856 3493 4901 novam
3554 4855 3696 4900 esse
3714 4885 3728 4912 ,
3783 4856 3996 4919 neque
4040 4858 4081 4902 a
4123 4857 4229 4902 me
4270 4838 4633 4904 inventam

589 4922 997 5000 miniscitur,
1065 4919 1182 4987 sed
1237 4944 1506 5006 prorsus
1563 4932 1638 4988 ut
1695 4924 2048 4991 ambulent.
2141 4923 2368 5005 Quum
2423 4925 2558 4990 fac-
2662 4921 3045 5007 respondeo,
3112 4921 3228 4989 Sic
3262 4919 3436 4984 enim
3484 4931 3640 4984 ante
3682 4941 3789 4986 me
3831 4923 4280 5007 Augustinus:
4311 4927 4361 5006 ¹)
4404 4924 4633 4991 Nemo

588 5025 816 5074 turum
860 5029 930 5073 se
977 5006 1137 5074 dicit
1177 5008 1535 5087 Dominus,
1595 5017 1672 5076 ut
1709 5009 1780 5075 in
1825 5012 2191 5095 praeceptis
2234 5012 2373 5076 suis
2418 5031 2560 5075 am-
2664 5032 2735 5076 se
2790 5008 2898 5093 pal
2948 5021 3046 5085 et;
3106 5007 3188 5068 de
3231 5026 3349 5070 suo
3402 5005 3581 5070 enim
3638 5028 3772 5073 non
3826 5008 3955 5075 nisi
4003 5007 4216 5075 Satan
4270 5021 4401 5076 est:
4459 5010 4633 5094 quid

589 5095 914 5176 bulemus,
962 5116 1089 5160 non
1119 5116 1229 5160 cor
1266 5103 1530 5161 tantum
1563 5096 1782 5163 flexile
1815 5099 1886 5162 in
1917 5107 2269 5181 utramque
2301 5105 2560 5182 partem
2664 5096 2843 5161 enim
2878 5030 2958 5156 <1¹2
3002 5098 3112 5157 tuo
3157 5089 3379 5170 habes,
3425 5092 3556 5158 nisi
3590 5095 3972 5175 peccatum?
4063 5094 4222 5162 tolle
4257 5111 4630 5179 peccatum,

2665 5175 2838 5261 quod
2881 5184 3068 5243 tuum
3111 5186 3239 5256 est;
3294 5178 3614 5244 iustitiam
3668 5181 3847 5246 enim
3891 5202 4026 5247 non
4070 5181 4302 5260 habes,
4361 5183 4492 5250 nisi
4534 5206 4633 5250 ex

598 5262 1009 5272 —--——-—-—-

733 5369 791 5430 1)
833 5368 911 5424 De
947 5370 1222 5438 praedest.
1259 5373 1570 5427 sanctorum
1608 5389 1653 5426 c.
1693 5371 1763 5425 10
2802 5365 2862 5432 1)
2897 5365 3096 5424 Homil.
3126 5367 3186 5421 in
3221 5367 3408 5423 loann.
3440 5365 3527 5421 49.

2656 3630 3042 3714 corrigatur.
3090 3629 3382 3695 Tametsi
3413 3630 3724 3696 conviciis
3760 3631 4085 3696 abstineo:
4127 3631 4285 3696 satis
4316 3631 4625 3715 insignes
4724 3677 4733 3692 .
