4999 6179
611 421 738 486 343

612 606 783 683 aliae
803 605 1050 673 similes
1072 604 1503 672 innumerae?
1574 603 1711 671 Sed
1734 605 1857 671 hoc
1878 602 2123 687 Pighio
2148 602 2316 681 licet,
2362 600 2570 685 quiin

610 692 973 775 prostibulo
1030 692 1285 757 romani
1330 691 1703 757 antichristi
1755 711 2019 775 operam
2078 708 2269 754 suam
2310 687 2568 754 locavit.

784 778 1168 857 Caeterum,
1231 776 1387 842 dum
1437 777 1597 843 huic
1639 775 1989 843 obiectioni
2033 771 2571 858 respondendum

611 878 730 942 est,
778 885 949 949 nego
990 885 1112 930 nos
1155 884 1300 929 esse
1344 863 1514 928 solos
1557 864 1626 929 in
1661 864 1790 928 ista
1824 881 2037 940 causa,
2084 859 2200 926 sed
2225 859 2573 926 Christum

612 960 679 1014 et
735 969 963 1016 omnes
1022 949 1349 1033 apostolos
1406 970 1551 1014 esse
1606 949 1791 1014 nobis
1851 947 2248 1014 coniunctos.
2348 946 2571 1027 Atque

611 1035 681 1100 id
726 1038 1068 1101 confirmo:
1116 1035 1290 1118 quod
1317 1056 1519 1118 quum
1545 1035 1788 1117 ubique
1823 1033 2119 1111 doceant,
2167 1031 2383 1097 nullas
2428 1052 2571 1096 esse

612 1121 697 1186 ad
742 1120 987 1186 bonum
1032 1121 1318 1186 hominis
1361 1120 1703 1186 facultates
1721 1172 1735 1198 ‚
1783 1120 2105 1202 nihilique
2149 1119 2413 1202 penitus
2454 1138 2571 1183 va-

612 1206 779 1285 lere,
839 1227 971 1271 non
1030 1206 1174 1272 ideo
1229 1216 1454 1271 tamen
1500 1214 1569 1272 et
1611 1208 2013 1289 praecipere,
2062 1213 2128 1269 et
2170 1203 2423 1269 hortari
2443 1254 2457 1280 ‚
2506 1213 2574 1267 et

611 1292 1094 1374 reprehendere
1154 1291 1477 1358 desinant.
1589 1292 1719 1358 Hic
1786 1313 1893 1356 me
1947 1289 2272 1361 conviciis
2325 1291 2574 1355 lacerat

614 1377 925 1462 Pighius,
984 1377 1155 1461 quod
1211 1378 1558 1444 Christum
1623 1380 1699 1442 in
1743 1399 1980 1444 causae
2035 1377 2416 1442 societatem
2463 1394 2570 1439 ac-

612 1484 883 1543 cersam,
921 1465 1035 1546 qui
1079 1485 1149 1529 se
1176 1464 1445 1547 pulsare
1468 1471 1771 1542 testatur,
1809 1472 1884 1528 66
1918 1463 2042 1529 sibi
2079 1461 2295 1528 cordis
2330 1462 2571 1527 ostium

613 1549 1016 1632 aperiamus:
1086 1552 1196 1633 qui
1262 1549 1408 1614 urbi
1463 1549 1830 1616 Ierusalem
1895 1552 1966 1614 in
2034 1571 2154 1614 sua
2205 1547 2572 1630 pervicacia

613 1634 978 1701 obstinatae
1019 1634 1393 1720 exprobrat,
1439 1635 1729 1701 noluisse
1774 1657 1918 1701 eam
1964 1635 2350 1719 congregari
2399 1632 2571 1697 filios

614 1742 798 1797 suos,
854 1743 1060 1804 quum
1116 1723 1330 1788 facere
1389 1721 1459 1786 id
1525 1722 1668 1805 ipse
1718 1722 1935 1787 vellet.
2026 1721 2212 1785 Haec
2261 1725 2569 1801 nugatus,

614 1807 802 1889 quasi
855 1807 1200 1873 Christum
1263 1806 1451 1871 nobis
1493 1807 1686 1874 valde
1712 1809 1762 1891 ¹)
1813 1805 2266 1873 adversarium
2320 1803 2569 1881 fecerit,

611 1893 906 1958 insultat.
1011 1895 1217 1976 Atqui
1272 1894 1394 1958 hoc
1450 1902 1552 1959 est
1602 1893 1775 1976 quod
1833 1900 2176 1974 tantopere
2229 1890 2570 1956 contendi-

612 2000 761 2044 mus
781 2031 795 2057 ,
853 1978 1127 2043 minime
1183 1978 1517 2061 praecludi
1561 1978 2131 2044 exhortationibus
2188 1985 2254 2043 et
2307 1996 2570 2058 correp-

611 2065 902 2130 tionibus
959 2065 1163 2142 viam,
1227 2073 1556 2147 utcunque
1614 2086 1748 2129 non
1803 2064 2013 2148 possit
2065 2084 2298 2147 parere
2350 2063 2568 2140 home,

611 2150 740 2213 nisi
786 2151 910 2215 Dei
969 2151 1203 2233 spiritu
1262 2151 1405 2215 6166
1462 2149 1769 2216 voluntas
1821 2152 1890 2215 in
1943 2149 2382 2214 obedientiam
2439 2149 2570 2212 for-

609 2242 846 2300 metur.
937 2234 1172 2301 Simile
1214 2238 1285 2300 in
1330 2235 1541 2301 Paulo
1586 2238 1918 2318 specimen
1964 2234 2126 2301 edit:
2170 2255 2374 2317 quum
2419 2253 2569 2317 grae

609 2323 769 2385 tiam
817 2322 910 2387 sic
955 2323 1037 2387 ab
1082 2343 1156 2386 eo
1201 2321 1646 2387 commendari
1692 2328 2191 2399 commemorat,
2240 2328 2316 2384 ut
2357 2339 2570 2402 neque

608 2407 813 2472 libero
860 2407 1131 2472 arbitrio
1172 2407 1424 2473 adimat
1464 2407 1699 2473 locum.
1767 2406 1964 2474 Unde
1999 2406 2298 2489 probat?
2338 2405 2570 2488 Neque

608 2494 783 2558 enim
827 2493 1000 2558 velle
1055 2502 1171 2558 aut
1223 2515 1489 2560 currere
1535 2514 1655 2557 nos
1699 2506 1932 2575 negat:
1991 2494 2046 2558 si
2102 2492 2183 2557 de
2241 2491 2412 2557 bona
2453 2513 2569 2556 vo-

606 2578 864 2644 luntate
907 2579 1235 2663 intelligit,
1282 2579 1552 2645 ubinam
1597 2580 1723 2643 erit
1763 2578 1971 2643 illud?
2040 2579 2259 2644 Deum
2297 2588 2365 2642 et
2397 2577 2570 2644 velle

608 2679 674 2730 et
718 2666 1033 2747 perficere
1081 2670 1231 2742 [pag.
1272 2670 1421 2743 154]
1467 2664 1536 2727 in
1594 2664 1779 2730 nobis
1823 2667 2096 2746 operari.
2188 2662 2264 2729 81
2309 2671 2569 2728 661661-

606 2771 735 2833 666
788 2750 1133 2834 6166116111
1190 2749 1442 2834 gratiae
1488 2750 1627 2815 eius
1679 2771 1846 2833 opus
1890 2759 2017 2829 est,
2077 2750 2390 2816 continuo
2437 2770 2569 2813 666

609 2856 752 2901 6666
809 2857 893 2899 ex
947 2845 1224 2900 naturae
1283 2834 1528 2900 virtute
1582 2837 1894 2918 sequitur.
1998 2833 2133 2902 Sed
2176 2835 2368 2902 video
2411 2832 2569 2918 quid

607 2923 710 2986 sit.
802 2920 1083 3005 Vulgari
1128 2920 1245 2986 illa
1284 2920 1800 2988 hallucinatione
1843 2929 2076 3005 captus
2120 2931 2221 2987 est
2254 2919 2566 3005 Pighius:

608 3028 740 3072 non
798 3017 900 3072 est
953 3006 1262 3081 volentis,
1320 3028 1534 3091 neque
1592 3009 1946 3089 currentis3
2013 3006 2183 3074 velle
2231 3009 2435 3094 igitur
2491 3028 2567 3072 ac

608 3115 876 3162 currere
919 3105 1221 3160 nostrum
1265 3100 1384 3159 666.
1464 3094 1690 3176 Quum
1734 3118 1815 3160 ex
1862 3095 2138 3162 adverso
2176 3095 2322 3160 ideo
2366 3094 2566 3159 ratio-

607 3183 866 3248 cinetur
908 3179 1182 3258 Paulus,
1219 3180 1504 3245 volendo
1548 3191 1665 3246 aut
1707 3181 2032 3247 currendo
2075 3204 2211 3247 non
2254 3181 2566 3264 consequi

608 3287 730 3331 nos
783 3265 917 3331 Dei
973 3266 1256 3349 gratiam
1323 3266 1545 3349 (Rom.
1588 3271 1644 3344 9,
1690 3266 1830 3350 16),
1895 3269 2051 3349 quia
2107 3268 2296 3333 nulla
2350 3267 2438 3332 sit
2491 3267 2565 3330 in

608 3351 799 3416 nobis
859 3352 1030 3417 bona
1093 3352 1428 3432 voluntas,
1496 3352 1718 3418 nullus
1793 3354 2002 3418 bonus
2069 3375 2334 3433 cursus,
2397 3373 2565 3435 quae

606 3439 866 3521 possint
906 3437 976 3501 id
1021 3439 1396 3519 promereri.
1467 3442 1684 3522 Atque
1726 3438 1794 3503 id
1838 3446 1941 3505 est
1983 3438 2155 3521 quod
2201 3440 2295 3504 ait
2334 3440 2564 3523 Augu-

605 3523 844 3589 stinus:
894 3521 1239 3603 Quomodo
1284 3545 1418 3589 non
1465 3525 1748 3590 volentis
1794 3545 2009 3607 neque
2043 3525 2390 3599 currentis,
2436 3524 2564 3588 nisi

603 3610 757 3693 quia
791 3611 936 3692 ipsa
979 3610 1282 3674 voluntas
1325 3633 1365 3674 a
1409 3611 1697 3675 Domino
1748 3610 2218 3693 praeparatur?
2299 3608 2563 3690 Alioqui

606 3696 661 3760 si
707 3711 1055 3779 propterea
1099 3692 1345 3760 dictum
1392 3702 1510 3772 est,
1558 3715 1692 3759 non
1728 3695 2013 3761 volentis
2045 3716 2259 3779 neque
2295 3715 2565 3759 curren-

604 3782 707 3859 tis,
754 3781 869 3848 sed
914 3782 1286 3847 miserentis
1330 3789 1431 3845 est
1477 3781 1630 3859 Dei,
1685 3782 1842 3863 quia
1884 3802 1969 3846 ex
2012 3789 2295 3863 utroque
2338 3782 2447 3858 fit,
2493 3777 2564 3843 id

604 3879 732 3944 est,
788 3889 872 3932 ex
918 3867 1260 3933 voluntate
1303 3867 1620 3944 hominis,
1681 3874 1747 3931 ct
1801 3866 2248 3932 misericordia
2283 3865 2439 3931 Dei:
2487 3872 2565 3931 ut

603 3955 697 4020 sic
754 3952 1003 4019 dictum
1062 3952 1487 4032 accipiamus,
1534 3974 1666 4017 non
1702 3952 1989 4017 volentis
2033 3973 2245 4034 neque
2292 3971 2561 4017 curren-

602 4041 707 4117 tis,
755 4038 872 4105 sed
914 4038 1289 4103 miserentis
1335 4051 1436 4103 ost
1479 4040 1624 4127 Dei,
1678 4046 1990 4121 tanquam
2037 4037 2384 4118 diceretur,
2429 4059 2562 4103 non

604 4125 846 4191 sufficit
886 4125 1025 4189 sola
1069 4122 1378 4189 voluntas
1421 4123 1737 4203 hominis,
1785 4125 1840 4189 61
1887 4144 2017 4188 666
2061 4125 2151 4189 616
2192 4124 2393 4190 661616
2436 4125 2561 4188 161-

606 4210 958 4276 66116611116
1011 4211 1158 4276 Β61.
1262 4210 1413 4273 Ν611
1467 4229 1625 4294 ergo
1685 4211 1929 4276 sufficit
1981 4217 2049 4274 et
2104 4210 2243 4275 sola
2295 4209 2560 4275 miseri-

604 4295 826 4364 cordia
866 4295 1015 4374 Dei,
1062 4297 1118 4362 si
1162 4317 1296 4361 11611
1337 4296 1425 4361 616
1465 4303 1533 4361 66
1574 4295 1866 4361 1161611116
1908 4297 2235 4361 voluntas.
2303 4297 2405 4361 Ac
2443 4316 2563 4378 per

605 4384 746 4462 hoc,
792 4385 847 4448 si
893 4389 1070 4447 recte
1115 4379 1365 4448 dictum
1409 4392 1524 4458 est,
1573 4402 1708 4447 non
1753 4380 2033 4447 volentis
2080 4381 2397 4461 hominis,
2445 4380 2563 4447 sed

604 4469 980 4542 miserentis
1033 4477 1134 4533 est
1177 4467 1337 4545 Dei,
1385 4469 1538 4550 quia
1595 4467 1665 4532 id
1719 4466 2026 4533 voluntas
2082 4467 2368 4533 hominis
2423 4469 2562 4533 6616

603 4577 737 4621 non
781 4553 1031 4636 implet,
1079 4576 1197 4619 661
1241 4574 1374 4617 666
1419 4563 1485 4618 66
1529 4553 1855 4619 6611616116
1900 4560 2076 4620 16666
2122 4553 2381 4632 11161661,
2426 4576 2562 4619 666

603 4640 981 4706 miserentis
1037 4654 1137 4704 est
1190 4639 1350 4715 Dei,
1411 4639 1526 4704 sed
1580 4638 1862 4705 volentis
1917 4639 2232 4720 hominis,
2289 4642 2443 4723 quia
2495 4638 2564 4705 id

604 4726 1054 4793 misericordia
1104 4725 1231 4789 Dei
1291 4724 1432 4791 sola
1478 4746 1614 4789 non
1675 4724 1950 4806 implet?
2055 4725 2265 4791 Porro
2309 4728 2362 4792 si
2408 4726 2562 4791 nul-

604 4813 710 4877 lus
753 4813 967 4878 dicere
1023 4811 1447 4876 Christianus
1503 4810 1799 4888 audebit,
1855 4832 1989 4875 non
2045 4810 2419 4879 miserentis
2462 4820 2566 4878 est

603 4897 751 4974 Dei,
799 4896 914 4963 sed
959 4898 1240 4962 volentis
1289 4902 1393 4962 666
1432 4896 1746 4972 1161111616,
1798 4916 1883 4960 66
1944 4898 2232 4981 66666616
2286 4919 2326 4963 6
2414 4899 2563 4965 rtis·

606 4986 771 5050 sime
812 4980 1217 5049 contradicat
1231 5034 1245 5060 ,
1288 4988 1513 5062 restat,
1572 4989 1649 5048 ut
1689 4989 2035 5065 propterea
2088 4992 2267 5051 recte
2312 4919 2564 5051 ffltum

606 5068 1042 5168 intelligatur:
1096 5089 1230 5132 non
1286 5067 1572 5133 volentis
1616 5089 1830 5152 neque
1874 5074 2217 5149 currentis,
2263 5070 2380 5135 sed
2437 5071 2561 5135 mi-

605 5162 886 5223 serentis
932 5152 1081 5233 Dei,
1126 5159 1204 5218 ut
1244 5160 1454 5219 totum
1500 5152 1694 5219 detur
1736 5152 1915 5237 Deo,
1960 5157 2072 5238 qui
2117 5155 2404 5223 hominis
2451 5175 2562 5223 vo-

742 5343 801 5408 1)
842 5341 952 5396 Ed.
985 5342 1246 5411 princeps
1281 5341 1465 5398 habet.-
1503 5342 1658 5399 velle.
1733 5340 2068 5398 Emendatio
2101 5348 2184 5397 eat
2221 5342 2475 5398 Gallasii.

1931 410 2462 480 RESPONSIO
2509 409 2885 479 CONTRA
2927 411 3346 479 PIGHJUM

4508 408 4633 472 344

2673 602 2999 667 luntatem
3043 601 3284 667 bonam
3328 605 3397 664 et
3451 604 3801 682 praeparat
3854 595 4296 665 adiuvandam
4340 602 4409 661 et
4451 593 4635 662 adiu-

2675 697 2795 754 vat
2849 693 3327 770 praeparatam.
3427 684 3777 751 Praecedit
3845 684 4023 749 enim
4089 683 4261 748 bona
4328 680 4633 748 voluntas

2675 773 2889 838 multa
2930 773 3059 838 Dei
3104 774 3290 851 bona,
3336 770 3453 836 sed
3497 791 3630 835 non
3673 770 3910 835 omnia.
4003 767 4191 849 Quae
4233 777 4453 834 autem
4501 788 4633 833 non

2674 858 3039 942 praecedit,
3098 860 3167 923 in
3221 858 3306 922 iis
3357 865 3459 922 est
3507 862 3574 920 et
3628 856 3788 939 ipsa.
3890 854 4026 929 Sed
4081 864 4285 939 negat
4328 853 4630 939 Pighius,

2677 951 2978 1011 constare
3022 945 3211 1010 nobis
3256 942 3591 1009 doctrinae
3633 953 3902 1007 nostrae
3944 941 4289 1018 rationem,
4335 940 4497 1005 dum
4540 940 4635 1005 sic

2676 1031 3131 1114 praedicamus
3177 1030 3489 1114 gratiam,
3550 1037 3626 1093 ut
3668 1028 3886 1093 nullas
3927 1028 4010 1092 ad
4067 1027 4231 1093 bene
4273 1026 4632 1093 vivendum

2676 1125 2900 1200 partes
2954 1117 3159 1182 libero
3215 1116 3487 1181 arbitrio
3539 1114 4005 1196 relinquamus.
4108 1110 4452 1195 Siquidem
4507 1114 4634 1177 im·-

2675 1209 2977 1285 potentes
3031 1201 3112 1267 ad
3167 1201 3552 1284 obsequium
3610 1200 3893 1277 hortari,
3954 1198 4225 1282 perinde
4266 1208 4402 1276 est,
4459 1220 4535 1264 ac
4578 1199 4636 1264 si

2676 1290 2821 1371 quis
2865 1309 3131 1354 servum
3180 1309 3394 1366 suum,
3439 1309 3635 1369 quem
3680 1286 3980 1351 clausum
4026 1304 4285 1350 carcere
4328 1284 4636 1350 manicis-

2676 1395 2805 1457 que
2848 1376 3275 1440 constrictum
3320 1382 3592 1451 teneret,
3637 1371 3769 1437 huc
3802 1371 3959 1437 illuc
3994 1371 4250 1436 iuberet
4294 1375 4441 1449 [pag.
4490 1377 4632 1450 155]

2676 1461 3014 1526 cursitare.
3117 1459 3524 1525 Conveniret
3581 1459 3751 1523 forte
3817 1456 4123 1522 nonnihil
4185 1454 4348 1521 haec
4405 1456 4636 1520 simili-

2676 1545 2859 1624 tude,
2918 1548 3045 1611 nisi
3102 1548 3307 1611 altera
3360 1553 3548 1629 parte
3590 1543 4021 1621 claudicaret,
4080 1542 4290 1608 altera
4334 1542 4635 1609 concide-

2676 1641 2794 1697 ret.
2892 1632 3067 1697 Nam
3124 1634 3183 1698 si
3233 1630 3364 1695 Dei
3430 1630 3815 1715 tyrannide,
3881 1650 4017 1695 non
4082 1637 4306 1694 autem
4371 1629 4637 1711 propria

2676 1717 2891 1783 cordis
2945 1720 3273 1801 pravitate
3339 1718 3629 1799 captivos
3697 1737 3816 1782 nos
3871 1715 4081 1781 teneri
4148 1716 4634 1790 confiteremur,

2675 1811 2822 1868 tum
2868 1803 3113 1886 aliquid
3154 1804 3387 1870 coloris
3433 1802 3722 1867 haberet.
3810 1802 3874 1867 N
3879 1823 4010 1867 666
4054 1807 4276 1866 autem
4319 1821 4524 1884 quum
4568 1812 4639 1866 et
4747 1880 4755 1889 .

2676 1910 2875 1955 causa
2929 1890 3089 1954 mali
3140 1897 3208 1955 et
3274 1889 3470 1972 culpa
3532 1888 3603 1952 in
3648 1886 3838 1953 nobis
3896 1887 4193 1964 haereat,
4251 1908 4456 1970 quum
4499 1908 4637 1952 6611

2677 1975 2823 2039 61116
2865 1997 3063 2058 quam
3106 1978 3410 2058 propriae
3464 1974 3915 2056 perversitatis
3958 1973 4243 2039 vinculis
4297 1972 4516 2038 induti
4559 1993 4637 2038 ac

2677 2064 3009 2128 constricti
3051 2062 3135 2127 ad
3179 2059 3576 2128 currendum
3620 2060 3829 2125 simus
3872 2060 4160 2139 inutiles,
4203 2058 4488 2124 multum
4533 2070 4638 2124 est

2674 2147 2745 2210 in
2788 2149 3274 2230 comparatione
3329 2145 3745 2213 discriminis.
3835 2143 3946 2210 Ad
3988 2145 4145 2224 hoc,
4192 2165 4395 2226 quum
4440 2165 4636 2227 prae-

2675 2234 2906 2316 cipuus
2950 2234 3469 2299 admonitionum
3515 2240 3584 2297 et
3629 2231 4211 2315 reprehensionum
4259 2253 4419 2296 usus
4465 2231 4637 2298 elec-

2676 2327 2776 2384 tos
2833 2320 3173 2403 respiciat,
3228 2340 3360 2385 non
3416 2326 3751 2401 reputare,
3808 2319 3878 2382 in
3935 2318 4114 2383 hunc
4170 2319 4371 2382 finem
4417 2316 4551 2381 illis
4597 2339 4637 2382 a

2674 2404 2964 2470 Domino
3005 2405 3296 2489 praecipi
3337 2404 3495 2488 quid
3539 2402 3867 2488 agendum
3904 2403 4006 2480 sit,
4046 2412 4112 2468 et
4145 2403 4303 2469 dum
4339 2424 4472 2468 non
4516 2403 4636 2468 ob·

2675 2502 3069 2573 sequuntur,
3126 2513 3315 2558 suam
3366 2492 3499 2557 illis
3554 2500 3698 2554 tum
3754 2490 4087 2555 miseriam
4141 2500 4287 2554 tum
4342 2490 4638 2571 pravita-

2673 2583 2809 2641 tem
2866 2577 3178 2655 1111116611,
3240 2586 3307 2643 66
3357 2577 3641 2660 quodam
3699 2576 3892 2641 modo
3937 2575 4353 2658 exprobrari,
4420 2586 4496 2639 ut
4552 2574 4637 2640 ad

2673 2683 2785 2728 eos
2828 2662 3204 2729 liberandos
3247 2664 3509 2746 spiritui
3554 2670 3781 2728 sancto
3823 2662 3931 2728 via
3973 2671 4339 2740 sternatur,
4386 2662 4638 2727 nimiae

2675 2758 2777 2813 est
2833 2750 3197 2828 caecitatis,
3257 2757 3371 2815 aut
3435 2756 3642 2825 certe,
3705 2749 3760 2812 si
3814 2755 4079 2830 reputes
4119 2767 4195 2811 ac
4238 2746 4636 2826 dissimules,

2673 2836 2872 2899 nimis
2916 2835 3212 2917 perditae
3255 2836 3628 2918 impietatis.

2847 2920 3246 3003 Quanquam
3310 2920 3525 2986 locum
3598 2919 3778 2985 hunc
3842 2919 3938 2985 sic
4001 2927 4357 2985 tractatum
4424 2941 4464 2983 a
4526 2939 4638 2984 me

2670 3007 2874 3072 fuisse
2917 3007 3201 3085 confido,
3259 3015 3336 3072 ut
3378 3027 3616 3089 parum
3660 3005 3834 3088 apud
3881 3026 4021 3084 eos,
4068 3006 4179 3087 qui
4222 3005 4468 3073 mentis
4510 3005 4638 3070 ali-

2672 3094 2833 3176 quid
2889 3094 3170 3172 habent,
3230 3092 3598 3159 allatrando
3662 3093 3962 3175 proficiat
4023 3089 4321 3176 Pighius.
4433 3089 4634 3172 Quod

2671 3179 2729 3245 si
2770 3180 2919 3264 quis
2962 3181 3248 3263 amplius
3291 3179 3599 3246 satisfieri
3641 3178 3767 3244 sibi
3807 3176 4160 3256 desideret,
4204 3178 4277 3242 in
4316 3184 4638 3262 promptu

2670 3274 2773 3330 est
2817 3266 2983 3332 liber
3035 3267 3146 3331 ille
3186 3265 3543 3349 Augustini
3597 3266 3709 3346 qui
3761 3264 3830 3328 in
3889 3264 4062 3328 11666
4119 3283 4261 3327 1616
4306 3271 4487 3330 66666
4532 3273 4640 3331 666

2668 3353 3083 3434 66166661666.
3143 3354 3375 3435 Neque
3419 3363 3553 3416 tam
3602 3361 3703 3414 666
3745 3348 4044 3416 involuta
4089 3351 4408 3432 66666616,
4466 3351 4637 3433 quin

2668 3439 2895 3520 paucis
2942 3437 3160 3504 verbis
3212 3437 3465 3502 absolvi
3510 3445 3726 3518 queat.
3818 3434 3896 3502 81
3938 3455 4072 3500 666
4116 3445 4249 3512 666,
4295 3436 4635 3519 16661666,

2668 3523 3013 3588 obediendi
3058 3525 3128 3587 in
3176 3523 3441 3588 homine
3492 3522 3801 3601 facultas,
3860 3520 4150 3587 docendo
4191 3530 4258 3586 et
4300 3521 4638 3587 monendo

2667 3608 2855 3674 Deus
2898 3607 3069 3673 ludit
3111 3630 3393 3693 operam.
3459 3608 3775 3688 Luderet‚
3820 3610 4045 3685 fateor,
4090 3608 4148 3673 si
4184 3606 4324 3672 sola
4347 3615 4641 3674 externa

2669 3692 2965 3761 doctrina
3030 3702 3355 3760 uteretur:
3434 3706 3757 3777 quantum
3814 3692 3897 3758 ad
3963 3714 4195 3759 verum
4257 3694 4637 3776 profectum

2669 3779 2828 3846 dico.
2921 3781 3121 3846 Nunc
3162 3801 3353 3859 vero,
3412 3802 3617 3864 quum
3672 3781 3914 3864 spiritu
3970 3800 4088 3846 suo
4129 3779 4366 3844 reddat
4404 3781 4636 3846 effica-

2669 3886 2809 3931 cem
2855 3865 3254 3946 doctrinam,
3301 3866 3662 3949 plurimum
3704 3867 3916 3946 abest,
3964 3874 4040 3930 ut
4079 3866 4221 3931 sine
4264 3866 4485 3932 fructu
4533 3866 4638 3932 lo-

2666 3960 2925 4035 quatur.
3017 3956 3075 4017 Ν
3080 3953 3201 4018 11111
3259 3974 3402 4019 esse
3456 3954 3849 4035 pronunciat
3901 3951 4153 4018 Paulus
4207 3971 4437 4017 omnes
4491 3973 4636 4030 eos,

2667 4039 2780 4120 qui
2842 4039 3149 4121 plantant
3201 4039 3312 4104 vel
3369 4038 3599 4122 rigant
3654 4038 3720 4123 (1
3778 4038 3927 4105 Cor.
3976 4043 4034 4116 3,
4092 4039 4180 4120 7).
4283 4036 4419 4118 Qui
4482 4039 4635 4104 sic?

2667 4124 2794 4188 6161
2839 4126 2996 4207 6616
3038 4125 3247 4189 nihilo
3292 4123 3440 4207 plus
3483 4133 3976 4208 consequuntur
4014 4122 4269 4189 Christi
4311 4126 4635 4202 ministri,

2666 4209 2955 4276 docendo
2998 4224 3066 4275 et
3108 4208 3582 4289 concionando,
3642 4231 3838 4293 quam
3898 4210 3953 4275 si
3999 4230 4219 4275 aerem
4260 4211 4425 4276 flatu
4468 4211 4638 4275 feri-

2666 4295 2857 4361 rent?
2938 4296 3134 4363 Unde
3192 4309 3409 4362 autem
3466 4299 3544 4361 fit
3596 4307 3671 4361 ut
3728 4295 3889 4362 adeo
3946 4296 4036 4361 sit
4088 4296 4338 4362 inutilis
4395 4317 4639 4362 eorum

2665 4382 2891 4448 labor?
2953 4383 3084 4447 nisi
3139 4381 3314 4466 quod
3367 4381 3695 4464 lapidibus
3737 4383 4127 4466 loquuntur,
4188 4382 4394 4448 116666
4437 4383 4640 4447 miri-

2664 4471 2791 4536 fica
2833 4479 2900 4533 et
2952 4488 3193 4534 arcana
3235 4490 3355 4535 sua
3408 4469 3785 4551 operatione
3841 4468 4121 4534 instillat
4157 4469 4345 4534 Deus
4386 4469 4461 4533 in
4508 4469 4641 4535 ho-

2667 4556 2920 4620 minum
2975 4563 3262 4634 mentes,
3320 4560 3387 4619 et
3440 4554 3741 4620 cordibus
3799 4556 4109 4639 inspirat,
4177 4554 4349 4637 quod
4393 4576 4642 4620 eorum

2665 4662 2865 4727 opera
2920 4663 3054 4705 non
3108 4641 3239 4706 nisi
3294 4639 3378 4705 ad
3444 4661 3639 4707 aures
3706 4641 4049 4724 pervenire
4111 4640 4414 4724 poterat?
4518 4642 4642 4706 Ita

2667 4726 3022 4805 concludit,
3064 4727 3312 4805 Deum,
3355 4727 3464 4808 qui
3501 4727 3616 4792 dat
3655 4727 4165 4806 incrementum,
4221 4726 4436 4792 solum
4479 4748 4643 4794 esse

2667 4814 2916 4879 omnia:
2961 4833 3090 4878 non
3134 4812 3308 4896 quod
3349 4813 3573 4878 omnia
3631 4818 3779 4893 [pag.
3829 4819 3975 4892 156]
4021 4813 4292 4895 66111666
4337 4813 4445 4878 661
4489 4814 4641 4879 vir-

2666 4904 2812 4964 tute
2856 4897 3112 4981 agendo
3127 4950 3143 4978 ,
3200 4919 3543 4965 servorum
3588 4921 3857 4965 suorum
3909 4899 4351 4965 ministerium
4395 4902 4641 4966 exclu-

2668 4985 2799 5064 dat,
2858 4984 2975 5050 sed
3017 4995 3093 5049 ut
3149 4983 3424 5050 solidam
3483 4984 3609 5050 sibi
3653 4986 3930 5052 actionis
3981 4984 4243 5051 laudem
4288 4985 4640 5052 vendicet:

2668 5071 2841 5138 sicut
2893 5077 3033 5135 tota
3088 5071 3172 5137 ab
3228 5092 3304 5135 66
3362 5092 3496 5137 666
3553 5072 3839 5139 efficacia
3893 5073 4203 5156 emergit,
4261 5080 4330 5136 66
4372 5091 4643 5137 vanum

2668 5166 2770 5224 est
2810 5177 2887 5223 ac
2930 5156 3173 5237 sterile,
3219 5156 3535 5240 quidquid
3584 5158 3729 5222 sine
3768 5159 3909 5241 ipso
3955 5158 4257 5223 laborant
4298 5156 4640 5225 homines.

2666 5243 2751 5308 In
2818 5242 2942 5307 hac
3007 5240 3306 5309 doctrina
3365 5251 3620 5309 tantam
3686 5243 4173 5310 absurditatum
4245 5245 4643 5328 congeriem

2668 5328 2952 5413 Pighius
2996 5331 3314 5396 contineri
3357 5328 3543 5406 dicit,
3585 5338 3660 5394 ut
3702 5329 3922 5395 omnia
3965 5339 4272 5397 excutere
4314 5331 4643 5397 immensi
