4999 6179
592 416 717 478 527

590 691 1087 771 componeretur
1153 683 1326 768 quod
1387 682 1728 749 turbatum
1794 683 1978 748 erat?
2081 682 2190 747 Ad
2246 683 2554 767 generale

589 794 746 840 vero
790 771 1172 850 concilium,
1219 770 1348 835 nisi
1394 776 1643 835 tentato
1687 769 1874 852 prius
1917 768 2031 833 illo
2075 767 2395 847 remedi0,
2442 768 2554 833 de-

588 880 855 926 currere
897 877 1240 941 nunquam
1278 855 1483 923 moris
1525 855 1667 920 fuit.
1755 855 2155 938 Priusquam
2201 853 2285 920 ad
2327 855 2554 920 confu-

588 945 866 1011 tandum
902 949 1052 1024 [pag.
1082 948 1231 1023 129]
1263 942 1498 1007 Arium
1532 940 1806 1006 Niceam
1838 940 2266 1007 convenirent
2301 962 2385 1005 ex
2413 947 2551 1006 toto

588 1034 745 1099 orbe
788 1030 1146 1096 christiano
1188 1028 1493 1112 episcopi,
1537 1028 1669 1091 iam
1713 1026 1936 1110 plures
1978 1027 2048 1091 16
2073 1024 2352 1093 Oriente
2393 1048 2552 1112 syn-

592 1117 702 1184 odi
753 1117 1063 1184 collectae
1114 1116 1395 1180 fuerant.
1483 1112 1769 1196 Reliqua
1824 1112 2157 1196 exempla,
2210 1112 2553 1179 brevitatis

589 1225 807 1284 causa,
850 1208 1206 1286 praetereo,
1297 1198 1433 1265 Sed
1477 1197 1654 1282 quod
1709 1198 1929 1264 hostes
1984 1199 2193 1264 nostri
2236 1206 2554 1281 tanquam

587 1291 981 1356 inusitatum
1000 1287 1279 1371 fugiunt,
1315 1284 1722 1351 ordinarium
1745 1285 1961 1365 fuisse,
1984 1293 2284 1352 veterum
2307 1286 2553 1368 scripta

587 1381 936 1441 testantur.
1023 1373 1341 1439 Facessat
1382 1392 1538 1456 ergo
1582 1370 1871 1436 mendax
1912 1372 2039 1436 iste
2082 1378 2479 1455 praetextus.

761 1458 838 1526 Si
874 1459 1195 1525 africanos
1231 1459 1568 1542 episcopos
1600 1456 1924 1523 tenuisset
1953 1458 2117 1522 haec
2154 1457 2548 1539 superstitiO,

587 1547 789 1612 nimis
831 1566 976 1612 sero
1020 1543 1390 1610 Donatistis
1436 1565 1511 1609 ac
1551 1542 1935 1627 Pelagianis
1979 1562 2320 1609 occursum
2357 1549 2547 1608 esset.

587 1633 735 1698 Iam
792 1652 1104 1716 magnam
1158 1631 1424 1695 Africae
1494 1634 1753 1713 partem
1808 1629 1879 1693 in
1941 1649 2130 1695 suam
2201 1629 2548 1694 factionem

587 1726 934 1784 traxerant
974 1715 1370 1782 Donatistae
1382 1738 1399 1796 3
1457 1735 1579 1781 nec
1631 1714 1814 1781 locus
1861 1715 2205 1798 quisquam
2266 1721 2411 1780 erat
2466 1714 2550 1780 ab

587 1827 817 1872 eorum
851 1802 1243 1887 contagione
1279 1801 1543 1867 omnino
1621 1822 1802 1866 urus.
1872 1802 2041 1866 Erat
2073 1801 2350 1866 maximi
2384 1822 2550 1885 pon-

590 1891 764 1957 deris
819 1889 1269 1957 controversia
1323 1887 1402 1953 de
1462 1906 1572 1954 666
1600 1887 1773 1953 66166
1832 1887 2083 1952 unitate
2128 1895 2195 1952 et
2249 1886 2553 1972 legitima

587 1975 1159 2043 administratione
1213 1972 1537 2057 baptismi.
1627 1970 2014 2039 Secundum
2079 1993 2326 2039 novam
2391 1975 2549 2038 isto-

588 2085 743 2129 rum
799 2060 1192 2146 sapientiam
1259 2057 1584 2125 debebant
1636 2058 1721 2124 ad
1775 2058 2147 2125 universale
2204 2059 2553 2126 concilium

587 2149 860 2215 reiicere
905 2144 1254 2212 orthodoxi
1293 2146 1577 2230 episcopi
1620 2144 1808 2209 illam
1853 2146 2328 2229 quaestionem,
2381 2167 2467 2211 66
2513 2165 2554 2209 6

588 2234 860 2319 reliquis
903 2230 1214 2298 ecclesiae
1255 2231 1567 2297 membris
1612 2252 1682 2298 se
1737 2230 2210 2298 abscinderent.
2300 2232 2412 2296 An
2454 2231 2550 2295 fa-

588 2319 812 2388 ciunt?
905 2317 1092 2400 Quin
1154 2317 1405 2401 potius,
1472 2318 1629 2401 quia
1680 2316 2150 2402 restinguendo
2218 2317 2553 2401 praesenti

585 2405 891 2474 incendio
945 2402 1365 2469 festinatione
1421 2423 1586 2486 opus
1630 2424 1772 2468 esse
1824 2402 2148 2483 iudicant,
2199 2409 2444 2488 urgent
2485 2412 2553 2468 et

584 2496 1025 2576 insequuntur
1049 2488 1462 2555 Donatistas:
1509 2508 1686 2554 6666
1727 2488 1812 2554 6(1
1851 2488 2198 2574 synodum,
2244 2510 2423 2556 nunc
2466 2488 2550 2554 ad

586 2577 1098 2662 disputationem
1141 2595 1282 2656 eos,
1329 2576 1517 2658 quasi
1558 2595 1763 2640 manu
1807 2582 2180 2642 consertum
2219 2582 2549 2642 vocantes.

585 2666 932 2732 Damnent
983 2662 1207 2727 hostes
1261 2662 1472 2725 nostri
1525 2662 1617 2726 im
1662 2662 1763 2726 iae
1821 2661 1904 2727 ab
1964 2660 2261 2728 ecclesia'
2281 2682 2548 2746 separa-

587 2750 787 2816 tionis
824 2757 892 2815 et
935 2746 1416 2832 Augustinum‚
1472 2754 1541 2812 et
1594 2683 1755 2813 5166
1798 2748 1940 2813 6166
1988 2747 2220 2812 aetatis
2285 2755 2548 2814 sanctos

585 2837 781 2916 viros,
828 2836 939 2918 qui
974 2854 1125 2900 eum
1161 2855 1238 2899 eo
1272 2834 1798 2899 consentiebant:
1833 2832 2006 2917 quod
2039 2840 2108 2899 et
2141 2833 2546 2915 Donatistae,

586 2920 915 3006 imperiali
936 2919 1306 2999 autoritate,
1353 2939 1490 2983 666
1511 2927 1870 2986 convocata
1891 2919 2253 2986 universali
2274 2920 2546 3004 synode,

588 3029 813 3075 secum
875 3006 1209 3091 disputare
1272 3006 1638 3091 coegerint,
1713 3013 1779 3071 et
1829 3005 2216 3091 provinciali
2272 3005 2546 3073 concilio

586 3096 955 3180 transigere
1011 3092 1091 3158 de
1146 3093 1591 3160 controversia
1646 3093 1936 3157 maxime
1993 3093 2202 3158 ardua
2253 3100 2322 3157 et
2372 3094 2544 3177 peri-

586 3181 812 3248 culosa
853 3200 989 3246 non
1033 3177 1500 3245 dubitaverint.
1571 3178 1885 3264 Pelagius
1924 3179 2060 3246 illic
2093 3200 2348 3265 quoque
2383 3181 2543 3246 cris-

585 3276 689 3334 tas
747 3274 897 3348 [pag.
954 3269 1101 3344 130]
1159 3265 1516 3331 extulerat:
1591 3266 1844 3345 statim,
1919 3265 2004 3331 ad
2054 3266 2545 3349 reprimendam

587 3356 731 3419 eius
776 3350 1134 3430 audaciam,
1183 3350 1406 3416 habita
1439 3350 1746 3436 synodus.
1819 3349 2062 3432 Quum,
2108 3352 2416 3418 simulata
2461 3350 2545 3417 ad

584 3439 787 3506 breve
852 3443 1119 3521 tempus
1185 3438 1595 3520 poenitentia
1609 3489 1625 3516 ,
1698 3438 2024 3502 vomitum
2091 3437 2542 3518 resorbuisset,

587 3525 803 3591 defixo
862 3524 932 3588 16
985 3522 1213 3588 Africa
1256 3523 1611 3607 impietatis
1654 3544 1813 3589 suae
1856 3523 2100 3603 aculeo,
2143 3524 2448 3590 Romam-
2474 3545 2544 3589 se

584 3611 853 3694 recepit,
889 3608 1006 3674 ubi
1029 3609 1190 3674 satis
1222 3608 1508 3693 benigue
1531 3608 1660 3673 fuit
1692 3616 2026 3693 exceptae.
2079 3607 2260 3690 Quid
2293 3610 2546 3676 faciunt

582 3699 677 3784 pii
721 3693 1049 3781 episcopi?
1143 3695 1254 3759 An
1305 3715 1376 3759 se
1433 3692 1803 3759 membrum
1858 3693 2183 3761 duntaxat
2236 3695 2545 3763 ecclesiae

585 3805 731 3851 esse
773 3787 1162 3859 causantur,
1210 3785 1287 3845 ut
1326 3780 1407 3846 ab
1454 3779 1815 3847 universali
1858 3780 2131 3847 concilio
2175 3781 2546 3848 remedium

585 3866 1013 3955 exspectent?
1060 3866 1242 3950 Quin
1271 3865 1487 3951 potius
1521 3867 1922 3932 conveniunt
1952 3868 2096 3950 ipsi,
2141 3869 2358 3952 prima
2385 3890 2545 3953 qua-

630 3978 715 4022 ue
758 3955 1094 4022 occasione
1113 4005 1128 4034 ,
1183 3954 1426 4019 iterum
1479 3958 1674 4037 atque
1724 3954 1999 4019 iterum:
2058 3954 2340 4039 impium
2380 3953 2545 4020 illud

586 3978 854 4127 dogma,
913 4061 1041 4123 quo
1082 4040 1217 4104 iam
1262 4039 1486 4106 infecti
1531 4040 1796 4105 fuerant
1840 4039 2064 4118 multi,
2093 4041 2544 4106 anathemate

586 4128 937 4205 damnant,
993 4126 1435 4209 pronunciant
1496 4125 1699 4192 libere
1743 4145 1819 4191 ac
1855 4125 2207 4208 definiunt,
2262 4127 2419 4212 quid
2464 4127 2545 4192 de

584 4212 890 4299 originali
937 4218 1232 4296 peccato,
1292 4210 1502 4296 deque
1556 4212 2073 4296 regenerationis
2126 4215 2341 4297 gratia
2395 4234 2544 4278 sen-

585 4299 884 4366 tiendum
916 4298 1023 4363 sit.
1088 4299 1333 4364 Postea
1366 4298 1652 4363 Romam
1682 4297 1948 4382 quidem
1979 4304 2276 4366 actorum
2322 4312 2544 4365 exem-

579 4386 730 4471 plar
771 4385 1080 4462 mittunt,
1139 4384 1383 4467 partim
1442 4390 1521 4448 ut
1573 4385 1908 4450 communi
1966 4392 2033 4449 et
2087 4385 2436 4451 autoritate
2477 4392 2547 4450 et

581 4493 905 4541 consensu
960 4469 1198 4536 melius
1256 4477 1323 4535 et
1366 4468 1647 4535 validius
1698 4467 2179 4536 haereticorum
2231 4472 2546 4556 frangant

580 4556 1120 4636 contumaciam,
1156 4556 1425 4638 partim,
1483 4564 1560 4620 ut
1601 4555 1764 4621 alios
1808 4556 2205 4622 admoneant
2245 4557 2541 4642 periculi,

579 4643 756 4729 quod
799 4650 942 4709 erat
982 4642 1286 4708 omnibus
1331 4640 1715 4707 cavendum.
1803 4643 2140 4727 Torquent
2179 4644 2304 4710 hoc
2346 4644 2542 4710 alior-

580 4752 728 4797 sum
788 4728 1044 4794 romani
1103 4727 1432 4813 pontificis
1483 4727 1888 4794 adulatores:
1945 4731 2134 4813 quasi
2185 4730 2542 4814 suspende-

576 4816 720 4883 rint
754 4815 1168 4894 sententiam,
1215 4813 1439 4895 donec,
1476 4813 1648 4897 quod
1689 4822 1981 4899 egerant,
2017 4823 2238 4881 ratum
2273 4817 2547 4884 haberet

578 4901 1028 4979 Innocentius,
1065 4901 1178 4984 qui
1224 4906 1366 4965 tum
1408 4920 1718 4966 romanae
1759 4901 2069 4968 ccclesiae
2108 4901 2540 4986 praesidebat.

578 4989 868 5066 Verum,
936 4987 1097 5052 satis
1155 5008 1482 5070 superque
1535 4986 1861 5052 refellitur
1916 4988 2080 5055 haec
2133 4988 2546 5073 impudentia

580 5099 665 5142 ex
709 5080 1091 5140 sanctorum
1132 5082 1401 5157 patrum
1443 5072 1680 5140 verbis.
1752 5072 1983 5157 Neque
2017 5074 2196 5141 enim
2230 5084 2348 5141 aut
2387 5095 2543 5141 con-

582 5161 806 5228 silium
862 5165 1105 5246 petunt
1156 5159 1237 5226 ab
1291 5159 1709 5240 Innocenti0,
1764 5160 1920 5243 quid
1973 5161 2188 5227 facere
2242 5159 2541 5242 debeant,

577 5271 701 5316 nec
737 5247 820 5313 ad
864 5267 1017 5313 eum
1050 5246 1363 5326 referunt,
1406 5252 1483 5312 ut
1514 5247 1925 5330 pronunciet,
1969 5267 2091 5314 nec
2131 5248 2270 5312 eius
2304 5254 2542 5313 nutum

582 5334 1131 5420 autoritatemque
1201 5339 1619 5417 exspectant:
1683 5332 1800 5399 sed
1851 5333 1986 5398 iam
2041 5353 2112 5400 se
2155 5332 2543 5419 cognovisse

2204 405 2334 473 DE
2377 405 3019 475 NECESSITATE

4492 410 4618 472 528

459 641 466 648 ·
589 600 1064 686 provincialem
1116 596 1447 684 synodum
1500 596 1799 664 solebant
1848 617 2207 662 convocare
2222 647 2239 675 ,
2289 602 2365 661 ut
2418 596 2553 663 11116
2658 596 2740 663 (16
2780 617 2993 676 66666,
3038 602 3105 661 et
3147 595 3544 662 sententiam
3585 595 3820 662 tulisse
3863 601 4170 676 narrant,
4215 616 4345 678 qua
4387 600 4456 660 et
4496 594 4619 660 ho-

2655 684 2902 748 minem
2957 687 3024 747 et
3067 682 3436 747 doctrinam
3482 682 3975 759 damnaverint,
4034 687 4112 746 ut
4155 702 4352 747 suum
4394 702 4618 748 exem-

2655 768 2841 853 plum
2882 769 3055 853 ipse,
3099 767 3231 832 nisi
3274 768 3410 833 suis
3451 770 3752 853 partibus
3797 766 4022 834 deesse
4065 767 4254 846 velit,
4297 768 4615 833 imitetur.

2657 856 2880 938 Atque
2923 853 3085 920 11666
3127 852 3393 937 (161(1616
3429 861 3573 920 tum
3607 854 3873 933 fiebant,
3910 875 4115 938 quum
4154 855 4226 920 in
4262 874 4426 920 sana
4467 853 4619 920 doe-

2658 941 2836 1007 trina
2861 974 2873 984 ·
2899 941 3386 1006 consentientes
3451 939 3666 1006 adhuc
3732 948 3952 1007 essent
4016 940 4197 1005 inter
4253 945 4402 1020 [pag.
4469 944 4616 1019 131]

2658 1047 2729 1093 se
2774 1026 3103 1093 ecclesiae.
3191 1025 3389 1092 Nunc
3431 1047 3609 1111 erge,
3655 1048 3860 1110 quum
3906 1025 4128 1091 omnia
4166 1025 4491 1092 inclinent
4533 1025 4617 1091 ad

2657 1112 2923 1178 ruinam
2939 1164 2956 1190 ,
3012 1112 3142 1179 nisi
3197 1111 3500 1182 celeriter
3541 1117 3990 1192 succurratur,
4060 1112 4218 1196 quid
4263 1113 4344 1179 ab
4388 1132 4617 1178 eorum

2655 1197 3058 1282 pendeamus
3099 1219 3452 1278 consensu,
3508 1200 3618 1283 qui
3662 1197 3921 1263 nullum
3960 1219 4097 1263 non
4140 1205 4411 1266 movent
4450 1198 4618 1283 lapi-

2658 1283 2838 1365 dem,
2899 1293 2973 1350 ut
3017 1285 3145 1349 Dei
3189 1285 3569 1364 veritatem,
3631 1306 3829 1369 quam
3883 1284 4353 1367 profligarunt,
4405 1285 4615 1369 impe-

2659 1369 2870 1450 diant,
2929 1371 3276 1454 quominus
3319 1371 3563 1436 iterum
3620 1369 3959 1455 emergat?
4049 1371 4221 1435 Erat
4264 1370 4617 1437 Ambrosio

2658 1476 2779 1523 sua
2821 1463 3033 1523 aetate
3074 1478 3228 1522 cum
3257 1457 3595 1523 Auxentio
3630 1465 3964 1522 certamen
4001 1455 4082 1523 de
4115 1456 4429 1540 primario
4464 1455 4618 1521 fidei

2655 1550 2919 1608 nostrae
2963 1545 3201 1626 capite,
3257 1544 3382 1609 hoc
3426 1550 3553 1622 est,
3611 1541 3693 1608 de
3738 1542 4081 1612 divinitate
4126 1541 4397 1608 Christi.
4484 1543 4618 1607 Fa-

2655 1629 2855 1695 vebat
2908 1629 3229 1695 Auxentii
3277 1630 3577 1712 partibus
3629 1629 4017 1713 Imperator.
4105 1629 4339 1712 Neque
4395 1637 4619 1694 tamen

2656 1714 2741 1780 ad
2784 1715 3092 1799 generale
3147 1715 3497 1781 concilium
3547 1723 3861 1799 provocat
3897 1716 4022 1781 hoc
4066 1717 4372 1794 obtentu,
4430 1715 4619 1798 quasi

2656 1801 2817 1867 alibi
2868 1809 3121 1867 tantam
3173 1821 3441 1868 causam
3493 1802 3674 1866 finiri
3730 1802 3817 1867 sit
3883 1802 4096 1867 nefas:
4172 1800 4289 1866 sed
4352 1808 4617 1866 tantum

2654 1887 2962 1970 postulat,
3006 1897 3083 1952 ut
3116 1888 3270 1972 quia
3307 1886 3465 1952 fidei
3499 1888 3587 1952 sit
3629 1887 3938 1970 quaestio,
3983 1888 4056 1951 in
4091 1887 4364 1953 ecclesia
4397 1908 4617 1953 coram

2655 1972 2897 2056 populo
2956 1973 3342 2059 disputetur.
3368 1976 3420 2059 ¹)
3509 1972 3844 2055 Quorsum
3905 1974 4113 2038 etiam-
4169 1971 4406 2058 synodi
4462 1993 4617 2057 pro-

2655 2058 3005 2141 vinciales,
3062 2081 3228 2159 quae
3283 2059 3387 2125 bis
3439 2059 3598 2124 olim
3650 2059 4001 2143 quotannis
4054 2079 4140 2124 ex
4186 2079 4371 2124 more
4414 2059 4617 2125 habe-

2654 2143 2915 2224 bantur,
2963 2146 3094 2212 6161
3158 2157 3234 2210 ut
3291 2144 3374 2211 de
3427 2146 3538 2224 iis,
3596 2167 3762 2229 quae
3821 2151 4257 2224 emerserant,
4315 2146 4491 2210 inter
4542 2166 4616 2211 se

2656 2230 3103 2297 consultarent
3148 2230 3478 2316 episcopi?
3537 2233 3707 2297 sicut
3763 2238 3831 2296 ct
3873 2252 4085 2298 canon
4127 2230 4365 2316 synodi
4409 2230 4614 2297 Chal-

2654 2317 3040 2384 cedonensis
3084 2318 3377 2384 decimus
3411 2339 3626 2383 nonus
3661 2318 3966 2383 continet.
4042 2318 4239 2384 Iubet
4270 2318 4616 2401 antiquum

2654 2404 3065 2484 institutum,
3120 2404 3223 2470 bis
3279 2404 3628 2488 quotannis
3682 2406 4040 2471 convenire
4099 2404 4615 2487 uniuscuiusque

2653 2491 3030 2573 provinciae
3081 2492 3436 2574 episcopos.
3526 2490 3674 2556 Hoc
3728 2489 4017 2576 synodus
4061 2488 4617 2556 Chalcedonensis

2651 2575 3123 2660 interpretatur
3163 2578 3309 2641 fieri
3352 2575 3604 2656 debere,
3651 2583 3725 2641 ut
3767 2575 3826 2642 si
3869 2598 3999 2660 qua
4040 2577 4429 2642 emerserint
4471 2596 4616 2642 cor-

2653 2663 2975 2747 rigantur.
3046 2662 3174 2728 Isti
3211 2683 3380 2746 quae
3414 2661 3718 2728 omnibus
3761 2668 3920 2728 nota
3959 2668 4130 2742 sunt,
4176 2669 4245 2727 et
4279 2660 4617 2729 doctrinae

2653 2755 2723 2812 et
2763 2769 3025 2813 morum
3068 2748 3256 2828 vitia,
3301 2748 3436 2813 ullo
3481 2748 3673 2814 modo
3725 2749 3965 2835 attingi
4010 2750 4108 2815 fas
4153 2769 4298 2814 esse
4342 2770 4427 2813 ne
4515 2755 4614 2828 nt,

2652 2832 2858 2901 donec
2893 2832 2977 2898 ad
3014 2833 3385 2902 universale
3420 2834 3769 2900 concilium
3820 2841 4098 2900 ventum
4141 2833 4357 2899 fuerit.
4497 2834 4613 2899 uin

2653 2920 2855 2986 etiam
2909 2920 3035 2985 hoc
3088 2922 3230 3006 ipso
3286 2921 3694 3006 subterfugio
3747 2920 4086 2986 Palladius
4140 2927 4207 2985 et
4249 2918 4614 2987 Secundia-

2651 3028 2809 3084 nus,
2828 3007 2888 3089 ²)
2956 3007 3218 3087 Ariani,
3291 3007 3638 3072 concilium
3682 3007 4109 3097 Aquileiense
4156 3005 4611 3092 repudiabant,

2651 3093 2824 3177 quod
2864 3093 3139 3178 plenum
3183 3115 3258 3160 ac
3302 3094 3610 3179 generale
3654 3115 3787 3160 non
3834 3101 4022 3160 esset.
4095 3092 4349 3161 Abesse
4392 3094 4612 3161 orien-

2648 3179 2814 3246 tales
2859 3201 3087 3245 omnes
3144 3180 3507 3264 episcopos,
3567 3180 4069 3246 occidentalium
4130 3181 4333 3246 etiam
4369 3199 4615 3263 paucos

2649 3286 3042 3349 comparere.
3115 3267 3208 3331 Et
3251 3276 3445 3346 certe,
3493 3288 3577 3331 ex
3610 3266 3847 3332 italicis
3887 3287 4142 3350 quoque
4176 3267 4293 3333 vix
4340 3265 4616 3332 dimidia

2645 3372 2799 3434 pars
2844 3359 3259 3419 convenerat.
3317 3353 3664 3418 Romanus
3709 3353 4051 3437 episcopus
4094 3374 4307 3437 neque
4341 3358 4618 3419 venerat

2644 3439 2802 3521 ipse,
2847 3459 3061 3521 neque
3100 3439 3384 3522 aliquem
3426 3439 3699 3505 miserat
3733 3460 3817 3504 ex
3862 3440 4001 3505 suis
4036 3439 4454 3525 presbyteris,
4497 3439 4615 3522 qui

2648 3545 2765 3588 suo
2790 3526 3056 3589 nomine
3068 3525 3435 3590 interesset.
3467 3530 3615 3606 [pag.
3648 3529 3794 3605 132]
3819 3524 3927 3591 Ad
3948 3526 4075 3590 ista
4096 3527 4320 3591 omnia
4338 3540 4613 3612 respon-

2647 3608 2758 3676 det
2792 3609 3216 3677 Ambrosius:
3254 3631 3388 3676 non
3420 3632 3564 3678 esse
3590 3631 3839 3678 novum
3872 3611 4267 3696 exemplum,
4304 3619 4382 3677 ut
4411 3632 4613 3696 syno-

2647 3695 2808 3762 dum
2833 3705 3037 3782 agant
3065 3696 3499 3763 occidentales
3533 3698 3834 3781 episcopi,
3885 3717 4089 3781 quum
4119 3698 4323 3764 moris
4352 3718 4616 3782 semper

2647 3783 2865 3862 fuerit,
2911 3782 3260 3848 orientales
3304 3784 3480 3848 inter
3523 3805 3593 3849 se
3638 3784 4006 3850 convenire.
4095 3781 4473 3850 Prudenter
4515 3785 4613 3849 fe-

2648 3869 2815 3936 cisse
2852 3869 2993 3953 pios
3024 3870 3471 3953 imperatores,
3518 3870 3628 3953 qui
3666 3870 4021 3937 concilium
4053 3869 4420 3936 indixerint
4443 3871 4616 3938 facta

2650 3956 2951 4022 omnibus
3006 3954 3213 4021 libera
3267 3955 3579 4021 veniendi
3632 3963 3982 4040 potestate,
4039 3956 4229 4022 nulla
4282 3978 4441 4024 vero
4492 3977 4613 4022 66-

2648 4041 2952 4108 cessitate
3010 4042 3334 4126 imposita.
3424 4043 3734 4122 Venisse,
3803 4042 4036 4126 quibus
4102 4043 4321 4109 visum
4374 4042 4610 4109 fuerit:

2650 4129 2806 4211 quia
2858 4148 3051 4193 nemo
3102 4129 3305 4194 fuerit
3374 4126 3763 4212 prohibitus.
3854 4127 4078 4210 Quum
4127 4137 4483 4214 pergerent
4536 4130 4616 4194 in

2650 4214 2789 4279 suis
2833 4214 3487 4299 tergiversationibus
3537 4212 3881 4293 haeretici,
3936 4237 4069 4281 non
4110 4222 4458 4299 propterea
4497 4215 4614 4281 de-

2650 4301 2961 4366 stiterunt
3016 4322 3055 4365 a
3125 4322 3243 4366 suo
3306 4302 3635 4385 proposito
3700 4301 3910 4367 sancti
3984 4308 4223 4386 patres.
4338 4301 4615 4368 Talibus

2649 4386 2935 4469 profecto
2962 4386 3282 4470 exemplis
3326 4407 3461 4451 non
3503 4386 3890 4470 prohibetur
3923 4388 4239 4453 Maiestas
4281 4395 4415 4466 tua,
4440 4387 4616 4454 an-

2650 4494 2785 4551 sar,
2854 4474 3203 4556 quominus
3257 4471 3340 4536 ad
3395 4472 3914 4558 recolligendum
3966 4474 4038 4538 in
4103 4482 4399 4540 sanctam
4452 4495 4616 4540 con-

2648 4559 2939 4625 eordiam
2979 4558 3240 4642 imperii
3283 4579 3521 4641 corpus
3565 4558 3706 4640 hac,
3755 4579 3919 4644 quae
3955 4582 4025 4627 se
4069 4559 4154 4625 ad
4194 4581 4471 4626 manum
4511 4560 4617 4626 of-

2647 4645 2795 4725 fert,
2843 4645 3097 4711 ratione
3140 4643 3371 4710 utaris.

2821 4729 3217 4814 Quanquam
3259 4751 3395 4795 non
3440 4730 3563 4797 hoc
3607 4739 3818 4815 agunt
3858 4732 3970 4799 isti
4012 4730 4252 4810 nostri,
4298 4733 4411 4815 qui
4452 4752 4617 4818 pro-

2646 4816 3144 4883 crastinandum
3188 4816 3484 4896 suadent,
3529 4817 3699 4883 sicut
3736 4819 3866 4883 iam
3912 4817 4159 4885 dictum
4197 4826 4317 4898 est,
4363 4825 4443 4884 ut
4486 4819 4617 4885 ali-

2648 4903 3033 4987 quantisper
3076 4901 3465 4983 differcndo,
3527 4902 3793 4969 tandem
3837 4904 4146 4971 ecclesiae
4188 4905 4614 4971 consulatur:

2647 4988 2763 5055 sed
2820 4989 3082 5054 lucrum
3135 4989 3326 5055 modo
3388 5011 3471 5055 ex
3514 5011 3699 5056 mora
3753 4999 4095 5073 quaerunt.
4184 4991 4397 5056 Porro
4446 4991 4619 5058 satis

2783 5280 2841 5346 1)
2878 5281 3053 5351 Epist.
3087 5280 3177 5336 32.

2782 5348 2844 5417 2)
2881 5349 3305 5407 secundinianus
3342 5348 3477 5404 1576
3512 5365 3657 5421 seqq.
