4999 6179
2077 472 2821 547 PROLEGOMENA.
4319 485 4460 556 XV

728 676 899 760 LA
963 675 1398 761 FORME
1468 676 1481 781 1
1550 688 1734 757 DES
1779 691 2183 758 PROERES
2223 692 2344 758 ΕΤ
2396 692 2408 778 ι
2459 702 2753 758 cnam-z
2807 690 3514 779 Ecomsus'n-flques
3569 716 3729 763 aveo
3781 696 3849 761 la
3913 699 4207 765 muniere
4273 701 4454 768 d’ad-

415 803 756 869 ministrer
798 800 896 868 les
918 798 1402 886 88818-1188118,
1447 807 1517 867 81
1559 820 1904 868 8811888181
1942 802 2006 868 18
2047 803 2380 888 Mariage:
2427 800 2611 870 selon
2656 803 2723 868 la
2766 801 3173 891 8811-181111118
3205 803 3287 872 (18
3320 800 3599 891 I’Eglise
3627 808 3967 875 ancienne.
4009 810 4020 894 Ι
4061 819 4452 892 (Arabesque.)

412 912 684 981 Psalmo
733 916 872 979 159.
927 914 939 1000 Ι
995 910 3742 1002 6718818888381988818718888888888ΖΖ8,8119888870888988811889888Ζα
3789 917 4457 1009 Conyreyationldes

417 1024 843 1091 debonnaires.
882 1020 910 1109 Ἰ
958 1025 1227 1091 Psalmo
1269 1029 1408 1089 150.
1463 1024 1472 1109 Ι
1531 1025 1661 1107 Que
1703 1014 1829 1091 {out
1868 1045 1935 1091 ce
1977 1026 2092 1108 qui
2132 1027 2377 1109 respiro
2418 1025 2556 1092 Ioue
2599 1027 2657 1093 le
2702 1025 3011 1111 Seiqneur
3056 1028 3067 1114 Ι
3116 1042 3257 1081 ··--
3308 1029 3319 1115 Ι
3364 1039 3723 1096 M.D.XLII.

730 1171 979 1236 Forma
1035 1171 1371 1238 octonaria
1423 1171 1657 1237 minor.
1748 1169 2238 1253 Quaterniones
2286 1169 2597 1239 undecim
2654 1192 2807 1238 cum
2859 1171 3129 1240 dimidio
3184 1175 3459 1261 (a—m).
3526 1176 3719 1242 Folia
3760 1182 3861 1244 92.
3949 1178 4016 1246 N
4017 1183 4229 1247 umeri
4269 1185 4456 1271 pagi-

416 1305 661 1351 narum
701 1282 890 1349 nulli.
978 1282 1329 1350 Flosculus
1368 1283 1443 1347 111
1481 1282 1675 1348 1111118
1716 1281 1895 1348 idem
1938 1290 2135 1367 atque
2185 1283 2300 1349 ille
2343 1306 2427 1348 ex
2471 1304 2602 1367 quo
2647 1284 2955 1369 Prolegg.
3013 1285 3088 1351 Τ.
3135 1283 3222 1351 V.
3283 1306 3429 1371 pag.
3477 1286 3702 1353 LVII.
3761 1289 3858 1356 Io.
3917 1289 4296 1360 Gerardum
4338 1316 4454 1381 ge-

415 1416 781 1462 nevensem
832 1394 1330 1482 typographum
1397 1393 1603 1460 fuisse
1661 1395 2060 1461 coniecimus
2113 1396 2227 1478 qui
2283 1397 2457 1462 Acta
2511 1396 3026 1480 Ratisponensia
3090 1395 3450 1464 excuderit.
3538 1400 3964 1475 Psalmorum
4016 1404 4327 1471 versiculi
4383 1407 4456 1474 in

416 1507 611 1574 titulo
656 1508 956 1592 expressi
1017 1506 1134 1573 sed
1199 1526 1283 1571 ex
1336 1512 1526 1590 parte
1582 1505 1750 1571 falso
1807 1527 2086 1572 numero
2142 1505 2465 1592 designati
2522 1507 2840 1593 leguntur
2904 1509 3016 1575 Ps.
3070 1513 3212 1589 149,
3263 1514 3293 1573 1
3345 1518 3414 1576 81
3461 1514 3601 1590 150,
3647 1515 3706 1577 6.
3807 1513 4100 1584 Titulum
4156 1519 4457 1601 sequitur

415 1619 738 1706 praefatio
782 1619 1011 1705 (Epis
1027 1627 1153 1685 tre
1198 1639 1298 1684 au
1339 1618 1694 1704 lecteur)
1735 1619 1878 1686 sine
1922 1620 2199 1684 nomine
2233 1620 2482 1686 autoris
2528 1625 2597 1686 et
2640 1619 2883 1704 absque
2924 1620 3065 1686 ulla
3107 1621 3590 1706 subscriptione
3633 1623 3769 1707 (fol.
3813 1626 4033 1711 2—5)‚
4081 1626 4317 1697 deinde
4360 1632 4455 1698 le-

417 1740 671 1817 guntur
708 1730 967 1797 Psalmi
1008 1730 1228 1829 gallici
1272 1731 1635 1807 cumnotis
1679 1730 1818 1796 suis
1862 1731 2132 1797 musicis
2178 1729 2317 1813 (fol.
2359 1732 2621 1813 6—69),
2668 1730 2751 1796 de
2793 1732 3032 1815 quibus
3075 1733 3250 1799 infra
3290 1734 3484 1818 plura
3526 1733 3837 1801 dicemus.
3900 1736 4142 1804 Finem
4177 1741 4336 1807 facit
4377 1765 4456 1809 88

417 1841 573 1911 libri
623 1863 779 1928 pus
832 1863 1032 1926 quam
1082 1842 1375 1907 maxime
1429 1861 1552 1907 nos
1604 1840 1729 1908 hoc
1785 1842 1927 1908 1888
1981 1842 2401 1927 respicimus:
2459 1844 2578 1908 La
2620 1841 2914 1908 Ferme
2969 1841 3506 1912 des'Prieres
3563 1846 4256 1935 ecclesiastiques
4314 1854 4450 1939 (fol.

419 1955 708 2040 70—92)
753 1954 939 2023 cuius
980 1961 1259 2034 textum,
1304 1962 1533 2038 utpote
1579 1953 2131 2039 antiquissimum,
2178 1962 2407 2051 nostra
2450 1953 2650 2021 editio
2695 1954 3186 2025 accuratissime
3227 1958 3574 2041 exprimet.

726 2067 953 2133 Huius
994 2065 1149 2133 libri
1188 2063 1492 2148 exemplo
1536 2062 1888 2132 ostendere
1929 2066 2131 2132 liceat
2170 2067 2360 2133 nobis
2403 2086 2602 2150 quam
2648 2086 2889 2148 parum
2931 2075 3182 2134 certam
3227 2067 3309 2134 de
3352 2068 3553 2136 rebus
3606 2069 3925 2137 litorariis
3968 2073 4153 2156 apud
4194 2082 4456 2143 veteres

417 2180 727 2245 notitiam
770 2179 1095 2245 invenias.
1182 2175 1582 2244 Oolladonus
1624 2177 1943 2243 nimirum
1983 2177 2242 2245 natales
2286 2179 2427 2244 eius
2471 2177 2557 2244 ad
2602 2199 2852 2245 annum
2900 2182 3063 2244 1543
3120 2179 3323 2245 refert
3374 2180 3534 2265 (vie
3578 2179 3675 2247 de
3718 2182 4028 2250 Oalvin
4073 2184 4243 2252 Gen.
4289 2160 4452 2252 15115

414 2289 526 2357 fol.
572 2313 626 2358 c.
671 2291 788 2376 1111.
835 2288 935 2356 ed.
979 2289 1313 2358 111-81111118
1363 2291 1526 2353 1865
1582 2310 1755 2375 page
1801 2290 1933 2377 57),
1991 2289 2421 2374 probabiliter
2465 2310 2585 2356 suo
2626 2290 2839 2375 ipsius
2882 2290 3244 2376 exemplari
3303 2289 3614 2376 deceptus
3657 2292 3833 2375 quod
3887 2294 3970 2361 ad
4024 2299 4457 2366 recentiorem

419 2402 709 2488 aliquam
752 2402 1106 2470 editionem
1149 2403 1548 2488 pertinuisse
1589 2402 1870 2470 videtur.
4167 2470 4176 2479 ,

724 2514 1083 2582 Caeterum
1147 2516 1480 2581 affirmare
1542 2535 1682 2581 non
1747 2513 2042 2581 ausimne
2097 2511 2450 2579 editionem
2505 2512 2693 2579 illam
2749 2513 2909 2579 anni
2966 2517 3042 2578 15
3056 2518 3129 2577 42
3198 2535 3271 2580 re
3327 2536 3488 2581 vera
3544 2517 3844 2581 omnium
3886 2518 4181 2602 primam
4223 2510 4448 2589 1111888.

413 2624 783 2694 Incidimus
825 2626 1004 2692 enim
1042 2626 1116 2691 in
1155 2625 1501 2711 epistolam
1557 2624 1889 2712 quandam
1931 2625 2122 2692 Petri
2171 2623 2571 2703 Alexandri,
2629 2625 2943 2692 ecclesiae
2988 2625 3356 2709 gallicanae
3398 2629 3964 2712 argentoratensis
4007 2632 4321 2714 pastoris,
4369 2633 4456 2699 ad

413 2739 883 2824 magistratum
926 2738 1331 2823 reipublicae
1383 2746 1650 2805 nostrae
1691 2737 1919 2811 datam
1964 2734 2025 2803 d.
2073 2742 2177 2801 25.
2222 2736 2388 2802 Maii
2436 2740 2601 2801 1542
2646 2743 2715 2802 et
2767 2738 2840 2802 in
2883 2736 3175 2803 archivis
3226 2737 3513 2805 civitatis
3570 2748 4001 2821 asservatam,
4054 2742 4129 2807 in
4170 2763 4300 2827 qua
4341 2743 4455 2809 1118

415 2857 669 2932 narrat,
714 2871 786 2916 se
828 2871 1041 2933 nuper
1092 2871 1193 2915 no
1208 2873 1250 2916 v
1264 2870 1383 2915 am
1437 2850 1589 2917 libri
1646 2849 1940 2934 liturgici
1995 2847 2352 2915 editionem
2407 2868 2705 2928 curasse,
2761 2848 2982 2932 priore
3041 2847 3381 2915 divendita
3425 2850 3537 2935 (..
3650 2850 3836 2919 ‚hab
3890 2852 3992 2919 ich
4044 2854 4151 2920 die
4182 2854 4457 2947 frama&-

414 2961 661 3030 siscben
702 2982 941 3048 yesanq
983 2962 1308 3046 psalmen,
1360 2962 1635 3047 qemeina
1673 2960 1840 3047 yebet
1892 2960 2021 3027 v'nd
2070 2960 2383 3043 formular
2436 2960 2551 3031 der
2598 2958 2970 3026 Sacrament
3011 2958 3444 3046 Handlunyen
3496 2962 3672 3029 diser
3717 2962 3999 3031 Kirchen
4040 2965 4260 3047 (1717118,
4314 2967 4458 3035 wod

290 3086 297 3092 “
414 3073 593 3142 718188
646 3073 897 3142 bu’chlin
938 3070 1111 3140 mehr
1171 3073 1545 3154 vorhanden,
1568 3071 1940 3140 'widerumb
1993 3073 2065 3138 in
2116 3071 2315 3141 druch
2353 3064 2760 3180 νῆσε-111981»
2816 3080 3013 3156 atque
3056 3073 3461 3158 exemplaria
3500 3074 3640 3141 fere
3682 3083 3999 3143 sexcenta
4042 3078 4456 3178 Metensibus

417 3187 713 3267 misisse,
777 3206 948 3271 quae
1022 3195 1249 3251 tamen
1325 3184 1409 3250 ad
1460 3193 1684 3270 portas
1736 3183 1918 3250 1111118
1970 3184 2155 3252 urbis
2210 3186 2392 3250 iussu
2448 3185 2794 3251 consulum
2842 3184 3255 3268 deprehensa
3306 3185 3396 3251 ibi
3445 3208 3627 3254 nunc
3678 3186 4116 3270 detineantur,
4166 3192 4456 3257 maxime

421 3299 578 3383 quia
619 3298 704 3363 ad
748 3298 995 3364 calcem
1034 3295 1332 3379 opusculi
1376 3296 1832 3383 typographus
1889 3295 1992 3380 (vs
2036 3295 2449 3362 mzbesonener
2487 3294 2959 3380 yewarsamkeit
2959 3346 3221 3377 .....
3266 3318 3347 3362 us
3401 3297 3863 3365 onberathenem
3913 3300 4231 3386 πίων-19818
4284 3302 4454 3382 87818,

419 3419 500 3478 ut
540 3412 681 3496 ipse
726 3411 917 3496 dicit)
963 3408 1415 3477 declaraverat
1455 3409 1710 3475 Romae
1750 3408 2076 3494 impressa
2119 3430 2261 3474 esse
2305 3430 2461 3475 cum
2514 3406 2863 3493 privilegio
2907 3429 3132 3492 papae.
3222 3409 3405 3474 Petit
3444 3408 3653 3495 igitur
3695 3432 3736 3477 a
3779 3413 4174 3497 magistratu
4218 3435 4456 3499 argen-

420 3521 748 3589 toratensi
790 3529 869 3588 ut
909 3523 1249 3588 Metenses
1294 3520 1506 3600 adeat,
1551 3519 1807 3587 libellos
1851 3541 1889 3585 e
1934 3540 2056 3585 suo
2100 3541 2363 3586 carcere
2405 3519 2715 3586 liberatos
2758 3520 3084 3603 requirat,
3135 3519 3345 3603 iisque
3389 3518 3579 3586 reddi
3618 3530 3806 3588 curet
3847 3544 3888 3588 a
3929 3523 4169 3607 quibus
4210 3527 4458 3608 optimo

424 3634 705 3712 consilio·
739 3643 808 3699 et
849 3635 921 3699 in
964 3635 1061 3699 rei
1107 3631 1529 3717 evangelicae
1570 3632 2056 3712 incrementum
2098 3632 2257 3697 illuc
2290 3633 2476 3699 missi
2510 3633 2788 3698 fuerant.
2871 3629 3055 3714 Quid
3087 3650 3283 3715 porro
3317 3634 3387 3697 in
3429 3632 3555 3700 hac
3591 3653 3666 3698 re
3701 3645 3924 3699 actum
3961 3635 4067 3714 sit,
4102 3637 4453 3704 nescimus.

421 3747 644 3814 Penes
685 3753 772 3828 te,
815 3745 1131 3814 benevole
1173 3745 1400 3824 lector,
1444 3742 1764 3809 iudicium
1806 3754 1966 3823 esto,
2010 3739 2237 3809 'utrum
2281 3767 2366 3811 ex
2409 3743 2534 3810 hoc
2573 3743 2967 3827 documento
2985 3743 3266 3820 ,efficere
3301 3743 3487 3823 velis,
3532 3745 3667 3812 iam
3709 3740 3866 3811 ante
3911 3766 3967 3811 a.
4008 3749 4171 3811 1542
4214 3747 4459 3815 librum

422 3859 814 3945 liturgicum
865 3857 1179 3942 gallicum
1233 3877 1554 3923 excusum
1594 3856 1825 3936 fuisse,
1880 3843 2161 3922 fortasse
2204 3857 2669 3941 Argentorati‚
2693 3840 2708 3852 ’
2727 3877 2815 3921 an
2857 3856 3076 3938 potius
3120 3856 3456 3921 existimes
3472 3906 3488 3935 ,
3534 3863 3833 3923 nostram
3877 3856 4071 3923 modo
4113 3857 4457 3926 laudatam
4593 3843 4608 3856 ⁶

424 3993 576 4038 eam
619 3991 764 4038 esse
806 3991 1006 4055 quam
1058 3971 1185 4036 iste
1238 3968 1372 4034 iam
1416 3967 1823 4034 divenditam
1864 3966 2040 4034 dicit.
2128 3967 2329 4034 Oerte
2382 3988 2714 4034 romano
2729 3987 2901 4033 rum
2954 3965 3219 4032 illorum
3277 3966 3789 4049 exemplarium,
3844 3988 4011 4052 quae
4048 3967 4460 4037 Metensibus

292 4071 337 4158 ’,
422 4084 592 4150 falso
647 4084 916 4150 nomine
970 4087 1205 4147 ornata
1256 4079 1585 4148 obtulerat
1637 4079 2094 4178 typographus
2108 4131 2125 4160 ‚
2184 4101 2512 4164 nusquam
2565 4087 2896 4146 terrarum
2952 4078 3307 4163 vestigium
3351 4079 3695 4162 repereris.
3783 4069 4177 4145 Memoriam
4233 4091 4461 4147 tamen

424 4195 747 4263 editionis·
778 4195 978 4260 huius
1023 4191 1401 4276 deperditae
1444 4213 1744 4261 servasse
1786 4192 2052 4262 videtur
2093 4192 2490 4260 Boulacrius
2535 4192 2668 4276 qui,
2713 4198 2790 4256 ut
2825 4212 2866 4256 a
2904 4190 3160 4257 Boveto
3197 4190 3586 4272 accepimus,
3631 4190 3706 4255 in
3741 4189 3951 4256 diario
3994 4191 4284 4275 quodam
4318 4192 4461 4259 hel-

422 4308 645 4375 vetioo
687 4327 745 4372 8.
801 4310 960 4372 1745
1007 4303 1088 4371 (18
1130 4304 1549 4371 Psalmorum
1593 4304 1871 4371 historia
1914 4326 2117 4394 agens
2132 4355 2146 4383 ,
2206 4304 2461 4370 curiam
2504 4323 2849 4370 romanam
2891 4323 2968 4367 eo
3012 4303 3279 4367 nomine
3329 4300 3561 4367 laudat
3603 4302 3778 4385 quod
3820 4302 4259 4383 Μ818118888,
4313 4311 4459 4369 octo

412 4420 579 4487 aliis
622 4410 927 4486 autorum
969 4418 1347 4502 ignotorum
1411 4421 1666 4496 auctos,
1722 4416 1793 4480 in
1846 4415 1992 4499 ipsa
2031 4417 2195 4483 urbe
2250 4415 2480 4480 recudi
2530 4414 2925 4499 permiserit.
3016 4411 3212 4495 Quod
3263 4413 3507 4497 optime
3561 4413 3633 4479 in
3673 4413 4117 4480 Gerardinam
4161 4421 4460 4480 nostram

427 4531 636 4613 cadit,
695 4539 776 4597 ut
826 4531 1001 4596 111118
1052 4528 1425 4596 videbimus
1440 4581 1457 4609 ,
1513 4535 1581 4594 et
1632 4528 1706 4594 in
1763 4549 1840 4594 88
1898 4536 2160 4594 tantum
2204 4528 2450 4595 erravit
2488 4527 2598 4593 vir
2644 4526 2873 4593 doctus
2915 4526 3090 4610 quod
3136 4523 3261 4591 sibi
3306 4545 3391 4591 ex
3431 4525 3915 4610 subscriptione
3957 4526 4064 4593 vel
4105 4525 4457 4610 privilegio

426 4645 662 4713 fucum
700 4644 847 4712 fieri
887 4661 1123 4725 passus
1167 4649 1284 4707 est.
1378 4639 1979 4707 Pseudoromanam
2020 4638 2377 4705 editionem
2420 4635 2834 4705 Gerardinae
2878 4637 3304 4722 apographon
3343 4639 3565 4719 fuisse,
3613 4639 3855 4706 Bovoti
3899 4646 3999 4705 est
4043 4639 4283 4720 opinio.

24 4801 27 4846 ι
741 4771 1096 4838 Proximae
1148 4767 1454 4836 editionis
1497 4790 1629 4852 qua
1667 4768 1774 4835 usi
1815 4789 2061 4848 sumus,
2118 4766 2546 4850 eiusdemque
2598 4765 2898 4849 pluribus
2953 4768 3249 4833 numeris
3294 4789 3334 4833 a
3389 4765 3821 4850 praecedente
3865 4764 4181 4844 diversae,
4227 4767 4460 4834 titulus

431 4886 542 4953 hic
586 4891 716 4951 est:

744 5016 913 5099 LA
962 5013 1633 5126 8081181888
1688 5023 2105 5093 PRIERES.
2152 5025 2273 5091 ΕΤ
2320 5025 2332 5111 Ι
2386 5033 2680 5090 81181118
2713 5001 3092 5089 88818811-
3111 5022 3456 5107 1811811118.
3497 5033 3507 5100 ι
3548 5031 3699 5085 Aue«.-
3744 5030 3801 5085 za
3844 5032 4090 5088 mansere
4133 5031 4458 5090 &adminis-

24 5205 27 5236 ᾗ
426 5157 548 5206 trer-
583 5149 661 5204 les
699 5146 1034 5228 Sacrorum,
1069 5154 1119 5203 ct
1153 5164 1276 5203 con·
1294 5149 1303 5215 Ι
1318 5162 1507 5203 sacres·
1541 5146 1590 5201 le
1627 5146 1916 5217 Maricae.-
1953 5145 2102 5201 selon
2136 5141 2195 5199 la
2228 5150 2505 5201 coustume
2540 5144 2608 5200 de
2649 5147 2659 5211 Ι
2701 5143 2937 5215 L’eylo'se
2971 5145 3251 5201 ancienne.
3540 5132 3611 5202 S.
3676 5134 3853 5202 Paul
3907 5155 4040 5201 aux
4093 5133 4339 5217 081888.
4398 5142 4454 5202 3.

24 5247 27 5322 i
430 5252 647 5337 Ghap.
696 5251 707 5338 Ι
762 5259 1072 5338 Ε1188ἰ9888
1104 5265 1158 5316 et
1190 5261 1533 5317 admomstes
1566 5259 1683 5316 l’un
1715 5258 1928 5328 Pautre,
1961 5273 2031 5313 en
2067 5256 2386 5313 Pseaulmes
2417 5257 2428 5326 Ι
2458 5272 2527 5312 en
2561 5258 2814 5326 louenyes
2847 5262 2898 5311 et
2931 5257 3212 5343 8118888118
3243 5255 3591 5326 spirituales,
3634 5258 3644 5324 Ι
3681 5271 3820 5313 auec
3851 5270 4041 5326 91888,
4076 5254 4350 5310 chantans
4384 5271 4461 5310 au

24 5339 27 5382 ²
432 5372 768 5443 ,see-sym
803 5388 869 5426 en
903 5378 1090 5427 nom
1122 5387 1303 5429 mur.
1337 5376 1349 5440 ι
1700 5367 1710 5449 1
1755 5361 2077 5446 Imprime
2116 5382 2159 5427 a
2196 5359 2620 5447 Strasbourg,
2671 5362 2682 5444 ι
2749 5367 2898 5424 L’an
2939 5366 3118 5426 1545.

24 5925 69 6156 L
208 6101 589 6156 Q,
