4999 6179
525 464 652 525 471

532 647 703 714 dam.
794 644 1061 714 Scimus
1115 646 1308 730 quale
1364 646 1648 730 pastoris
1705 664 1986 710 examen
2030 644 2323 727 requirat
2375 665 2496 728 per

532 756 608 801 os
629 734 831 800 Pauli
868 734 1143 816 spiritus
1179 754 1295 798 san
1304 740 1448 799 ctus
1490 731 1589 816 (in
1625 730 1920 817 epistolis
1956 731 2039 796 ad
2075 730 2496 796 Timotheum

529 829 600 887 et
641 820 928 903 rl‘itum):
987 818 1179 903 quale
1236 819 1435 884 etiam
1492 825 1748 885 veteres
1790 823 2058 899 patrum
2106 817 2491 883 sanctiones.

529 905 767 984 Hodie,
811 905 886 970 in
939 903 1240 971 creandis
1284 903 1633 987 episcopie,
1692 925 1779 968 811
1823 903 1956 968 1816
2001 903 2250 986 aliquid
2287 902 2494 984 respi-

529 991 744 1058 citur?
833 991 982 1056 Imo
1053 991 1574 1074 quotusquisque
1639 1010 1866 1055 eorum
1883 1040 1901 1068 ,
1981 992 2092 1073 qui
2165 989 2248 1055 ad
2314 987 2494 1053 hunc

529 1077 812 1164 gradum
862 1077 1269 1156 evehuntur,
1328 1075 1564 1141 saltem
1618 1075 2041 1142 mediocriter
2094 1075 2176 1139 iis
2230 1073 2493 1140 dotibus

525 1162 869 1248 praeditus
914 1171 1045 1242 est,
1102 1163 1243 1227 sine
1288 1162 1525 1246 quibus
1567 1161 1786 1227 idonei
1829 1182 1970 1227 esse
2015 1160 2325 1228 eeclesiae
2368 1161 2493 1223 mi-

529 1249 725 1315 nistri
779 1269 916 1313 non
973 1247 1291 1330 possunt?
1382 1246 1604 1328 Quem
1647 1245 1948 1312 ordinem
1991 1246 2065 1311 in
2106 1247 2493 1331 praeficien-

528 1334 633 1400 dis
686 1334 1010 1399 ministris
1070 1338 1216 1412 [pag.
1257 1338 1363 1411 27]
1422 1332 1700 1416 apostoli
1744 1334 2108 1413 tenuerint,
2169 1332 2489 1410 videmus,

527 1440 723 1504 quem
767 1425 1042 1502 sequuta
1084 1418 1321 1484 deinde
1365 1420 1455 1484 sit
1492 1428 1683 1486 vetus
1727 1419 2020 1500 ecclesia,
2067 1438 2265 1501 quem
2307 1416 2491 1482 deni-

525 1526 655 1589 que
709 1505 965 1588 antiqui
1020 1526 1303 1572 canones
1372 1504 1709 1571 observari
1773 1505 2197 1588 praecipiant.
2287 1504 2491 1569 Hunc

527 1593 586 1658 si
648 1590 844 1656 hodie
903 1590 1126 1673 sperni
1183 1599 1251 1656 et
1316 1590 1500 1657 reiici
1565 1612 1934 1674 conquerar
1951 1642 1967 1669 ,
2033 1612 2254 1655 nonne
2315 1591 2493 1656 iusta

523 1677 653 1743 erit
695 1676 1006 1761 querela?
1072 1675 1255 1757 Quid
1298 1677 1375 1755 si,
1421 1678 1603 1741 omni
1643 1678 1894 1743 calcata
1933 1677 2294 1755 honestate,
2340 1695 2492 1758 pro-

524 1765 778 1828 moveri
831 1784 952 1847 per
997 1783 1333 1828 summum
1379 1762 1662 1828 dedecus
1706 1771 1776 1827 et
1815 1762 2171 1847 flagitium,
2230 1759 2488 1828 dicam?

523 1848 735 1932 Atqui
773 1849 902 1916 'hoc
945 1849 1196 1914 nemini
1239 1854 1341 1913 est
1392 1848 1710 1932 ignotum.
1787 1848 1930 1913 Aut
1971 1849 2151 1913 enim
2196 1846 2493 1912 condicto

523 1935 739 2018 pretio
796 1942 1112 2000 emuntur
1154 1933 1439 1999 honores
1483 1933 1903 2000 ecclesiastici
1916 1984 1934 2012 ,
1987 1941 2102 1999 aut
2141 1935 2214 1998 vi
2256 1954 2491 1998 manu-

524 2040 654 2104 que
687 2028 1107 2103 occupantur,
1145 2025 1261 2084 aut
1292 2019 1724 2086 conciliantur
1756 2019 2026 2086 nefariis
2057 2019 2492 2105 pactionibus,

525 2114 645 2171 aut
689 2103 972 2171 sordidis
1003 2106 1329 2189 obsequiis
1365 2113 1848 2189 comparantur.
1905 2105 2254 2171 Interdum
2288 2106 2491 2170 etiam

526 2190 1007 2257 lenociniorum
1065 2199 1131 2255 et
1174 2190 1496 2257 eiusmodi
1550 2193 1794 2257 artium
1840 2198 1999 2257 sunt
2054 2189 2408 2258 mercedes.
2441 2189 2493 2274 ¹)

525 2277 831 2361 Denique
885 2276 1340 2359 impudentius
1396 2277 1607 2342 multo
1658 2276 1767 2344 hic
1820 2276 2100 2355 luditur,
2168 2298 2372 2360 quam
2419 2277 2491 2341 in

527 2360 684 2428 ullis
727 2382 1023 2446 unquam
1066 2363 1359 2445 profanis
1401 2363 1934 2446 possessionibus.

699 2448 924 2530 Atque
968 2448 1223 2512 utinam
1261 2449 1354 2514 sic
1401 2449 1636 2514 vitiata
1679 2453 1854 2513 esset
1897 2447 2209 2514 eeclesiae
2253 2446 2490 2531 guber-

527 2534 710 2599 natio
767 2541 843 2598 ut
897 2533 1011 2617 qui
1065 2540 1386 2617 praesunt
1432 2533 1559 2599 sibi
1612 2542 1873 2598 tantum
1929 2540 2314 2617 peccarent:
2372 2539 2491 2598 aut

524 2620 761 2686 saltem
806 2619 952 2684 aliis
993 2640 1127 2684 non
1170 2627 1502 2698 nocerent,
1544 2619 1675 2683 nisi
1707 2618 1900 2685 malis
1942 2619 2280 2703 exemplis.
2351 2618 2488 2684 Ve-

526 2727 679 2771 rum
734 2703 860 2769 hoc
915 2704 1165 2769 malum
1209 2703 1467 2788 reliqua
1508 2706 1729 2769 omnia
1773 2714 2071 2788 superat,
2129 2704 2303 2788 quod
2346 2726 2488 2770 886·-

526 2792 869 2857 vissimam
912 2786 1336 2873 tyrannidem
1381 2797 1752 2857 excercent:
1811 2798 1879 2855 et
1919 2790 2185 2874 quidem
2227 2791 2299 2856 in
2344 2790 2489 2857 ani-

523 2894 689 2941 mas.
778 2875 926 2939 1166
980 2874 1136 2957 quid
1193 2874 1375 2940 aliud
1428 2884 1528 2940 est
1581 2875 1890 2965 ecelesiae
1938 2884 2262 2961 potestas,
2321 2874 2488 2959 qua‘e

523 2960 720 3026 hodie
750 2961 1049 3039 iactatur,
1095 2981 1291 3044 quam
1326 2960 1758 3041 licentiosum,
1805 2969 1872 3027 et
1908 2964 2052 3028 sine
2084 2962 2231 3046 lege
2261 2962 2488 3028 modo-

525 3069 652 3133 que
691 3048 766 3113 in
819 3048 1073 3113 animas
1113 3047 1497 3131 imperium,
1551 3048 1723 3132 quod
1777 3070 1889 3115 688
1930 3049 2305 3116 16186111168
2348 3069 2486 3115 ser-

522 3135 740 3201 vitute
825 3132 1201 3217 opprimat?
1301 3134 1711 3201 Potestatem
1788 3135 2097 3202 Christus
2175 3136 2488 3219 apostolis

527 3219 856 3303 permisit,
926 3218 1188 3303 qualem
1245 3227 1398 3285 ante
1451 3221 1796 3303 prophetis
1851 3223 2038 3288 Deus
2093 3222 2486 3301 contulerat,

526 3305 724 3372 certis
793 3305 1037 3371 finibus
1104 3304 1424 3370 inclusam
1492 3307 1768 3373 scilicet:
1830 3315 1907 3373 ut
1968 3308 2296 3392 legatione
2365 3328 2486 3391 pro

527 3413 599 3457 se
656 3391 832 3474 apud
890 3390 1194 3456 homines
1258 3392 1708 3477 fungerentur.
1799 3393 1986 3459 Haec
2051 3415 2251 3478 porro
2305 3393 2486 3478 lega-

525 3477 726 3542 tionis
770 3483 1094 3560 perpetua
1136 3477 1245 3542 lex
1288 3485 1416 3558 est,
1462 3486 1538 3544 61
1580 3481 1693 3562 qui
1733 3480 2050 3561 mittitur,
2092 3501 2260 3563 quae
2304 3500 2487 3546 acce-

523 3564 624 3646 pit
666 3561 1009 3642 mandata,
1066 3562 1351 3629 fideliter
1402 3572 1471 3630 et
1512 3585 1772 3631 summa
1814 3564 2135 3650 religione
2179 3566 2484 3650 perferat.

525 3646 723 3730 Quod
768 3649 968 3713 etiam
1002 3649 1399 3714 nominatim
1440 3651 1838 3734 exprimitur
1870 3653 1945 3715 in
1980 3653 2317 3735 apostolis:
2361 3651 2485 3733 Ite,

526 3734 753 3801 docete
811 3755 1039 3799 omnes
1093 3741 1324 3818 gentes
1340 3787 1355 3812 ,
1421 3756 1591 3819 quae
1656 3737 1904 3803 tradidi
1966 3739 2152 3804 vobis
2212 3738 2483 3823 (Matth.

526 3824 629 3901 28,
687 3825 791 3900 193
846 3821 1053 3886 Marc.
1100 3825 1196 3899 16,
1255 3821 1382 3908 15).
1469 3822 1671 3888 Item:
1738 3829 1884 3903 [pag.
1925 3829 2032 3903 28]
2079 3823 2484 3904 Praedicate,

525 3927 661 3971 non
740 3905 1090 3991 quidlibet,
1168 3906 1285 3973 sod
1373 3908 1806 3993 evangelium.
1912 3911 2017 3975 De
2094 3912 2484 3977 successori-

526 3992 652 4058 bus
697 3993 752 4057 si
789 3993 1145 4075 quaeritur,
1193 4013 1323 4075 qua
1370 3995 1506 4058 sint
1551 3993 1832 4077 praediti
1864 4003 2209 4079 potestate,
2244 3998 2485 4063 Petrus

526 4100 674 4144 eam
720 4078 967 4156 definit,
1014 4099 1220 4161 quum
1261 4100 1489 4145 omnes
1514 4082 1626 4164 qui
1672 4082 1744 4145 in
1785 4082 2062 4148 ecclesia
2105 4083 2481 4167 loquuntur,

523 4165 709 4230 iubet
741 4164 999 4246 eloquia
1031 4162 1165 4229 Dei
1206 4164 1498 4247 proferre
1542 4166 1607 4251 (1
1648 4166 1830 4232 Petr.
1869 4173 1929 4248 4,
1974 4166 2101 4252 11).
2168 4170 2264 4234 At
2304 4189 2494 4234 nunc

524 4251 638 4332 qui
682 4250 993 4315 ecclesiae
1053 4255 1340 4316 rectores
1384 4250 1613 4317 haberi
1666 4253 1927 4333 volunt,
1987 4254 2115 4319 sibi
2159 4262 2487 4337 usurpant

525 4336 699 4402 hanc
742 4336 1109 4414 licentiam,
1165 4343 1243 4401 ut
1285 4336 1639 4420 loquantur
1682 4338 2003 4424 quidquid
2043 4339 2336 4406 libuerit:
2395 4340 2483 4405 si-

520 4420 857 4504 mulatque
902 4420 1152 4504 loquuti
1195 4422 1459 4503 fuerint,
1505 4425 1647 4489 sine
1676 4424 1813 4490 ullo
1857 4426 2161 4491 examine
2206 4425 2484 4491 audian-

520 4515 651 4572 tur.
743 4507 1128 4591 Excipient,
1186 4507 1358 4575 hanc
1402 4530 1547 4574 esse
1599 4511 2018 4576 calumniam.
2108 4510 2261 4578 Non
2306 4512 2483 4577 enim

518 4593 701 4659 aliud
768 4593 894 4659 sibi
943 4595 1116 4660 -iuris
1180 4602 1488 4676 sumunt,
1553 4617 1752 4680 quam
1817 4604 1891 4662 ut
1955 4598 2305 4663 autoritate
2361 4618 2484 4662 8118

521 4680 854 4758 sanciant,
909 4701 1075 4763 quae
1130 4680 1404 4763 spiritus
1447 4691 1715 4747 sanctus
1759 4682 2172 4749 revelaverit.
2259 4683 2325 4748 N
2326 4705 2482 4768 ega·

511 4765 685 4831 bunt
716 4786 893 4850 ergo,
935 4787 1006 4832 86
1051 4768 1191 4832 81118
1235 4768 1623 4833 66161666118
1666 4774 1782 4833 861
1823 4789 1984 4834 8686
2024 4768 2283 4834 libidini
2327 4771 2481 4837 sub-

517 4851 719 4917 iicere
773 4851 1072 4918 fidelium
1130 4852 1564 4919 conscientias
1580 4904 1595 4931 ,
1642 4851 1758 4918 sed
1809 4854 1968 4921 solis
2017 4856 2291 4939 spiritus
2333 4878 2480 4922 ora-

518 4937 702 5017 culis,
748 4959 916 5022 quae
962 4938 1087 5003 sibi
1129 4939 1440 5018 revelata,
1487 4939 1653 5017 aliis,
1699 4939 1925 5007 addita
1958 4942 2477 5024 confirmatione,

513 5024 961 5109 promulgant.
1050 5023 1441 5110 Ingeniosus
1493 5031 1879 5109 praetextus
1934 5028 2199 5096 scilicet.
2290 5026 2478 5111 Quae

654 5317 684 5370 1
754 5316 953 5373 Gallus
985 5319 1170 5371 vertit:
1223 5333 1293 5370 ou
1327 5331 1391 5372 66
1426 5325 1553 5372 sont
1592 5331 1979 5386 recompenses
2025 5315 2092 5371 de
2140 5316 2476 5375 bouteilliers

510 5393 574 5440 et
605 5403 680 5456 pa
701 5386 981 5455 efreniers,
1016 5384 1354 5455 quelquefois
1390 5387 1538 5441 aussi
1573 5386 1769 5442 8818116
1807 5386 1875 5441 de
1910 5386 2336 5456 maquerelages.

2124 454 2256 523 DE
2298 450 2939 522 NECESSITATE

4430 452 4556 516 4⁷2

2601 664 2641 707 a
2693 642 2931 726 spiritu
2995 648 3218 707 sancto
3277 649 3543 726 accepta
3607 662 3728 726 per
3789 662 4027 709 manus
4083 639 4387 721 tradunt,
4452 640 4555 721 iis,

2601 727 2763 811 quin
2817 727 2961 795 sine
3016 749 3203 794 mora
3258 728 3628 811 parendum
3680 730 3796 810 sit,
3854 748 4046 795 nemo
4102 726 4373 793 dubitat.
4461 727 4559 793 At

2601 834 2806 898 quum
2862 835 2934 879 se
2988 833 3124 879 non
3179 813 3310 879 alia
3361 834 3552 897 posse
3595 814 3859 880 tradere
3912 813 4298 895 subiiciunt,
4359 835 4558 898 quam

2598 920 2784 966 mera
2839 899 3112 984 spiritus
3167 901 3381 966 sancti
3435 900 3734 981 oracula,
3789 902 4100 985 quoniam
4142 900 4225 966 ab
4267 901 4412 984 ipso
4451 920 4556 965 re-

2600 992 2872 1070 gantur:
2933 1007 3058 1051 666
3101 1008 3293 1071 posse
3336 988 3508 1066 fieri,
3568 987 3730 1071 quin
3783 1007 4023 1053 verum
4071 987 4185 1066 sit,
4242 985 4559 1071 quidquid

2599 1072 2986 1152 statuerint,
3043 1073 3202 1155 quia
3242 1074 3314 1137 in
3357 1072 3689 1140 cathedris
3740 1073 4039 1140 veritatis
4084 1072 4383 1154 sedeant,
4438 1093 4555 1137 an-
4618 1122 4627 1130 .

2599 1179 2735 1222 non
2790 1178 2867 1223 eo
2909 1157 3105 1223 modo
3162 1165 3557 1242 potestatem
3602 1180 3791 1225 suam
3834 1158 4103 1225 libidine
4145 1155 4553 1225 metiuntur?

2598 1243 2773 1308 Nam
2818 1244 2876 1310 si
2922 1265 3040 1327 pro
3085 1245 3365 1311 oraculis
3409 1244 3714 1311 habenda
3756 1252 3912 1311 sunt
3955 1244 4285 1330 quaelibet
4328 1265 4554 1311 eorum

2598 1328 2856 1414 placita,
2901 1329 3014 1395 ubi
3057 1330 3241 1396 nulla
3272 1332 3589 1415 exeeptiO,
3629 1330 3769 1398 illic
3813 1332 4154 1397 infinitum
4185 1332 4553 1416 imperium.

2599 1414 2771 1496 Quis
2785 1437 3082 1500 unquam
3101 1424 3432 1502 tyrannus
3473 1418 3570 1484 ita
3611 1418 4132 1501 intemperanter
4173 1418 4416 1484 abusus
4458 1426 4557 1485 est

2599 1500 3015 1567 subditorum
3059 1503 3393 1585 patientia,
3439 1511 3519 1569 ut
3559 1512 3878 1587 tanquam
3921 1526 3957 1570 e
4001 1503 4178 1569 coelo
4221 1503 4556 1587 proditum

2598 1588 2804 1672 recipi
2846 1587 3130 1668 iuberet,
3176 1587 3491 1673 quidquid
3535 1589 3865 1656 ediceret?
3955 1591 4256 1675 Tyranni
4289 1590 4556 1674 quidem

2598 1672 2832 1741 edictis
2877 1674 3015 1740 suis
3028 1726 3045 1753 ,
3103 1674 3583 1759 qualiacunque
3627 1676 3788 1755 sint,
3834 1676 4054 1759 pareri
4095 1674 4344 1741 volunt.
4430 1676 4556 1742 Isti

2599 1771 2823 1825 autem
2870 1759 3082 1825 multo
3130 1761 3280 1844 plus
3331 1761 3674 1845 postulant
3687 1813 3702 1835 ,
3757 1768 3835 1826 ut
3889 1761 4194 1844 spiritum
4249 1769 4554 1827 sanctum

2596 1845 2938 1912 credamus
2981 1846 3179 1930 loqui,
3225 1846 3383 1913 dum
3422 1848 3611 1914 nobis
3647 1847 4011 1913 obtrudunt
4052 1846 4226 1932 quod
4267 1848 4554 1914 somnia-

2595 1932 2834 1998 verint.

2772 2021 2918 2097 [pag.
2958 2023 3069 2098 29]
3110 2018 3343 2104 Itaque
3386 2019 3513 2085 1186
3568 2025 3889 2103 potestate
3929 2020 4195 2100 armati,
4251 2018 4553 2087 videmus

2596 2123 2797 2185 quam
2833 2104 2999 2169 dura
3040 2111 3111 2169 et
3151 2105 3382 2189 iniqua
3411 2107 3732 2173 servitute
3769 2104 4066 2171 fidelium
4102 2107 4356 2172 animas
4399 2126 4554 2172 con-

2596 2189 2856 2255 strictas
2902 2191 3254 2257 tenuerint.
3329 2192 3547 2276 Leges
3591 2191 3759 2257 aliae
3799 2211 3999 2274 super
4042 2192 4206 2258 alias
4251 2191 4549 2259 conditae

2596 2281 2783 2354 sunt,
2853 2296 3021 2358 quae
3076 2276 3351 2343 totidem
3415 2286 3638 2343 essent
3700 2277 4251 2343 conscientiarum
4314 2277 4549 2362 laquei.

2596 2359 2749 2425 Non
2791 2363 2969 2426 enim
3012 2362 3096 2428 ad
3153 2362 3451 2428 ordinem
3496 2370 3875 2441 externum,
3934 2361 4051 2430 sed
4084 2364 4169 2429 ad
4211 2364 4551 2448 spirituale

2598 2453 2666 2510 et
2730 2448 3007 2513 interius
3087 2449 3343 2513 animae
3407 2450 3704 2533 regimen
3765 2470 3873 2515 eas
3935 2449 4324 2515 retulerunt.
4413 2450 4553 2517 Nee

2596 2532 2749 2597 finis
2790 2532 2965 2599 ullus
3008 2533 3165 2615 fuit,
3215 2534 3419 2600 donec
3456 2535 3540 2600 ad
3582 2535 3783 2601 istam
3823 2537 4215 2603 immensam
4256 2536 4555 2602 multitu-

2599 2615 2819 2683 dinem
2854 2626 3132 2685 ventum
3167 2630 3286 2702 est,
3324 2640 3490 2703 quae
3511 2642 3648 2686 non
3683 2621 3998 2688 absimilis
4021 2629 4126 2687 est
4158 2622 4553 2708 labyrintho.

2596 2703 2690 2767 Et
2745 2704 3070 2786 quaedam
3129 2705 3213 2771 ad
3268 2705 3666 2790 torquendas
3734 2708 4333 2793 excruciandasque
4403 2729 4556 2775 con-

2597 2789 2904 2855 scientias
2941 2790 3252 2858 videntur
3296 2813 3569 2875 prorsus
3603 2793 3832 2859 factae.
3920 2794 4129 2859 Porro
4169 2815 4401 2860 earum
4441 2793 4559 2861 ob-

2597 2875 2878 2942 servatio
2915 2876 3348 2943 nihilominus
3385 2899 3614 2946 severe
3648 2879 4038 2960 vindicatur,
4062 2902 4282 2964 quam
4319 2882 4377 2947 si
4423 2886 4559 2945 tota

2593 2961 2695 3027 vis
2749 2961 3013 3045 pietatis
3068 2965 3141 3028 in
3194 2964 3325 3029 illis
3379 2965 3785 3032 consisteret.
3875 2965 4058 3047 Quin
4111 2968 4312 3032 etiam
4353 2986 4559 3050 quum

2595 3046 2676 3113 de
2710 3047 2972 3116 violatis
3006 3049 3137 3115 Dei
3171 3051 3519 3129 mandatis,
3565 3050 3903 3119 autnulla
3935 3054 4056 3118 fiat
4089 3053 4406 3136 quaestiO‚
4442 3060 4561 3119 aut

2592 3141 2944 3200 sumantur
2976 3157 3109 3201 non
3148 3137 3245 3202 ita
3278 3160 3517 3222 graves
3546 3158 3815 3220 poenae,
3860 3138 4175 3205 adversus
4211 3140 4559 3205 hominum

2592 3218 2853 3287 decreta
2888 3221 3134 3305 aliquid
3154 3222 3494 3292 admisisse
3531 3246 3866 3291 summum
3898 3225 4231 3309 piaculum
4252 3226 4554 3292 habetur.

2595 3304 2824 3386 Quum
2858 3306 2985 3373 hoc
3020 3310 3366 3394 tyrannico
3408 3311 3563 3396 iugo
3597 3318 3938 3394 prematur
3979 3311 4268 3392 ecelesia,
4315 3314 4372 3379 si
4408 3310 4556 3397 quis

2593 3393 2871 3458 verbum
2923 3401 3152 3461 contra
3206 3396 3420 3463 facere
3473 3396 3741 3478 audeat,
3794 3398 4019 3463 statim
4060 3418 4182 3482 pro
4224 3399 4558 3465 haeretico

2593 3477 2962 3545 damnatur.
3050 3481 3356 3565 Denique
3369 3535 3386 3564 ,
3472 3482 3754 3549 liberum
3830 3484 4153 3568 gemitum
4227 3485 4546 3565 emittere,

2593 3565 2874 3647 capitale
2919 3573 3035 3632 est.
3126 3568 3346 3651 Atque
3388 3576 3467 3634 ut
3507 3569 3680 3635 hanc
3720 3591 3854 3635 non
3899 3570 4208 3636 ferendae
4252 3570 4547 3638 domina·

2591 3650 2790 3716 tionis
2834 3654 3309 3734 possessionem
3347 3656 3708 3736 retineant,
3764 3656 4081 3740 populum
4127 3678 4167 3721 a
4208 3678 4549 3723 sacrorum

2591 3735 2868 3803 lectione
2913 3745 2980 3803 et
3018 3739 3461 3825 intelligentia
3517 3741 3956 3826 sanguinariis
4012 3740 4244 3809 edictis
4288 3750 4543 3810 arcent:

2592 3822 2953 3890 fulminant
3008 3826 3325 3894 adversus
3375 3848 3486 3894 eos
3539 3829 3651 3912 qui
3704 3827 3787 3892 de
3843 3851 3963 3894 sua
4012 3834 4339 3911 potestate
4394 3851 4547 3896 eon-

2590 3910 2985 3975 troversiam
3049 3914 3410 3994 moverint,
3483 3922 3550 3979 et
3611 3913 3824 3979 indies
3879 3915 4113 3980 crescit
4163 3915 4549 3982 immodicus

2591 3994 2706 4059 ille
2750 3996 2961 4078 rigor:
3019 4006 3097 4062 ut
3148 3998 3285 4064 iam
3342 4000 3816 4085 propemodum
3868 4000 4041 4067 nihil
4094 3999 4173 4066 de
4229 3999 4547 4087 religione

2590 4081 2924 4164 inquirere
2966 4085 3369 4167 permittant.
4203 4160 4207 4164 ,

2762 4168 2892 4233 Η18
2937 4176 3036 4234 161
3079 4188 3155 4235 86
3199 4178 3338 4235 tam
3384 4171 3604 4238 densis
3644 4171 3936 4237 tenebris
3980 4189 4186 4255 quum
4229 4173 4548 4240 suffocata

2588 4263 2761 4320 esset
2803 4255 2931 4320 Dei
2974 4257 3250 4334 veritas,
3303 4278 3510 4339 quum
3553 4265 3651 4323 tot
3694 4259 3913 4341 impiis
3968 4259 4546 4342 superstitionibus

2587 4338 2838 4423 polluta
2873 4349 3050 4407 esset
3092 4342 3342 4427 religi0,
3388 4364 3591 4426 quum
3619 4343 3967 4410 horrendis
4002 4345 4363 4430 sacrilegiis
4406 4366 4546 4412 cor-

2586 4436 2821 4509 ruptus
2863 4427 2991 4492 Dei
3037 4427 3253 4493 cultus
3298 4428 3468 4494 foret
3486 4479 3503 4507 ,
3562 4436 3892 4512 prostrata
3934 4430 4075 4495 eius
4119 4429 4332 4514 gloria
4374 4431 4542 4497 iace-

2586 4518 2709 4589 ret,
2754 4533 2960 4595 quum
3006 4518 3156 4595 [pag.
3195 4519 3303 4594 30]
3348 4514 3578 4580 multis
3613 4516 3942 4598 perversis
3977 4516 4390 4600 opinionibus
4431 4518 4544 4583 ob-

2587 4605 2816 4663 rutum
2858 4607 3032 4665 esset
3071 4598 3545 4682 redemptionis
3596 4601 4010 4683 beneficium,
4061 4601 4365 4670 homines
4404 4605 4543 4670 exi—

2587 4683 2730 4749 tiali
2768 4705 3041 4767 operum
3101 4683 3345 4751 fiducia
3396 4685 3731 4766 inebriati,
3790 4689 4072 4755 salutem
4131 4689 4289 4754 alibi
4346 4710 4544 4774 quam

2586 4769 2660 4834 in
2696 4768 2964 4836 Ohristo
3007 4778 3400 4854 quaererent
3415 4824 3432 4851 ,
3470 4782 4028 4840 sacramentorum
4062 4773 4543 4843 administratio

2587 4857 2830 4939 partim
2872 4856 3089 4922 lacera
3131 4877 3207 4924 86
3265 4856 3582 4941 dissipata
3596 4911 3613 4939 ‚
3668 4861 3910 4943 partim
3952 4860 4266 4929 admixtis
4314 4862 4544 4928 multis

2585 4942 2919 5026 figmentis
2954 4949 3281 5027 corrupta,
3330 4945 3570 5028 partim
3609 4948 4016 5029 quaestuosis
4049 4946 4543 5015 nundinationi-

2583 5027 2708 5095 bus
2728 5028 3074 5111 profanata
3095 5037 3284 5110 esset,
3352 5052 3513 5096 uum
3534 5032 3845 5099 ecelesiae
3864 5033 4253 5118 gubernatio
4283 5035 4355 5100 in
4388 5056 4542 5102 vas-

2583 5113 2843 5179 titatem
2885 5133 3151 5197 prorsus
3186 5135 3309 5181 con
3418 5138 3527 5183 am
3570 5118 4046 5204 degenerasset,
4089 5141 4295 5204 quum
4335 5121 4385 5185 ii
4427 5121 4540 5205 qui

2581 5206 2924 5283 pastorum
2980 5200 3122 5268 loco
3177 5201 3491 5286 sedebant
3548 5206 3838 5290 primum
3894 5204 4211 5273 dissoluto
4265 5205 4539 5275 vivendi

2581 5305 2764 5352 more
2807 5286 3145 5353 ecclesiam
3190 5288 3549 5372 plurimum
3590 5291 3949 5373 laederent,
3994 5289 4230 5359 deinde
4270 5312 4537 5361 saevam

2581 5376 2648 5437 et
2688 5373 2976 5439 maxime
3030 5373 3298 5440 noxiam
3355 5376 3781 5460 tyrannidem
3833 5380 3902 5444 in
3962 5378 4217 5445 animas
4268 5399 4537 5445 exerce-
