4999 6179
389 465 507 529 381

391 653 518 719 Dei
559 651 748 718 dono.
818 651 1052 735 Neque
1095 650 1380 717 difficilis
1425 662 1526 715 est
1568 649 1649 715 de
1690 672 1764 715 re
1807 651 1955 735 ipsa
1998 653 2355 735 responsio.

393 738 730 822 Quidquid
774 745 1074 804 nostrum
1118 746 1236 815 est,
1283 757 1404 821 pro
1448 757 1525 801 eo
1568 737 1832 820 accipio,
1878 737 2053 821 quod
2095 749 2197 804 est
2237 760 2356 803 no-

391 826 490 891 bis
545 825 905 909 proprium.
993 824 1143 889 Hoc
1185 844 1383 908 porro
1428 843 1572 889 esse
1614 822 1882 903 definio,
1938 823 2111 907 quod
2155 824 2357 890 habe-

392 933 538 977 mus
583 913 650 976 in
695 911 903 988 nobis,
952 932 992 975 a
1035 910 1166 975 Dei
1209 911 1540 976 creatione
1585 918 1982 993 separatum.
2071 911 2199 976 Est
2240 932 2356 975 au-

391 1007 526 1062 tem
579 997 935 1075 vitiositas,
1006 1017 1175 1081 quae
1252 1016 1389 1061 non
1453 997 1524 1060 in
1606 996 1827 1079 aliqua
1879 998 2087 1062 nostri
2147 1004 2354 1079 parte,

389 1082 507 1151 'sed
551 1083 622 1147 in
667 1091 812 1149 tota
853 1093 1095 1148 natura
1137 1083 1386 1148 haeret.
1476 1083 1648 1147 Eam
1693 1082 1869 1146 enim
1914 1091 2121 1147 totam
2167 1082 2239 1146 in
2286 1104 2356 1147 se

393 1171 534 1253 ipso
601 1171 855 1253 primus
921 1169 1117 1234 hom'o
1179 1168 1501 1253 perdidit,
1575 1169 1746 1234 sicut
1809 1179 1878 1233 et
1941 1169 2357 1252 Augustinus

393 1256 622 1321 scribit
667 1253 752 1321 ad
795 1254 1107 1321 Vitalem.
1139 1257 1185 1337 ¹)
1276 1255 1471 1320 Nunc
1525 1255 1639 1337 qui
1691 1254 1868 1318 inter
1911 1256 2194 1338 primam
2239 1276 2356 1319 na-

393 1350 584 1407 turae
626 1343 1026 1408 creationem
1072 1351 1141 1408 et
1173 1362 1340 1425 quae
1375 1348 1604 1425 postea
1649 1343 2035 1423 supervenit
2078 1361 2162 1405 ex
2206 1361 2356 1423 pec-

393 1437 537 1494 cato
582 1428 1065 1512 corruptionem
1113 1426 1522 1510 distinguere
1564 1428 1836 1509 poterit,
1883 1425 1966 1491 ab
2005 1429 2183 1491 omni
2231 1426 2356 1491 dif-

390 1514 691 1580 ficultate
735 1535 871 1578 non
913 1534 1158 1598 magno
1201 1535 1273 1579 se
1315 1514 1579 1612 negotio
1613 1510 1933 1595 expediet.

569 1598 706 1666 Sed
763 1598 1045 1685 Pighius
1111 1598 1628 1684 disputationem
1697 1598 1899 1663 altam
1949 1598 2352 1683 ingreditur:

393 1707 527 1769 qua
569 1706 677 1751 me
719 1686 1011 1769 pressius
1056 1688 1264 1751 teneri
1309 1693 1529 1768 putat,
1576 1704 1776 1768 quam
1822 1694 1899 1750 ut
1942 1685 2187 1768 possim
2233 1708 2358 1750 un-

391 1793 595 1856 quam
673 1770 863 1837 elabi.
968 1771 1142 1836 Nam
1217 1792 1337 1855 per
1394 1771 1719 1836 rationem
1798 1780 1866 1836 et
1929 1771 2356 1850 voluntatem,

391 1878 558 1942 quas
601 1859 671 1923 in
718 1866 932 1922 totum
976 1859 1281 1924 renovari
1325 1867 1626 1942 oportere
1667 1856 2008 1938 contende,
2055 1878 2357 1924 necessa-

389 1945 493 2009 rio
540 1954 659 2010 aut
701 1943 1040 2009 rationalis
1072 1944 1330 2008 animae
1373 1945 1746 2023 essentiam,
1793 1955 1909 2008 aut
1949 1954 2126 2010 certe
2169 1965 2358 2010 ener-

387 2022 539 2115 gi'as
583 2040 652 2095 et
703 2031 988 2097 virtutes
1032 2029 1187 2095 inde
1241 2030 1675 2096 scaturientes
1727 2030 2062 2114 intelligit.
2082 2031 2139 2111 2)
2227 2029 2358 2095 His

388 2126 619 2183 autem
672 2136 816 2182 esse
857 2127 1155 2181 mutuam
1211 2117 1387 2181 inter
1431 2138 1501 2182 se
1554 2117 2061 2196 connexionem,
2118 2123 2196 2180 ut
2251 2135 2356 2182 se-

385 2204 616 2289 parari
656 2203 866 2268 nihilo
907 2204 1121 2287 magis
1160 2203 1434 2285 possint,
1479 2223 1678 2286 quam
1725 2201 1808 2267 ab
1840 2204 1995 2286 igne
2040 2202 2140 2269 vis
2183 2201 2356 2268 calo-

384 2292 597 2363 rifica,
644 2298 760 2354 aut
792 2288 1224 2354 illustratoris
1266 2310 1307 2354 a
1348 2288 1500 2354 sole.
1569 2288 1750 2352 Fieri
1796 2308 1953 2374 ergo
1987 2308 2121 2353 non
2165 2308 2357 2372 posse

383 2374 744 2452 concludit,
790 2382 867 2441 ut
898 2374 1088 2441 nobis
1123 2376 1510 2439 auferantur
1547 2375 1854 2440 voluntas
1889 2382 1957 2440 et
1990 2376 2178 2455 ratio,
2224 2374 2357 2440 nisi

382 2463 731 2528 auferatur
770 2470 838 2526 et
879 2462 1025 2544 ipsa
1059 2460 1401 2526 rationalis
1433 2462 1693 2527 animae
1725 2459 2114 2541 substantia,
2160 2469 2358 2544 atque

380 2550 458 2614 in
527 2549 672 2615 eins
738 2548 955 2614 locum
1012 2568 1188 2612 nova
1251 2546 1510 2629 aliaque
1568 2548 1788 2612 anima
1855 2546 2174 2613 succedat.
2265 2551 2361 2612 At

378 2636 560 2702 scire
603 2655 687 2699 ex
731 2655 807 2699 eo
842 2634 1065 2713 velim,
1109 2654 1335 2698 annon
1365 2633 1498 2699 illis
1543 2634 1802 2698 animae
1835 2633 2149 2717 potentiis
2193 2646 2355 2717 qua-

377 2722 612 2786 litates
656 2720 950 2786 accidere
992 2741 1183 2803 posse
1229 2718 1556 2785 concedat
1620 2718 1768 2784 Hoc
1811 2721 1987 2784 enim
2032 2740 2356 2799 concesso,

377 2807 608 2872 soluta
649 2814 811 2872 sunt
852 2805 970 2870 illa
1014 2805 1308 2884 vincula,
1369 2805 1607 2889 quibus
1648 2825 1757 2869 me
1796 2808 2156 2889 constringi
2214 2807 2356 2890 glo-

376 2892 705 2959 riabatur.
796 2890 975 2974 Quid
1019 2890 1429 2976 respondeat,
1477 2891 1650 2957 nihil
1693 2912 1929 2957 moror.
2020 2894 2185 2958 Dico
2231 2893 2356 2957 sic-

375 2988 460 3044 ut
517 3001 631 3045 res
685 2980 831 3062 ipsa
882 2979 1200 3061 loquitur,
1256 2977 1694 3043 ratiocinandi
1747 2982 2143 3062 potentiam,
2188 2999 2357 3061 qnae

373 3066 452 3131 in
485 3072 721 3131 mente
752 3064 975 3131 sedem
1010 3065 1227 3144 habet,
1273 3064 1416 3131 dico
1447 3062 1710 3131 volendi
1742 3065 2141 3145 facultatem,
2188 3072 2356 3148 quae

372 3153 452 3217 in
489 3151 694 3218 corde
726 3150 988 3230 residet,
1035 3153 1302 3217 vitiatas
1339 3156 1487 3231 [pag.
1526 3155 1677 3230 207]
1707 3160 1851 3217 esse
1883 3158 2355 3235 corruptasque

370 3246 675 3323 peccato,
764 3237 909 3304 Ista
951 3238 1340 3317 vitiositate,
1394 3257 1561 3320 quae
1618 3245 1828 3303 totam
1880 3238 2165 3303 hominis
2211 3239 2355 3303 ani·

371 3345 566 3390 mam
611 3325 682 3389 in
726 3326 863 3390 suis
907 3325 1217 3408 potentiis
1261 3319 1630 3407 occupavit,
1674 3325 1817 3389 fieri
1861 3322 2024 3403 dico,
2070 3331 2147 3390 ut
2188 3323 2357 3389 nihil

371 3412 654 3496 cogitet,
700 3409 922 3494 eligat,
967 3409 1147 3489 velit,
1194 3419 1483 3489 conetur,
1539 3410 1735 3475 faciat
1774 3409 1988 3489 home,
2038 3410 2170 3475 nisi
2215 3432 2354 3476 ma-

368 3498 543 3563 lum.
643 3498 867 3579 Atque
927 3497 1051 3563 hoc
1094 3518 1291 3563 sensu
1347 3496 1491 3562 dico
1536 3506 1605 3562 et
1650 3497 1896 3564 aboleri
1940 3511 2007 3562 et
2050 3497 2355 3563 renovari

365 3595 712 3669 oportere,
756 3581 1072 3666 quidquid
1120 3605 1205 3648 ex
1247 3581 1436 3648 nobis
1480 3591 1597 3648 est.

559 3667 856 3735 Subiicio
902 3668 1169 3749 deinde,
1230 3669 1636 3735 voluntatem
1691 3676 1920 3753 suopte
1969 3669 2235 3755 ingenio
2279 3671 2351 3734 in

365 3776 536 3821 eum
588 3754 858 3820 modum
903 3775 942 3819 a
987 3756 1132 3820 Deo
1178 3773 1502 3831 aversam,
1551 3756 1692 3820 sola
1735 3756 1862 3821 Dei
1911 3755 2156 3822 virtute
2196 3775 2351 3820 con-

363 3842 555 3908 verti
575 3893 593 3920 ,
655 3842 747 3906 sic
803 3849 881 3905 ut
924 3841 1142 3906 nullas
1195 3843 1264 3906 in
1310 3840 1566 3925 agendo
1623 3853 1848 3925 partes
1892 3841 2162 3922 habeat,
2222 3842 2351 3906 nisi

364 3940 716 4012 quatenus
759 3948 798 3992 a
831 3928 1118 3992 Domino
1152 3927 1600 4011 praevenitur:
1647 3937 1841 4011 atque
1882 3929 1978 3993 ita
2012 3927 2187 4011 quod
2232 3928 2351 3993 ali-

359 4013 528 4080 cubi
579 4012 790 4077 tradit
813 4015 1254 4098 'Augustinus
1271 4066 1285 4091 ‚
1338 4016 1767 4098 interpretor:
1824 4028 1969 4079 'non
2011 4014 2352 4098 praeviam

359 4121 553 4180 esse,
619 4097 730 4165 sed
774 4099 1228 4183 pedissequam
1272 4101 1343 4165 in
1383 4099 1553 4165 bono
1595 4120 1806 4183 opere.
1899 4100 2158 4182 Quibus
2202 4121 2352 4166 ver-

359 4189 471 4253 bis
523 4185 795 4250 nullum
853 4207 959 4251 me
995 4187 1064 4250 in
1106 4208 1185 4252 ea
1223 4187 1471 4251 bonum
1513 4197 1765 4252 motum
1817 4207 2172 4270 agnoscere
2217 4187 2350 4270 sig-

357 4275 613 4350 nificO,
683 4272 792 4354 qui
847 4293 982 4336 non
1038 4292 1122 4337 ex
1186 4274 1454 4356 spiritus
1505 4273 1930 4339 renovatione
1995 4273 2174 4337 fluat.
2266 4271 2351 4336 In

353 4360 603 4443 primo
643 4356 941 4422 membro
977 4378 1111 4422 non
1147 4358 1484 4424 ferendam
1520 4360 1591 4423 in
1623 4360 1843 4424 Deum
1875 4358 2353 4442 blasphemiam

355 4444 718 4511 contineri
765 4443 1101 4508 existimat
1131 4444 1215 4509 Pi
1265 4445 1432 4523 hius,
1479 4447 1635 4529 quia
1679 4442 2091 4511 subindicare
2125 4444 2347 4523 velim,

351 4531 752 4598 necessario
795 4548 1099 4594 aversam
1140 4549 1180 4592 a
1291 4551 1369 4595 eo
1412 4551 1556 4597 esse
1598 4531 2027 4611 voluntatem,
2072 4539 2352 4595 naturae

349 4619 558 4683 vitio.
640 4613 774 4681 Sed
799 4636 1002 4698 quum
1041 4614 1200 4679 satis
1224 4625 1378 4681 ante
1414 4616 2025 4696 demonstraverim,
2051 4638 2183 4683 non
2208 4637 2351 4681 esse

347 4705 516 4771 Deo
581 4699 1083 4783 imputandum,
1139 4701 1312 4783 quod
1367 4700 1489 4765 sibi
1533 4704 1692 4768 mali
1747 4704 1944 4769 homo
1984 4725 2108 4769 sua
2153 4702 2352 4786 culpa

345 4788 735 4866 contraxit,
778 4787 1028 4852 frustra
1065 4786 1139 4850 in
1184 4784 1310 4851 Dei
1355 4789 1823 4854 contumeliam
1864 4790 2152 4855 recidere
2196 4810 2352 4854 cau·

343 4885 602 4953 satur,
651 4871 825 4957 quod
868 4873 948 4936 de
991 4869 1205 4939 cordis
1249 4871 1524 4937 humani
1569 4876 1896 4954 pravitate
1938 4876 2196 4958 ubique,
2245 4874 2351 4940 vel

339 4985 466 5028 me
520 4966 826 5036 tacente,
883 4958 1128 5023 clamat
1170 4959 1431 5023 veritas.
1523 4958 1828 5023 Alterum
1871 4969 2095 5026 tamen
2140 4983 2350 5027 mem-

342 5051 604 5126 brum,
677 5045 789 5111 ubi
857 5043 1026 5110 ullas
1090 5043 1174 5109 ad
1233 5044 1729 5110 conversionem
1790 5064 1931 5110 esse
1985 5046 2349 5111 voluntatis

339 5145 608 5219 partes
679 5151 878 5216 nego,
946 5132 1079 5196 nisi
1143 5131 1353 5215 quoad
1423 5130 1776 5196 reformata
1836 5130 2067 5206 fuerit,
2136 5134 2350 5197 aerius

505 5340 579 5477 ἐξ
627 5335 1064 5463 &sagitavit
1098 5404 1268 5463 Be‘za.
1339 5408 1523 5462 Antea
1559 5406 1864 5476 temtatur.-
1898 5405 2140 5475 intelligi.
2183 5359 2200 5369 ⁹

1878 460 2009 527 DE
2051 459 2409 529 LIBERO
2451 460 2927 530 ARBITRIO.

4293 469 4418 532 382

2463 649 2933 735 exagitandum
2980 652 3105 718 sibi
3150 653 3370 718 sumit.
3460 653 3633 718 Nam
3677 655 3734 718 si
3778 653 3860 720 ad
3905 656 4424 738 conversionem,

2464 737 2711 820 inquit,
2771 737 2938 802 nihil
2994 740 3337 821 potestatis
3390 739 3718 822 reliquum
3774 739 3962 807 nobis
4006 750 4138 820 est,
4194 742 4310 808 sed
4353 744 4425 808 id

2462 843 2665 906 penes
2712 844 2918 888 unum
2963 831 3064 889 est
3108 824 3234 889 Dei
3275 825 3788 909 beneplacitum,
3832 827 3975 907 ubi,
4023 827 4311 911 quando,
4359 842 4425 893 et

2463 909 2785 992 quomodo
2831 910 3023 991 velit,
3068 910 3220 993 quid
3266 909 3436 976 ludit
3477 931 3765 996 operam,
3807 914 3941 978 imo
3983 913 4139 997 quid
4182 915 4425 980 ridicu-

2463 995 2604 1060 lum
2646 1016 2718 1061 se
2760 996 2934 1074 facit,
2985 999 3198 1076 toties,
3245 1006 3324 1062 ut
3367 1009 3859 1078 convertamur,
3919 1022 3959 1065 a
4002 1001 4190 1066 nobis
4236 1003 4425 1086 flagi-

2461 1079 2711 1146 tando?
2800 1082 3128 1167 Magnum
3182 1104 3341 1149 vero
3385 1094 3454 1149 et
3506 1084 3893 1164 absurdum,
3950 1087 4005 1151 si
4057 1108 4097 1151 a
4138 1107 4427 1171 paupere

2463 1165 2756 1233 debitore
2799 1170 3046 1234 iustum
3092 1169 3254 1235 alias
3299 1190 3373 1235 ac
3406 1170 3776 1255 legitimum
3818 1191 4058 1237 nomen
4104 1173 4429 1257 exigatur.

2463 1253 2859 1337 Quanquam
2925 1254 3054 1319 alio
3121 1258 3319 1320 etiam
3387 1257 3518 1321 fine
3572 1256 3935 1322 Dominum
4004 1257 4087 1323 ad
4152 1278 4428 1325 conver-

2455 1341 2716 1405 sionem
2758 1340 3011 1405 hortari
3055 1361 3228 1420 suos,
3275 1344 3578 1425 superius
3622 1343 3871 1409 dictum
3916 1355 4035 1408 est.
4124 1345 4430 1428 Requirit

2462 1427 2640 1490 enim
2686 1426 2767 1491 ab
2800 1425 2954 1503 illis,
2999 1426 3175 1509 quod
3207 1428 3401 1492 simul
3445 1430 3773 1511 promittit
3815 1450 3885 1494 se
3919 1428 4250 1496 daturum.
4319 1431 4428 1497 Ita

2462 1522 2811 1596 praecepto
2852 1512 3002 1577 illos
3047 1513 3130 1578 ad
3185 1514 3625 1596 recipiendam
3682 1516 4181 1598 promissionem
4237 1537 4427 1600 prae-

2461 1607 2667 1680 parat.
2760 1596 2898 1663 Sed
2952 1620 3072 1664 cur
3126 1620 3247 1665 nos
3311 1602 3559 1665 frustra
3625 1602 3842 1667 verbis
3903 1601 4190 1667 invitat?
4283 1603 4426 1669 Cur

2463 1704 2600 1749 non
2643 1686 2864 1769 potius
2907 1684 3199 1767 loquitur
3238 1686 3381 1768 ipse
3424 1707 3678 1766 secum,
3740 1696 3815 1753 ιιι
3847 1700 4208 1765 convertat,
4258 1711 4423 1772 quos

2462 1791 2818 1836 conversos
2856 1769 3062 1835 velit?
3153 1773 3248 1836 At
3292 1793 3494 1855 quum
3537 1772 3767 1838 eadem
3813 1773 4042 1854 verba,
4102 1795 4268 1857 quae
4310 1797 4430 1840 au-

2462 1856 2647 1921 ribus
2684 1856 3010 1939 loquitur,
3065 1857 3262 1923 simul
3308 1858 3514 1943 digito
3556 1881 3706 1937 suo,
3756 1865 3906 1941 [pag.
3945 1866 4096 1941 208]
4141 1861 4265 1928 hoc
4309 1874 4427 1939 est,

2461 1961 2581 2025 per
2616 1963 2648 2006 s
2696 1944 2920 2008 iritum
2968 1951 3269 2008 sanctum
3308 1943 3614 2011 cordibus
3659 1947 3991 2026 inscribat,
4039 1958 4116 2011 ut
4157 1949 4251 2012 ita
4292 1949 4426 2032 spi·

2462 2028 2641 2095 ritua
2667 2050 2705 2093 e
2749 2029 2836 2093 sit
2873 2029 3319 2094 ministerium
3366 2030 3651 2098 hominis
3695 2054 3823 2115 quo
3867 2033 4095 2112 utitur,
4141 2054 4227 2097 an
4273 2054 4427 2099 nos-

2463 2121 2642 2179 trum
2688 2122 2808 2192 est,
2852 2114 2952 2179 illi
2994 2117 3208 2199 legem
3255 2114 3490 2195 dicere,
3534 2139 3621 2181 ne
3665 2117 3760 2183 sic
3803 2118 4043 2184 faciat?
4134 2121 4229 2184 At
4271 2120 4431 2203 quid

2463 2200 2546 2265 de
2590 2202 2904 2284 reprobis,
2951 2201 3191 2283 quibus
3235 2201 3409 2266 nihil
3451 2201 3828 2279 exhibetur,
3875 2216 4137 2287 praeter
4178 2206 4430 2271 nudam

2462 2294 2532 2351 et
2571 2293 2907 2352 mortuam
2938 2286 3245 2352 literam?
3313 2287 3733 2371 Respondeo:
3780 2290 4120 2373 proprium
4162 2292 4429 2373 quidem

2463 2369 2801 2439 doctrinae
2834 2373 2967 2438 Dei
3012 2393 3176 2453 esse,
3222 2382 3298 2439 ut
3337 2374 3648 2439 salutaris
3692 2376 3780 2441 sit
3823 2375 4268 2442 audientibus:
4313 2377 4428 2443 ubi

2464 2466 2688 2525 autem
2732 2459 3021 2525 officium
3061 2459 3185 2525 hoc
3228 2461 3296 2524 in
3340 2458 3643 2526 fidelibus
3678 2463 4062 2545 expleverit,
4110 2461 4429 2530 adversus

2461 2544 2739 2611 rebelles
2795 2552 2862 2610 et
2902 2545 3269 2612 obstinatos
3323 2554 3622 2630 paratam
3668 2569 3810 2613 esse
3863 2548 4243 2614 vindictam.
4331 2552 4429 2615 At

2462 2632 2682 2698 Deum
2724 2630 2899 2697 velle
2932 2652 3160 2698 omnes
3204 2634 3501 2699 converti
3537 2635 3872 2699 existimat
3892 2634 4202 2719 Pighius:
4247 2633 4426 2700 ideo-

2461 2739 2590 2801 que
2632 2719 2886 2801 pariter
2928 2716 3235 2784 omnibus
3273 2738 3469 2784 suum
3511 2720 3837 2785 auxilium
3882 2722 4146 2786 offerre:
4204 2721 4428 2805 itaque

2460 2812 2728 2870 nostrae
2784 2826 2927 2870 esse
2971 2804 3346 2889 potestatis,
3402 2804 3573 2871 velle
3618 2814 3738 2872 aut
3780 2807 3972 2872 nolle.
4060 2804 4254 2888 Quod
4299 2809 4430 2875 nisi

2459 2892 2862 2956 voluerimus
2892 2893 3164 2975 prioreS,
3216 2892 3432 2973 ipsum
3470 2892 3553 2958 ad
3583 2914 3703 2959 nos
3742 2913 3876 2959 non
3904 2895 4216 2959 converti.
4272 2895 4421 2960 Hoc

2460 2978 2642 3042 enim
2686 2977 3066 3044 clarissimis
3108 2977 3334 3044 verbis
3377 2978 3749 3062 exprimere
3792 2977 4147 3063 prophetas
4161 3032 4175 3057 ‚
4221 3001 4429 3063 quum

2457 3064 2533 3130 in
2576 3062 2708 3129 Dei
2753 3083 3033 3147 persona
3074 3063 3332 3132 dicunt:
3378 3064 3840 3144 Revertimini‚
3888 3077 3955 3132 et
3998 3066 4243 3132 sanabo
4288 3088 4426 3133 vos.

2458 3149 2659 3215 Item:
2716 3151 3184 3231 Revertimini,
3256 3159 3324 3216 et
3376 3173 3509 3216 non
3568 3161 3865 3217 avertam
3919 3153 4151 3219 faciem
4206 3175 4425 3219 meam

2458 3257 2499 3301 a
2544 3236 2748 3302 vobis.
2838 3236 2986 3321 Ego
3040 3244 3266 3302 autem
3311 3237 3480 3303 nihil
3520 3239 3591 3303 in
3638 3238 3784 3304 istis
3833 3239 4050 3305 verbis
4095 3240 4419 3305 contineri

2459 3321 2946 3402 animadverto,
3007 3323 3137 3389 nisi
3193 3322 3365 3407 quod
3421 3323 3610 3390 Deus
3668 3345 3740 3390 se
3794 3325 3957 3406 illis,
4014 3335 4082 3389 et
4137 3333 4426 3408 peccata,

2458 3416 2529 3473 et
2570 3428 2844 3491 poenas,
2899 3407 3137 3491 quibus
3175 3419 3445 3493 propter
3485 3418 3754 3496 peccata
3795 3411 4276 3496 plecterentur,
4322 3432 4426 3476 re-

2457 3496 2816 3560 missurum
2841 3495 3206 3578 pollicetur,
3252 3498 3308 3562 si
3336 3497 3529 3563 modo
3557 3500 3973 3582 resipuerint.
4042 3497 4187 3561 Iam
4225 3519 4428 3581 quum

2457 3581 2865 3666 poenitentia
2908 3582 2996 3647 sit
3038 3582 3402 3665 spiritualis
3448 3606 3486 3649 a
3528 3591 3741 3650 morte
3784 3585 4201 3660 resurrectiO,
4253 3605 4424 3669 nego

2458 3689 2603 3733 eam
2660 3671 2871 3754 magis
2913 3670 2984 3733 in
3036 3668 3319 3735 hominis
3375 3691 3519 3735 esse
3564 3679 3915 3753 potestate,
3974 3691 4175 3754 quam
4220 3671 4421 3735 fuerit

2457 3777 2529 3821 se
2572 3774 2821 3820 creare:
2880 3757 3014 3820 imo
3069 3757 3321 3822 minus:
3380 3765 3625 3839 quanto
3684 3757 3935 3824 scilieet
3976 3758 4420 3840 praestantius

2457 3849 2590 3921 est,
2650 3843 2901 3906 iustum
2958 3863 3029 3906 se
3071 3842 3313 3920 facere,
3371 3863 3568 3925 quam
3627 3843 3977 3908 hominem.
4070 3843 4211 3908 Gur
4265 3863 4424 3927 ergo

2456 3926 2540 3993 de
2576 3927 2695 3993 illa
2734 3929 3209 3994 concionantur
3252 3929 3655 4011 prophetae?
3720 3928 3896 4010 Quia
3939 3929 4047 3993 hic
4089 3938 4190 3994 est
4234 3949 4423 4013 rege-

2455 4014 2817 4080 nerationis
2872 4012 3061 4093 orde,
3115 4023 3191 4080 ut
3248 4015 3549 4080 homines
3606 4035 3766 4080 vera
3821 4015 3924 4080 sui
3984 4014 4419 4098 displicentia,

2454 4121 2612 4165 vero
2644 4108 2790 4165 tum
2813 4102 3066 4183 peccati
3096 4099 3262 4179 odio,
3310 4107 3452 4165 tum
3492 4101 3785 4167 iustitiae
3819 4100 4139 4166 desiderio
4164 4121 4423 4167 amore·

2456 4207 2583 4269 que
2638 4187 2825 4266 tacti,
2892 4187 2977 4251 ad
3032 4188 3158 4252 Dei
3216 4185 3732 4253 misericordiam
3795 4188 4193 4272 confugiant.
4285 4186 4422 4254 Sed

2457 4293 2578 4338 cur
2640 4273 3003 4338 Dominus
3037 4274 3120 4340 ab
3176 4273 3309 4337 illis
3376 4274 3661 4358 flagitat,
3725 4272 3899 4356 quod
3962 4295 4221 4340 merum
4277 4296 4421 4341 esse

2456 4357 2729 4441 spiritus
2772 4359 2877 4424 sui
2912 4381 3077 4442 opus
3135 4380 3212 4424 ac
3256 4359 3505 4424 donum
3551 4359 3783 4426 novit?
3865 4359 4044 4443 Quia
4086 4369 4420 4444 utcunque

2460 4464 2776 4510 arcanum
2823 4446 3093 4528 spiritus
3137 4447 3239 4511 sui
3284 4446 3496 4512 sancti
3554 4467 3717 4530 opus
3773 4448 3917 4513 sine
3971 4447 4107 4513 ullo
4160 4448 4259 4513 vel
4315 4448 4420 4511 in-

2457 4539 2825 4596 strumento
2859 4532 2964 4598 vel
3008 4532 3406 4599 adminiculo
3442 4553 3758 4618 peragere
3802 4536 4024 4617 possit,
4071 4543 4420 4599 externam

2457 4626 2678 4682 tamen
2733 4618 3292 4701 praedicationem
3349 4618 3707 4698 ordinavit,
3762 4640 3892 4703 qua
3945 4629 4260 4701 tanquam
4316 4621 4419 4684 in-

2455 4711 2825 4769 strumento
2861 4713 3173 4770 uteretur.
3242 4704 3612 4784 Caeterum,
3648 4715 3724 4770 ut
3748 4706 3982 4770 efficax
4004 4725 4080 4771 ac
4123 4705 4418 4771 fructuo-

2454 4812 2605 4856 sum
2657 4792 2743 4856 sit
2807 4791 3127 4856 eiusmodi
3191 4792 3738 4870 instrumentum,
3819 4813 3898 4856 ea
3971 4793 4116 4874 ipsa
4193 4789 4415 4869 verba,

2455 4898 2623 4959 quae
2679 4876 2950 4942 auribus
3055 4899 3129 4942 er
3179 4899 3251 4944 os
3309 4878 3596 4944 hominis
3652 4877 3981 4961 loquitur,
4041 4876 4245 4961 digito
4298 4898 4417 4943 suo

2451 4963 2524 5028 in
2578 4961 2775 5030 corda
2815 4898 3155 5046 inscufpit:
3195 4965 3292 5028 ita
3332 4964 3770 5030 ministerium
3814 4962 4035 5029 reddit
4075 4963 4418 5047 spirituale

2456 5057 2526 5114 et
2569 5050 2817 5128 vivum,
2865 5048 3039 5132 quod
3076 5050 3240 5115 alias
3282 5050 3541 5116 literale
3585 5057 3654 5115 et
3694 5056 4033 5135 mortuum
4078 5052 4264 5116 foret.
4439 5054 4443 5058 ’

2629 5139 2778 5214 [pag.
2819 5140 2972 5215 209]
3018 5139 3115 5201 At
3169 5138 3410 5220 ubique
3461 5134 3625 5203 haec
3667 5134 3799 5202 duo
3855 5145 4008 5203 ante
4050 5137 4328 5220 requirit
4373 5157 4414 5200 a

2452 5220 2645 5287 nobis
2688 5220 2896 5301 Dens,
2941 5223 3416 5305 poenitentiam
3460 5233 3528 5288 et
3571 5223 4016 5288 humilitatem
4028 5226 4057 5302 ,'
4100 5242 4299 5305 quam
4344 5242 4415 5287 se

2457 5307 2642 5371 nobis
2698 5307 3055 5391 propitium
3112 5311 3249 5375 fore
3302 5311 3673 5393 promittat:
3735 5310 3903 5376 sicut
3953 5329 4075 5392 per
4129 5307 4413 5373 Iesaiam

2458 5389 2651 5457 dicit:
2697 5393 2804 5456 Ad
2845 5415 3042 5477 quem
3071 5396 3437 5479 respiciam,
3484 5391 3613 5462 nisi
3656 5395 3741 5460 ad
3773 5395 4111 5474 humilem,
4158 5400 4226 5459 et
4256 5415 4412 5459 con-
