4999 6179
581 431 700 494 511

578 616 864 684 mediam
907 613 1429 698 desperationem
1481 632 1909 697 prorumpere
1952 612 2278 677 convenit.
2366 608 2540 674 Vult

576 704 907 772 Dominus
971 700 1390 785 evangelium
1456 719 1648 764 suum
1713 696 2096 780 praedicari.
2189 700 2336 776 [pag.
2387 699 2535 774 100]

578 791 756 856 Huic
798 786 1110 852 mandato
1152 806 1516 869 pareamus„
1563 792 1630 849 et
1671 804 2042 867 sequamur,
2088 803 2213 865 quo
2258 802 2378 846 nos
2420 800 2538 845 vo-

579 885 701 944 cat.
794 873 962 956 Quis
1005 873 1267 938 futurus
1311 871 1401 936 sit
1442 890 1808 949 successus,
1852 870 2213 952 inquirere,
2257 889 2392 932 non
2435 873 2539 932 est

579 971 915 1028 nostrum:
987 958 1119 1024 nisi
1171 957 1346 1041 quod
1400 977 1552 1022 eum
1608 976 1805 1039 quam
1863 954 2187 1038 optimum
2240 960 2308 1018 et
2365 954 2536 1018 votis

578 1056 805 1132 optare
857 1053 926 1110 et
991 1043 1295 1130 precibus
1351 1065 1389 1107 a
1442 1042 1727 1107 Domino
1798 1041 2132 1125 postulare
2192 1038 2532 1105 debemus:

381 1121 386 1128 ’
457 1169 458 1172 ¹
579 1134 739 1200 eniti
783 1134 983 1197 etiam
1026 1130 1206 1195 omni
1247 1128 1494 1206 studi0‚
1540 1127 1999 1206 sollicitudine,
2045 1126 2417 1212 diligentia,
2461 1132 2540 1189 ut

579 1220 731 1285 talis
798 1219 1161 1300 contingat:
1230 1215 1486 1279 interea
1546 1221 1773 1279 tamen
1841 1213 2312 1296 qualiscunque
2390 1212 2536 1290 erit,

579 1325 787 1390 aequo
829 1304 1047 1368 animo
1090 1302 1279 1366 ferre.

750 1388 1092 1455 Immerito
1143 1387 1355 1471 igitur
1400 1386 1523 1451 hoc
1578 1385 1767 1451 nobis
1823 1385 2080 1449 crimini
2124 1383 2348 1460 datur,
2403 1404 2536 1448 non

579 1484 845 1542 tantum
897 1474 1220 1558 profuisse
1251 1473 1301 1555 ¹)
1367 1491 1486 1537 nos
1557 1479 1878 1555 quantum
1935 1478 2001 1535 et
2055 1469 2427 1535 studuimus
2471 1475 2538 1534 et

586 1561 954 1648 optandum
996 1560 1244 1624 fuisset.
1334 1556 1651 1623 Pla-utare
1688 1565 1754 1621 et
1797 1558 2012 1640 rigare
2057 1577 2177 1621 nos
2211 1554 2399 1620 Deus
2435 1556 2537 1619 iu-

579 1650 708 1715 bet.
769 1647 1098 1713 Fecimus.
1165 1642 1369 1710 Solus
1403 1644 1543 1726 ipse
1580 1650 1681 1709 cst
1721 1643 1832 1726 qui
1876 1642 1991 1707 dat
2032 1642 2534 1707 incrementum.

581 1733 763 1816 Quid
806 1734 860 1798 si
909 1754 1026 1816 pro
1069 1739 1293 1796 nostro
1349 1736 1499 1797 voto
1545 1729 1701 1794 dare
1754 1727 1960 1793 nolit?
2055 1726 2130 1793 Si
2174 1726 2350 1810 quod
2386 1748 2538 1791 nos-

578 1829 832 1886 trarum
886 1818 1174 1902 partium
1229 1823 1402 1895 erat,
1455 1814 1737 1880 fideliter
1779 1835 1901 1879 nos
1958 1835 2099 1879 esse
2143 1821 2539 1895 exsequutos

581 1912 866 1984 constat,
922 1925 1007 1969 ne
1053 1902 1213 1986 quid
1262 1900 1542 1984 amplius
1597 1922 1638 1965 a
1678 1901 1864 1966 nobis
1918 1900 2262 1983 requirant
2305 1896 2537 1965 adver-

581 1993 765 2068 sarii,
829 1990 910 2055 de
954 2008 1261 2056 successu
1303 1988 1525 2053 minus
1563 2007 1875 2070 prospero
1920 2008 2072 2053 cum
2115 1984 2262 2050 Deo
2308 2006 2542 2068 expos-

580 2078 811 2144 tulent.
883 2074 1279 2158 Quanquam
1320 2073 1389 2138 id
1428 2093 1703 2156 quoque,
1741 2070 1914 2155 quod
1955 2070 2343 2150 obtendunt,
2389 2070 2540 2136 nul-

579 2164 723 2229 lum
760 2170 1022 2227 exstare
1072 2159 1409 2227 doctrinae
1463 2166 1726 2224 nostrae
1771 2160 2058 2224 fructum
2111 2157 2540 2222 falsissimum

581 2257 699 2315 est.
771 2246 1024 2314 Omitto
1068 2259 1380 2312 externae
1422 2243 1830 2310 idololatriae
1873 2244 2364 2322 correctionem,
2412 2249 2542 2306 tot-

580 2357 706 2420 que
750 2332 1292 2417 superstitionum
1328 2352 1405 2397 ac
1447 2352 1772 2396 errorum:
1820 2350 1986 2413 quae
2029 2350 2148 2412 pro
2175 2328 2386 2394 nihilo
2420 2328 2542 2393 du-

582 2420 790 2487 cenda
832 2417 967 2485 non
1011 2425 1129 2483 est.
1203 2415 1338 2483 Sed
1382 2438 1467 2482 an
1510 2416 1736 2482 nullus
1772 2422 1873 2481 est
1907 2416 2016 2482 1110
2049 2417 2319 2494 fructus,
2367 2412 2544 2498 quod

581 2506 775 2573 multi
818 2525 976 2570 vere
1018 2504 1111 2588 pii
1147 2504 1334 2569 nobis
1379 2509 1718 2586 acceptum
1756 2502 2067 2580 referunt,
2115 2499 2292 2585 quod
2319 2501 2545 2566 Deum

581 2614 748 2678 puro
811 2590 1081 2657 tandem
1149 2588 1345 2655 corde
1412 2589 1625 2655 colere
1690 2585 2081 2653 didicerint?
2150 2586 2322 2671 quod
2392 2608 2545 2652 eum

583 2678 923 2761 coeperint
964 2695 1201 2742 serena
1233 2674 1631 2740 conscientia
1660 2673 2010 2740 invocare?
2058 2672 2232 2757 quod
2268 2694 2352 2738 ex
2395 2694 2546 2756 per-

582 2764 804 2848 petuis
886 2760 1236 2826 tormentis
1302 2759 1563 2825 liberati
1628 2781 1866 2827 verum
1936 2759 2185 2825 Christi
2254 2767 2542 2843 gustum,

583 2851 657 2915 in
699 2868 830 2932 quo
875 2846 1389 2931 acquiescerent,
1442 2844 1895 2930 perceperint?
1990 2844 2184 2927 Quod
2231 2845 2285 2910 si
2346 2865 2544 2927 quae-

582 2942 819 3001 rantur
863 2932 1256 3000 documenta
1310 2952 1478 3016 quae
1519 2932 1591 2996 in
1635 2932 1976 2997 hominum
2031 2936 2385 3015 conspectu
2430 2951 2544 3013 ap-

581 3029 888 3107 pareant,
947 3040 1083 3084 non
1137 3018 1232 3083 ita
1284 3017 1636 3083 infeliciter
1688 3018 2021 3084 nobiseum
2079 3018 2326 3102 agitur,
2381 3017 2545 3101 quin

581 3108 892 3194 plurimis
950 3106 1219 3191 gloriari
1259 3105 1475 3171 liceat.
1568 3104 1788 3187 Quam
1843 3105 2066 3185 multi,
2127 3126 2331 3188 quum
2390 3114 2543 3169 ante

582 3193 1007 3276 corruptioris
1067 3192 1239 3258 vitae
1292 3192 1605 3269 fuissent,
1675 3193 1766 3255 ita
1829 3193 2276 3274 resipuerunt,
2343 3198 2419 3254 ut
2470 3191 2542 3253 in

580 3301 789 3345 novos
868 3278 1171 3342 homines
1246 3278 1636 3343 viderentur
1720 3277 2061 3344 conversi?
2168 3282 2316 3356 [pag.
2391 3278 2539 3354 101]

584 3365 802 3447 Quam
858 3362 1077 3441 multi,
1147 3385 1347 3447 quum
1414 3365 1591 3429 omni
1657 3363 2165 3448 reprehensione
2224 3361 2546 3428 caruisset

582 3471 813 3518 eorum
854 3457 1007 3514 ante
1044 3458 1189 3515 acta
1222 3450 1377 3531 vita,
1420 3451 1554 3514 imo
1589 3468 1794 3533 quum
1827 3449 2234 3532 praeclaram
2277 3447 2543 3512 laudem

580 3536 938 3615 habuisset,
974 3533 1136 3600 adeo
1168 3542 1390 3600 tamen
1421 3557 1559 3600 11011
1591 3544 2122 3613 retrocesserunt,
2168 3540 2244 3599 ut
2283 3532 2543 3598 abunde

581 3623 722 3690 vita
765 3643 884 3688 sua
939 3627 1294 3699 testentur,
1350 3641 1484 3685 non
1528 3641 1671 3686 esse
1727 3620 1951 3686 sterile
2004 3641 2127 3686 nec
2180 3620 2544 3684 infructuo-

585 3730 734 3776 sum
801 3714 1100 3773 nostrum
1159 3705 1651 3771 ministerium?
1742 3706 2114 3772 Tradueere
2171 3726 2295 3771 nos
2350 3703 2542 3770 adeo-

582 3817 708 3880 que
771 3794 1063 3860 lacerare
1129 3793 1269 3858 suis
1323 3790 1668 3859 calumniis
1710 3792 1933 3857 hostes
1987 3791 2195 3857 nostri
2246 3799 2541 3875 possunt,

582 3881 759 3966 apud
814 3879 1152 3964 imperitos
1205 3878 1624 3963 praesertim:
1681 3876 1796 3943 sed
1840 3877 1964 3944 hoc
2007 3878 2196 3943 nobis
2241 3898 2371 3942 non
2414 3876 2541 3941 ori-

580 3969 785 4052 pient,
831 3967 994 4050 quin
1035 3964 1188 4049 plus
1233 3962 1407 4048 apud
1434 3985 1562 4040 eos,
1609 3965 1722 4047 qui
1757 3961 2125 4029 doctrinam
2167 3972 2462 4028 nostram
2479 3966 2540 4047 ⁴²)

583 4063 739 4119 sunt
808 4051 1127 4135 amplexi,
1221 4050 1661 4128 innocentiae,
1743 4050 2145 4134 integritatis
2211 4070 2541 4133 veraeque

581 4138 1053 4205 sanctimoniae
1110 4137 1503 4220 reperiatur,
1563 4156 1760 4218 quam
1801 4137 1874 4200 in
1918 4137 1999 4202 iis
2052 4136 2383 4215 omnibus,
2428 4135 2544 4218 qui

583 4223 915 4290 habentur
983 4223 1160 4287 inter
1225 4244 1335 4288 eos
1392 4221 1946 4288 excellentissimi.
2038 4221 2231 4303 Quod
2300 4224 2358 4287 si
2425 4223 2541 4305 qui

582 4319 755 4388 sunt,
815 4316 890 4373 ut
934 4308 1133 4374 nimis
1186 4308 1428 4374 multos
1472 4310 1760 4372 fatemur
1803 4329 1964 4388 esse,
2010 4310 2123 4391 qui
2169 4307 2252 4373 ad
2306 4307 2540 4373 laxan—

582 4396 701 4463 das
764 4394 1095 4478 nequitiae
1169 4415 1328 4460 suae
1392 4393 1682 4459 habenas
1759 4415 1923 4462 evan
1974 4394 2099 4459 elio
2164 4395 2541 4473 abutantur,

583 4504 718 4547 non
797 4501 1049 4547 novum
1135 4478 1202 4544 id
1270 4479 1535 4564 quidem
1613 4487 1742 4544 est:
1832 4502 1902 4546 se
1993 4478 2152 4564 quid
2222 4480 2306 4545 ad
2394 4501 2539 4560 nos,

583 4576 662 4635 ut
725 4569 871 4633 eius
937 4567 1202 4649 culpam
1269 4567 1594 4631 sustinere
1670 4586 1792 4631 nos
1875 4565 2218 4650 oporteat?
2309 4565 2539 4633 Scitur

584 4654 1004 4737 evangelium
1075 4653 1342 4717 unicam
1408 4672 1551 4717 esse
1618 4651 1784 4718 bene
1842 4658 2196 4735 sancteque
2262 4653 2540 4719 vivendi

583 4739 905 4823 regulam.
949 4736 1144 4818 Quod
1191 4746 1415 4802 autem
1453 4759 1589 4802 non
1628 4758 1857 4804 omnes
1891 4739 2033 4823 regi
2069 4761 2139 4805 se
2175 4740 2536 4823 patiuntur,

581 4822 754 4909 quod
799 4826 1004 4889 etiam
1048 4824 1193 4902 alii,
1251 4823 1436 4906 quasi
1480 4823 1635 4908 iugo
1680 4824 1910 4905 soluti,
1952 4824 2224 4891 liberius
2267 4826 2542 4892 insoles-

582 4920 776 4990 cunt,
845 4911 915 4974 in
969 4929 1045 4974 eo
1103 4909 1519 4994 agnoscimus
1572 4932 1806 4975 verum
1862 4931 2004 4977 esse
2057 4911 2229 4995 quod
2287 4911 2544 4977 dicebat

582 4995 886 5064 Simeon:
931 4993 1275 5062 Christum
1313 4996 1387 5060 in
1428 4994 1551 5061 1100
1594 4997 1884 5080 positum
1920 5018 2081 5077 esse,
2122 5008 2198 5062 u‘t
2240 4997 2543 5063 revelen-

580 5092 696 5151 tur
736 5104 822 5148 ex
864 5080 1091 5147 multis
1134 5080 1438 5149 cordibus
1478 5082 1902 5167 cogitationes
1946 5083 2137 5165 (Luc.
2181 5087 2235 5162 1,
2275 5085 2406 5167 33).
2466 5081 2541 5149 Si

581 5167 911 5254 evangelii
966 5167 1182 5235 lucem
1236 5167 1384 5234 ideo
1431 5168 1813 5249 accendere,
1872 5177 1947 5234 ut
2003 5168 2257 5236 occulta
2307 5170 2544 5253 impio-

669 5364 674 5369 ’
720 5357 780 5425 1)
811 5358 1114 5428 profecisse
1136 5355 1236 5425 (9).
1349 5355 1410 5424 2)
1446 5362 1688 5414 nostrani
1723 5357 1870 5413 deest
1901 5357 2058 5426 apud
2091 5356 2294 5412 Beeam
2328 5356 2573 5427 etiamst

2190 419 2321 486 DE
2365 415 3006 486 NECESSITATE

4478 415 4602 477 512

2640 628 2790 672 rum
2832 605 3128 690 nequitia
3172 604 3542 689 detegatur,
3588 602 3735 670 Deo
3778 603 4018 687 placet,
4075 601 4230 668 inde
4273 602 4604 688 evangelii

2639 694 2963 758 ministris
3026 711 3380 773 eorumque
3446 689 3915 773 praedicationi
3980 690 4232 756 crimen
4294 690 4602 768 conflare,

2640 785 2975 845 extremae
3029 775 3481 860 impudentiae
3531 782 3601 840 et
3663 776 3953 841 malitiae
4020 783 4138 840 est.
4228 774 4375 859 Ego
4441 795 4604 844 vero

2640 865 2896 930 nullam
2945 864 3078 929 illis
3132 863 3444 927 iniuriam
3503 862 3794 927 facturus
3849 863 4003 941 sim,
4060 861 4118 927 si
4173 861 4298 926 hoc
4351 859 4433 925 de
4475 881 4603 944 quo

2640 949 2960 1017 invidiam
2990 950 3276 1016 conflare
3309 948 3495 1013 nobis
3529 955 3871 1026 conantur,
3916 947 3988 1012 in
4024 967 4134 1012 008
4165 953 4598 1030 retorqueam.

2639 1036 2835 1103 Unde
2880 1037 3055 1100 enim
3098 1034 3483 1101 lasciviendi
3526 1032 3866 1100 audaciam
3910 1033 4243 1117 arripiunt
4273 1032 4407 1098 Dei
4448 1054 4605 1100 con-

2641 1130 3025 1206 temptores,
3085 1122 3213 1186 nisi
3260 1119 3467 1204 quod,
3525 1120 3601 1183 in
3640 1120 3859 1185 medio
3906 1117 4388 1185 dissensionum
4431 1127 4600 1185 stre—

2640 1209 2817 1292 111111,
2884 1208 3104 1273 01111110
3167 1207 3293 1272 sibi
3356 1206 3559 1273 licere
3624 1205 3903 1290 putant?
3996 1204 4211 1272 Suum
4266 1226 4422 1289 ergo
4478 1206 4602 1271 hoc

2641 1316 2782 1359 esse
2825 1299 2971 1375 [pag.
3016 1299 3159 1371 102]
3200 1294 3864 1376 crimenagnoscant,
3912 1292 4086 1375 quod
4117 1292 4418 1359 veritatis
4454 1314 4602 1358 cur-

2640 1403 2790 1446 sum
2833 1379 3238 1457 remorando,
3280 1379 3741 1462 impunitatem
3785 1378 3975 1444 alunt
4014 1379 4482 1463 improborum.

2815 1465 3011 1547 Quod
3067 1464 3418 1549 disciplina
3470 1472 3537 1530 et
3590 1464 3878 1549 legibus,
3945 1485 4111 1548 quae
4171 1466 4483 1549 populum
4526 1468 4601 1530 in

2641 1552 2871 1619 ordine
2928 1553 3335 1628 contineant,
3392 1571 3614 1615 carere
3660 1571 3778 1616 nos
3834 1551 4049 1629 aiunt,
4106 1551 4190 1617 ad
4233 1572 4381 1617 eam
4424 1552 4600 1618 vitu-

2642 1640 3049 1721 perationem
3096 1637 3338 1719 duplex
3394 1636 3586 1701 nobis
3629 1637 3701 1701 in
3743 1645 4055 1721 promptu
4099 1645 4198 1702 est
4243 1638 4596 1720 responsio.

2644 1722 2721 1789 Si
2775 1722 3071 1789 ordinem
3128 1724 3255 1788 rite
3314 1722 3491 1805 apud
3544 1743 3664 1788 nos
3710 1725 4135 1788 constitutum
4180 1723 4435 1803 dixero,
4492 1747 4599 1790 re-

2642 1810 2872 1875 fellent
2913 1831 3020 1875 1110
3065 1809 3480 1892 quotidianae
3526 1815 3903 1878 nostrorum
3957 1808 4301 1874 hominum
4345 1814 4600 1878 concio-

2641 1918 2781 1975 nes,
2828 1897 3066 1980 quibus
3111 1895 3525 1978 disciplinam
3560 1895 3773 1960 iacere
3818 1894 4034 1960 adhuc
4077 1896 4444 1962 neglectam
4487 1897 4599 1964 de-

2642 1982 2924 2067 plorant.
3013 1982 3159 2065 Ego
3204 2002 3378 2060 11010,
3425 1981 3594 2046 sicut
3636 2002 3755 2046 nos
3788 1981 3919 2046 isto
3954 1981 4121 2047 bono
4162 1949 4431 2049 destitui
4466 2005 4600 2051 non

2643 2069 2919 2148 infitior,
2964 2070 3060 2133 ita
3101 2089 3220 2150 per
3257 2088 3417 2150 quos
3459 2068 3715 2132 steterit
3755 2067 4089 2146 hactenus,
4135 2076 4205 2133 et
4237 2091 4413 2135 nunc
4449 2078 4599 2154 stet,

2647 2156 2995 2239 quominus
3051 2174 3127 2218 eo
3182 2155 3511 2231 fruamur,
3569 2153 4056 2237 respiciendum
4111 2175 4252 2220 esse
4299 2155 4470 2236 dico,
4525 2166 4600 2222 ut

2647 2241 2755 2306 his
2800 2240 2995 2325 culpa
3035 2242 3420 2323 imputetur.
3509 2239 3775 2324 Negent
3814 2240 4040 2306 hostes
4078 2242 4306 2322 nostri,
4352 2243 4410 2307 si
4452 2264 4597 2327 pos-

2648 2335 2830 2406 sunt,
2891 2328 3113 2392 omnia
3149 2348 3219 2392 80
3261 2325 3654 2404 machinari,
3713 2348 3839 2409 quo
3882 2347 4020 2391 non
4072 2326 4265 2392 modo
4308 2327 4599 2395 laborem

2646 2414 2717 2479 in
2773 2411 3138 2478 formandis
3192 2410 3700 2495 ordinandisque
3755 2411 4044 2478 ecclesiis
4117 2420 4420 2479 nostrum
4475 2417 4597 2480 im-

2646 2498 2935 2583 pediant,
2982 2498 3099 2565 sed
3144 2520 3271 2581 quo
3314 2498 3639 2582 dissipent
3682 2500 3880 2563 etiam
3936 2520 4012 2565 00
4056 2508 4361 2565 evertant
4415 2501 4601 2585 quid-

2648 2584 2806 2669 quid
2849 2606 2969 2669 per
3010 2607 3130 2652 1108
3172 2584 3558 2650 inchoatum
3597 2585 3812 2652 fuerit.
3886 2583 4135 2651 Sedulo
4179 2608 4299 2653 1108
4341 2587 4605 2671 quidem

2648 2673 2722 2737 111
2765 2672 3072 2738 ecclesiae
3116 2670 3566 2737 aedificatione
3601 2670 4027 2737 elaboramus.
4086 2673 4267 2738 Dum
4302 2675 4374 2738 in
4410 2694 4604 2758 opere

2651 2779 2880 2824 sumus
2937 2758 3264 2841 occupati,
3316 2756 3413 2820 illi
3472 2756 3555 2821 ad
3599 2755 3926 2823 turbanda
3969 2757 4293 2843 principia
4333 2760 4603 2827 infestos

2652 2866 2721 2910 80
2766 2843 3047 2910 subinde
3090 2844 3433 2928 ingerunt,
3478 2864 3602 2908 nec
3647 2843 3849 2908 ullam
3895 2843 4083 2910 nobis
4126 2845 4606 2911 relaxationem

2647 2930 3063 3014 permittunt,
3109 2937 3187 2994 ut
3227 2949 3615 3013 componere
3659 2929 4091 2996 domesticum
4126 2931 4439 2998 ecclesiae
4469 2946 4606 2999 sta-

2648 3023 2793 3082 tum
2850 3017 3057 3082 liceat.
3145 3015 3391 3080 Postea
3436 3014 3958 3101 dissipationem,
4005 3017 4192 3083 cuius
4236 3017 4364 3102 ipsi
4408 3039 4607 3086 causa

2647 3112 2837 3182 sunt,
2894 3105 3117 3187 probri
3172 3102 3312 3168 loco
3378 3103 3564 3168 nobis
3633 3104 3977 3169 obiectant.
4078 3102 4424 3185 Quaenam
4475 3107 4609 3172 ista

2647 3200 2748 3256 est
2782 3190 3175 3274 ingenuitas,
3218 3188 3409 3254 nobis
3448 3189 3825 3255 continuam
3862 3189 4173 3255 exhibere
4200 3192 4607 3258 molestiam:

2648 3276 2883 3342 deinde
2936 3276 3234 3341 criminis
3291 3275 3432 3340 loco
3478 3275 3745 3354 ducere,
3801 3274 3974 3359 quod
4026 3298 4145 3359 per
4187 3297 4334 3342 eam
4374 3299 4605 3345 omnes

2648 3363 2952 3429 ecclesiae
2996 3370 3220 3447 partes
3264 3362 3661 3427 constituere
3704 3383 3840 3427 non
3873 3362 4105 3428 vacet?
4192 3362 4389 3445 Quod
4429 3365 4605 3431 mul-

2647 3457 2792 3513 tum
2835 3448 3050 3514 adhuc
3109 3446 3293 3512 deest
3333 3447 3417 3511 ad
3459 3448 3954 3531 perfectionem,
4008 3448 4195 3516 Deus
4237 3450 4609 3535 gemituum

2648 3541 3035 3613 nostrorum,
3063 3534 3364 3598 homines
3400 3534 3815 3617 querelarum
3848 3542 4050 3600 testes
4075 3542 4248 3601 sunt.
4308 3539 4406 3602 At
4436 3558 4605 3603 non-

2647 3620 2858 3701 nulla,
2920 3641 3086 3704 quae
3131 3618 3213 3686 ad
3258 3617 3673 3702 disciplinam
3716 3620 4166 3705 pertinebant,
4209 3622 4350 3688 loco
4392 3623 4605 3689 movi-

2643 3728 2814 3772 mus,
2903 3707 3159 3790 Nempe
3202 3705 3753 3789 quemadmodum
3797 3708 4012 3773 faeere
4046 3706 4277 3788 solent,
4366 3711 4437 3775 ui
4471 3709 4604 3776 col-

2647 3794 2906 3877 lapsum
2950 3797 3097 3873 [pag.
3143 3796 3290 3871 103]
3334 3791 3704 3858 aedificium
3747 3814 4057 3878 reparare
4103 3814 4307 3879 aggre
4354 3797 4605 3877 iuntur,

2647 3893 2724 3945 ut
2766 3888 3076 3964 congesta
3125 3879 3198 3943 in
3253 3898 3567 3943 acervum
3619 3887 3687 3946 et-
3729 3881 3996 3946 confusa
4037 3880 4382 3947 ruinarum
4423 3883 4605 3969 frag-

2648 3973 2870 4032 menta
2923 3965 3278 4031 extrahant
3332 3986 3407 4031 ac
3465 3965 3803 4049 colligant,
3858 3964 4145 4050 aptanda
4201 3976 4432 4053 postea
4484 3991 4605 4037 suo

2646 4051 2811 4118 loco:
2858 4051 2953 4116 ita
2996 4049 3182 4117 nobis
3225 4051 3438 4117 facere
3483 4072 3750 4118 necesse
3793 4053 3937 4118 fuit.
3999 4052 4169 4118 Nam
4217 4054 4276 4118 si
4319 4056 4480 4139 quid
4518 4078 4603 4122 ex

2647 4138 2857 4204 veteri
2900 4136 3247 4221 disciplina
3291 4137 3638 4219 superfuit,
3699 4138 3772 4203 in
3817 4146 4006 4204 tanta
4048 4140 4356 4206 ecclesiae
4403 4143 4602 4208 vasti-

2647 4232 2800 4302 tate,
2846 4225 2941 4289 ita
2985 4223 3058 4287 in
3101 4221 3377 4288 deformi
3419 4224 3767 4289 ruinarum
3812 4245 4052 4309 aggere
4094 4227 4499 4308 permixtum
4535 4237 4607 4293 et

2645 4311 3008 4394 proiectum
3048 4310 3394 4393 pristinam
3435 4310 3667 4375 faciem
3712 4312 4051 4391 amiserat,
4099 4320 4173 4377 ut
4212 4313 4475 4379 nullum
4518 4313 4604 4380 ad

2646 4418 2875 4474 usum,
2932 4396 3061 4461 nisi
3114 4397 3299 4480 prius
3344 4402 3714 4460 extractum
3761 4417 3846 4461 ex
3890 4396 4005 4462 illa
4047 4397 4448 4479 confusione,
4495 4421 4604 4467 ac-

2643 4480 3043 4549 commodari
3082 4487 3322 4565 posset.
3888 4484 3897 4491 “

2818 4568 3089 4635 Utinam
3138 4576 3360 4632 autem
3404 4587 3522 4631 suo
3581 4568 3815 4633 saltem
3859 4570 4160 4669 exemplo
4202 4590 4325 4635 nos
4366 4592 4603 4654 provo-

2647 4662 2891 4720 carent.
2982 4652 3119 4720 8οἀ
3172 4650 3372 4736 quid?
3462 4652 3899 4737 Disciplinam
3956 4676 4069 4738 qm
4122 4655 4380 4722 nullam
4425 4657 4607 4742 apud

2647 4761 2768 4806 nos
2828 4761 2971 4806 esse
3035 4739 3404 4815 clamitant,
3472 4738 3598 4822 ipsi
3654 4760 3849 4822 quam
3911 4740 4199 4807 habent?
4278 4743 4402 4807 An
4464 4765 4605 4809 non

2645 4832 3028 4911 praestaret,
3073 4824 3313 4890 vitium
3357 4845 3554 4889 suum
3595 4846 3946 4909 agnoscere
3983 4829 4160 4911 ipsos
4194 4848 4421 4895 coram
4454 4828 4607 4897 Deo

2646 4912 2984 4977 nobiscum
3004 4962 3018 4989 ,
3077 4919 3145 4976 et
3197 4911 3386 4975 fateri
3403 4961 3421 4990 ,
3482 4931 3678 4994 quam
3733 4911 3922 4978 nobis
3975 4915 4375 4997 exprobrare
4430 4916 4606 4999 quod

2647 5019 2800 5063 mox
2836 4998 2915 5062 ‘in
2960 5018 3079 5063 sua
3121 4995 3363 5080 capita
3387 4997 3885 5081 retorqueatur?
3973 4999 4163 5065 Duae
4207 5006 4367 5065 sunt
4409 5001 4605 5069 disci-

2647 5082 2865 5167 plinae
2906 5089 3147 5167 partes.
3215 5082 3368 5149 Una
3410 5084 3588 5148 enim
3632 5084 3715 5149 ad
3752 5083 4023 5164 clerum,
4060 5085 4271 5151 altera
4308 5108 4471 5153 vero
4517 5088 4606 5154 ad

2647 5167 2905 5252 plebem
2947 5168 3251 5252 pertinet.
3341 5167 3527 5235 Scire
3567 5192 3746 5236 nunc
3788 5170 4016 5253 velim,
4073 5193 4203 5255 qua
4246 5174 4605 5241 severitate

2647 5254 2898 5320 clerum
2952 5277 3146 5321 suum
3190 5257 3261 5319 in
3318 5254 3613 5320 honestis
3668 5256 3990 5340 east-isque
4042 5256 4336 5326 moribus
4392 5262 4603 5327 conti-

2647 5349 2866 5407 neant.
2953 5341 3299 5408 Puriorem
3340 5340 3524 5406 illam
3567 5350 3634 5406 et
3672 5342 3887 5427 magis
3928 5344 4325 5427 exquisitam
4359 5348 4603 5413 sancti-
