4999 6179
2483 158 2603 167 --α-ι-

601 403 728 465 635

2628 159 2683 170 3-
2714 159 2753 170 υ.
2790 160 2875 170 ..ο-α

1819 398 1948 464 nn
1993 396 2442 468 vrrANms
2488 351 3439 496 surneszrirlomsus

2988 161 3085 170 ..ο-ψ.-
3148 163 3237 172 4....
3328 163 3335 168 -
3396 165 3405 170 .
3440 163 3589 181 ”?‘·†·¹'·'
3652 164 3733 174 n--f
3758 167 3771 174 .-

4495 373 4623 465 636

1577 674 1957 740 ALTERA
2000 637 2395 741 CAL'VINI
2434 663 2924 770 implerem,
2969 643 3523 780 Ali-'Ammm
3564 674 3646 739 N.
3708 769 3714 774 ι
3794 635 3803 644 ’

772 846 999 930 Quum
1054 847 1220 912 mihi
1271 846 1537 932 ignotus
1591 847 1681 912 sit
1734 847 1792 912 is
1807 898 1821 924 ,
1878 847 2080 932 cuius·
2106 848 2428 947 scriptum
2471 847 2556 913 ad
2622 855 2809 912 'rum
2876 854 3138 918 coetum
3206 867 3279 911 se
3342 847 3666 931 ingerant.
3756 844 3847 912 Si·
3901 815 4064 912 tam·
4105 848 4400 932 graviter
4461 850 4621 932 olim

596 956 705 1002 me
746 934 1004 1012 misisti,
1046 942 1117 999 et
1146 932 1295 999 aliis
1328 934 1548 1017 potius
1593 927 1674 998 de
1706 953 1815 998 me
1847 952 2048 1016 quam
2069 933 2274 1000 m1hi.
2293 933 2553 1012 scribat,
2602 997 2603 1000 ,

543 1069 550 1077 ·
593 1021 847 1105 inepte,
892 1040 1040 1085 meo
1082 1017 1356 1098 iudicio,
1402 1021 1529 1084 sim
1571 1020 1896 1097 facturus,
1942 1018 2001 1083 si
2042 1019 2143 1083 illi
2189 1040 2320 1085 non
2364 1039 2557 1104 roga-

595 1115 720 1173 tus·
749 1105 1201 1189 respondeam.
1291 1103 1490 1187 Quod
1530 1113 1752 1194 tamen
1797 1107 2120 1188 postulas,
2165 1106 2380 1171 facere
2422 1127 2557 1171 non

594 1210 864 1261 recuso:
910 1199 985 1257 ut
1025 1189 1352 1262 diluendis
1395 1193 1538 1257 eius
1583 1191 1990 1275 argumentis
2032 1190 2281 1277 aliquid
2321 1212 2559 1274 operae

595 1279 946 1348 insumam.
1012 1275 1220 1362 qu'ue
1263 1299 1343 1343 ea
1380 1277 1801 1361 simplicitate
1835 1278 2165 1345 facturum
2199 1300 2305 1343 me
2345 1297 2558 1360 spero,

595 1375 673 1430 ut
713 1359 927 1431 bonus
971 1364 1076 1428 vir
1118 1384 1256 1429 non
1297 1363 1582 1447 amplius
1625 1362 1790 1428 mihi
1832 1362 2230 1431 rhetoricam
2273 1363 2557 1429 obiiciat.

595 1449 995 1534 Quanquam
1047 1449 1267 1516 nescio
1321 1448 1478 1532 quid
1532 1449 1633 1515 illi
1671 1449 1743 1514 in
1798 1459 2090 1516 mentem
2136 1452 2395 1516 venerit
2411 1501 2427 1528 ,
2485 1457 2563 1514 ut

593 1535 788 1618 hanc,
810 1535 974 1601 mihi
1016 1546 1240 1601 notam
1284 1543 1678 1619 aspergeret.
1745 1537 1892 1619 Ego
1936 1544 2112 1602 certe
2155 1557 2289 1601 non
2329 1535 2561 1602 videor

591 1625 866 1688 causam‘
904 1620 1002 1686 illi
1046 1621 1331 1687 dedisse:
1379 1643 1591 1706 neque
1634 1622 1809 1690 enim
1843 1622 1940 1686 ita
1982 1624 2154 1688 male
2198 1622 2440 1706 profeci
2483 1623 2557 1686 in

592 1707 848 1775 Christi
889 1706 1142 1794 schola,
1188 1713 1337 1788 [pag.
1381 1721 1454 1798 12
1463 1710 1527 1786 5]
1571 1713 1650 1772 ut
1693 1707 1775 1772 de
1817 1710 2042 1786 tantis,
2065 1709 2290 1786 re‘bus,
2335 1717 2555 1773 osten-

596 1793 782 1859 tandi
869 1794 1123 1877 ingenii
1224 1812 1424 1858 causa
1445 1844 1462 1872 ,
1588 1792 2017 1859 declamitem.
2124 1797 2344 1877 Atque
2421 1795 2554 1859 uti-

597 1901 755 1946 nam
776 1878 861 1945 ad
896 1878 1248 1963 legendum
1286 1879 1426 1962 ipse
1461 1898 1608 1943 eam
1643 1878 2033 1963 religionem
2069 1881 2318 1958 afferat,
2345 1883 2557 1962 ,qua‘m

594 1985 702 2030 me
768 1964 1118 2044 scribendo
1166 1964 1543 2030 adhibuisse
1557 2015 1573 2041 ,
1640 1964 1805 2030 mihi

593 2072 745 2117 sum
778 2051 1094 2118 conscius.
1172 2052 1448 2116 Possem
1481 2049 1817 2134 aliquanto
1899 2052 2084 2117 urius
2118 2051 2555 2136 expostulare,

593 2135 713 2201 sed
756 2135 1071 2203 abstineo.
1144 2138 1432 2204 Tantum
1472 2135 1672 2203 velim
1716 2136 1840 2202 sibi
1885 2137 2298 2220 persuadeat,
2344 2137 2556 2222 pluris

593 2222 761 2288 mihi
816 2242 960 2289 esse
1008 2222 1265 2288 animas
1318 2229 1731 2289 sacrosancto
1771 2222 2028 2289 Ohristi
2072 2226 2397 2310 sanguine
2450 2244 2555 2289 re-

593 2308 922 2391 demptas,
987 2328 1189 2390 quam
1243 2314 1320 2373 ut
1375 2307 1629 2393 stylum
1683 2309 1868 2392 quasi
1923 2331 2043 2394 per
2094 2309 2312 2377 iocum
2364 2330 2555 2376 exer-

593 2407 798 2471 ceam,
821 2394 957 2468 ,ubi
1002 2394 1083 2460 de
1127 2415 1356 2460 eorum
1398 2393 1504 2460 vel
1540 2394 1768 2474 salute,
1812 2396 1928 2460 vel
1965 2396 2167 2461 exitio
2212 2403 2554 2464 tractatur.

595 2479 675 2546 Si
718 2500 954 2545 verum
1007 2487 1110 2546 est
1165 2478 1338 2564 quod
1393 2479 1474 2548 de
1517 2501 1593 2546 eo
1645 2481 2012 2564 praedicas,
2067 2481 2338 2556 tandem
2380 2482 2561 2548 inter

594 2587 716 2632 nos
780 2564 947 2631 bene
1012 2566 1386 2632 conveniet:
1455 2587 1611 2631 nam
1677 2566 1785 2644 ubi
1848 2576 2087 2652 regnat
2151 2571 2349 2634 timor
2406 2567 2555 2648 Dei,

593 2653 893 2717 omnium
935 2651 1458 2736 disputationum
1500 2660 1684 2732 recta
1726 2654 1853 2718 erit
1895 2654 2242 2721 conclusio.

749 2738 977 2822 ‚Porro
1035 2745 1247 2806 status
1306 2739 1706 2820 quaestionis
1761 2749 1893 2816 est,
1952 2762 2036 2805 an
2088 2741 2308 2806 missis
2351 2737 2557 2805 in'ter-

495 2851 510 2864 ·
593 2843 768 2902 esse,
838 2823 1243 2889 idololatriae
1273 2824 1390 2889 'sit
1458 2825 1792 2906 professio.
1878 2827 2024 2910 Ego
2081 2827 2369 2891 affirmo:
2443 2825 2557 2891 ille

472 2963 484 2974 .
593 2918 797 2995 negat
805 2931 823 2990 3
880 2909 995 2976 sed
1037 2930 1180 2975 rem
1224 2910 1382 2976 facit
1421 2908 1724 2976 mediam.
1812 2911 2043 2995 Neque
2065 2932 2260 2977 ·vero·
2287 2932 2410 2997 ego
2453 2933 2558 2977 so-

591 2995 698 3061 lus
727 3016 875 3061 sum
917 2996 990 3060 in
1026 2995 1153 3061 hac
1196 2997 1553 3062 sententia:
1596 2995 1714 3062 sed
1748 2996 2148 3081 aliiquoque
2192 3005 2347 3079 tres,
2393 3019 2556 3082 quos

592 3081 786 3148 aliter
841 3081 1089 3148 sentire
1144 3088 1334 3165 putat
1350 3134 1365 3161 ,
1423 3081 1591 3148 mihi
1655 3082 2092 3150 subscribunt.
2182 3084 2285 3151 Ne
2327 3092 2556 3151 tamen

591 3168 823 3233 videar
878 3167 1227 3234 hominum
1280 3170 1745 3236 autoritatibus
1811 3170 1982 3236 velle
2040 3192 2195 3236 eum
2247 3190 2550 3256 gravare,

589 3253 726 3319 illis
779 3254 1067 3332 omissis,
1131 3273 1522 3336 quaeramus
1588 3254 1669 3321 de
1725 3277 1797 3321 re
1861 3258 2022 3341 ipsa.
2113 3256 2311 3339 Quod
2363 3279 2434 3325 se
2489 3265 2558 3324 et

455 3410 467 3421 ,
591 3338 911 3423 quosdam
964 3359 1118 3405 suos
1171 3339 1527 3406 familiares
1551 3341 1914 3408 ·abstinere
1972 3365 2011 3407 a
2052 3343 2285 3411 multis
2341 3344 2554 3427 p‘ollu-

592 3425 886 3491 tionibus
930 3433 1227 3505 testatur,
1274 3425 1403 3490 huo
1438 3434 1707 3509 spectat,
1752 3435 1831 3492 ut
1863 3438 2192 3512 appareat,
2237 3451 2371 3496 non
2415 3452 2555 3496 om-

590 3511 705 3578 nia
748 3529 860 3574 eos
902 3509 1024 3575 sibi
1070 3511 1469 3593 permittere,
1515 3534 1732 3595 neque
1771 3534 1982 3597 usque
2015 3514 2175 3581 adeo
2208 3516 2332 3582 sibi
2366 3516 2553 3583 blan-'-

595 3595 753 3675 diri,
812 3603 890 3659 ut
943 3595 1116 3661 laxis
1168 3596 1446 3663 habenis
1502 3598 1585 3663 ad
1644 3601 1865 3664 omnia
1918 3602 2421 3697 inquinamenta
2480 3624 2552 3669 se

589 3683 1009 3767 prostituant.
1096 3682 1343 3773 Fateor
1385 3684 1612 3768 igitur
1634 3694 1702 3749 et
1740 3685 2026 3752 libenter
2069 3710 2354 3773 agnosco
2369 3740 2386 3769 ,
2441 3688 2555 3756 e'os

592 3777 780 3834 tanto
838 3768 1052 3834 levius
1092 3789 1383 3852 peecare.
1473 3768 1740 3841 Interea
1793 3771 2028 3852 miror,
2087 3777 2199 3856 qui
2240 3795 2555 3842 excusare

591 3853 852 3934 audeat,
885 3860 1048 3933 [pag.
1093 3859 1240 3935 126]
1286 3853 1461 3938 quod
1508 3854 1766 3940 vulgari
1801 3879 1993 3925 «more
2032 3861 2553 3946 propinquorum

592 3940 938 4023 exsequias
980 3941 1417 4022 frequentant,
1463 3942 1576 4007 ubi
1607 3944 2001 4009 'sacrificium
2045 3968 2163 4030 pro
2210 3947 2555 4030 expiandis

590 4034 1010 4092 mortuorum
1051 4028 1337 4109 peccatis
1389 4028 1683 4093 offertur.
1775 4029 1852 4095 si
1896 4030 2059 4097 haec
2099 4053 2236 4097 non
2280 4042 2379 4098 est
2412 4056 2553 4100 ma-

590 4113 834 4178 nifesta
904 4132 1146 4178 coenae
1210 4111 1575 4180 dominicae
1637 4116 2035 4197 profanatio,
2110 4119 2390 4185 concedo
2444 4141 2563 4203 me,

589 4217 864 4282 prorsus
917 4196 1087 4262 nihil
1143 4199 1570 4282 intelligere.‘
1619 4201 1721 4267 Eo
1790 4222 1991 4285 quum
2045 4206 2387 4284 accedunt,
2466 4228 2552 4272 an

590 4304 726 4353 non
780 4283 1063 4367 digitum
1117 4283 1334 4366 palam
1389 4285 1662 4365 tollunt,
1731 4288 1814 4353 ad
1870 4288 2339 4357 declarandum
2395 4313 2552 4359 con-

590 4390 860 4436 sensum
874 4368 907 4432 ⁸?
998 4369 1238 4453 Atqui,
1304 4371 1546 4436 timent
1609 4394 1694 4438 ne
1759 4374 2110 4441 inhumani
2176 4377 2549 4445 videantur.

589 4455 808 4521 Nimis
851 4453 1079 4537 iniqua
1122 4475 1399 4536 meroes,
1460 4459 1514 4522 si
1572 4458 2056 4527 humanitatem
2099 4464 2434 4549 impietate
2476 4465 2551 4530 in

589 4538 811 4607 De‘um
852 4548 990 4605 non
1034 4539 1236 4606 dubia
1289 4542 1635 4629 redimant.
1723 4546 1992 4630 Negant
2035 4569 2104 4613 se
2150 4570 2548 4633 accessuros,

589 4629 646 4692 si
691 4633 1005 4710 putarent
1060 4633 1325 4693 tantum
1369 4629 1635 4713 subesse
1690 4632 1868 4697 mali.
1959 4632 2095 4699 Sed
2139 4636 2337 4701 velim
2381 4639 2546 4703 mihi

497 4714 508 4723 ’
588 4712 1062 4796 respondeant,
1122 4723 1239 4779 aut
1282 4716 1520 4781 saltem
1561 4716 1669 4783 hic
1713 4718 1829 4801 qui
1871 4718 2546 4806 loquitur-patronus,

587 4800 890 4866 emnium
936 4800 1236 4865 nominet
1293 4822 1608 4884 quorsum
1658 4804 1811 4870 illae
1863 4808 2244 4891 exsequiae,
2310 4809 2547 4894 quibus

581 4886 946 4966 intersunt,
997 4886 1126 4953 nisi
1168 4885 1253 4952 ad
1304 4886 1638 4956 mortuum
1696 4912 1734 4957 e
1788 4894 2166 4977 purgatorio
2218 4893 2577 4963 redimen-·

587 4970 792 5037 dum?
884 4962 1114 5053 Quum
1166 4994 1329 5040 vero
1372 4975 1695 5042 accedunt
1735 4976 1892 5060 ipsi,
1948 5001 2036 5044 an
2077 5002 2213 5047 non
2255 5001 2546 5049 commu-¹

586 5057 784 5123 nibus
831 5058 1129 5124 omnium
1177 5060 1515 5146 suffragiis
1568 5083 1691 5133 sua
1746 5084 2001 5147 quoque
2055 5066 2426 5154 adiungere,
2474 5092 2546 5136 se

585 5143 779 5223 velle,
818 5144 1192 5210 testantur?
1249 5142 1586 5230 Reputent
1627 5149 1960 5233 paulisper
1992 5173 2270 5234 mecum,
2317 5155 2545 5239 quales

584 5229 720 5296 illic
775 5248 1006 5313 preces
1060 5232 1546 5316 concipiantur,
1615 5235 1841 5319 quales
1892 5237 2064 5303 ritus
2116 5250 2543 5324 usurpentur,

585 5314 801 5415 qualis
852 5315 940 5382 sit
995 5324 1133 5383 tota
1174 5318 1376 5397 aetio,
1428 5322 1873 5404 quo-consilio
1930 5324 2001 5389 in
2047 5324 2342 5393 medium
2385 5329 2545 5394 alio·

1917 1966 2072 2032 robe
2133 1987 2357 2033 coram
2411 1966 2555 2031 Deo
2650 2009 2659 2018 -

2618 3041 2633 3054 ·
2663 2996 2746 3063 ad
2797 2998 3215 3066 fascinandas
3277 3000 3626 3065 hominnm
3690 3007 3991 3066 mentes'

2661 933 3131 1009 animadvertit
3161 933 3345 998 Deus
3388 933 3475 997 in·
3504 932 3904 1011 Corinthios,
3944 932 4123 1016 quod
4163 935 4387 1001 minus
4429 955 4621 1001 reve-
4656 985 4663 994 .
4750 933 4783 960 '·

2660 1028 2886 1090 renter
2946 1027 3310 1088 tractarent
3342 1033 3349 1040 ·
3377 1039 3649 1084 sacram·
3698 1039 3974 1085 coenam
4036 1021 4104 1104 (l
4148 1020 4300 1086 Oor.
4349 1025 4446 1099 ll,
4486 1023 4619 1102 30),

2660 1112 2907 1189 quanto
2954 1105 3376 1190 'graviorem‘
3407 1125 3691 1189 poenam
3754 1113 4046 1171 meretur
4120 1114 4258 1171 tam
4322 1127 4629 1173 crassum.
4712 1163 4721 1172 .

2662 1193 2825 1258 eius.
2847 1191 3234 1270 ludibrium,
3290 1188 3450 1255 dum
3494 1189 3577 1256 ad
3616 1199 3914 1262 mortuos
3954 1192 4394 1258 transfertur?
4483 1193 4549 1258 N
4550 1214 4638 1258 e-.

2662 1279 2929 1374 gabu'nt·
2963 1295 3053 1344 se·
3090 1284 3339 1342 tantae*
3364 1277 3722 1360 impietatis
3778 1277 3899 1345 .v'el
3924 1287 4216 1344 .autores
4275 1285 4417 1345 esse
4430 1331 4446 1356 ,
4510 1279 4620 1345 vel

2662 1365 3181 1447 approbatores·
3235 1361 3445 1444 Quasi
3501 1382 3662 1428 vero
3715 1363 3865 1446 plus
3912 1364 4028 1442 sit,
4088 1363 4340 1431 duobus
4395 1365 4619 1451 digitis

2663 1449 3101 1528 subscribere,
3162 1453 3311 1532 [pag.
3357 1455 3504 1530 127]
3559 1470 3759 1533 quam
3813 1450 3898 1515 ad
3951 1469 4307 1528 consensus
4360 1452 4617 1536 signifi·

2663 1537 2987 1602 cationem
3041 1536 3306 1600 afferre'
3331 1543 3548 1623 totum
3602 1555 3881 1622 corpus.-
3926 1538 4045 1601 ‘At
4096 1537 4346 1603 faciunt
4396 1540 4612 1606 inviti.

2659 1615 2847 1688 Nihil
2880 1622 3005 1687 hoc
3040 1622 3125 1687 ad
3166 1642 3293 1686 me.
3376 1619 3640 1687 'Salt‘em
3682 1622 3752 1687 in
3795 1623 4171 1706 praesentia
4212 1623 4380 1692 nihil
4414 1625 4619 1691 refert

2660 1728 2789 1792 quo
2843 1709 3060 1774 animo
3115 1708 3384 1773 faciant:
3408 1747 3417 1756 -
3441 1714 3704 1773 tantum
3745 1710 3921 1775 enim
3970 1708 4095 1775 hoc
4126 1709 4433 1794 disputo,
4489 1705 4614 1776 im-

2658 1787 2971 1877 pie'tatem
2990 1807 2999 1816 ·
3017 1795 3125 1861 hic
3167 1795 3513 1873 committi,
3558 1813 3598 1858 a
3640 1795 3771 1878 qua
3802 1794 4030 1861 fideles
4066 1798 4332 1879 penitus
4376 1794 4615 1864 abhor-

2658 1899 2807 1945 rere
2853 1879 3151 1954 debeant.
3322 1945 3333 1954 ,
3374 1889 3405 1956 ,“
3846 1953 3855 1962 ,
4070 1951 4085 1966 ,

2832 1967 2943 2032 De
2977 1968 3199 2060 missa.
3226 1965 3385 2048 qnid
3430 1968 3699 2047 sentiat,
3746 1965 3970 2033 video:
4016 1988 4159 2033 rem
4204 1970 4455 2036 scilieet
4494 1990 4617 2053 per
4644 2019 4659 2037 .

2659 2072 2732 2117 se
2786 2052 3130 2119 honestam
3184 2074 3260 2119 ac
3313 2060 3611 2119 sanctam
3668 2073 3842 2129 esse,
3894 2054 4149 2120 vitiosis
4204 2049 4425 2121 tamen
4472 2058 4616 2140 qui-

2648 2137 2939 2208 busdam
2996 2139 3475 2214 accessionibus
3528 2147 3934 2222 corruptam.
4021 2141 4088 2205 N
4089 2162 4126 2206 e
4180 2142 4427 2208 frustra
4478 2141 4615 2208 liti-
4738 2140 4744 2146 “

2659 2244 2919 2309 gemus:
2978 2226 3179 2291 velim
3237 2224 3405 2289 mihi
3446 2226 3725 2291 missam
3763 2225 4046 2291 definiat.
4138 2228 4285 2312 Ego
4327 2228 4613 2312 quidem,

2660 2332 2866 2394 quum
2923 2310 3005 2376 de
3068 2311 3273 2378 missa
3325 2311 3580 2394 loquor,
3650 2313 3972 2378 actionem
4043 2313 4228 2378 illam
4293 2315 4613 2399 intelligo,
4664 2379 4675 2386 .

2660 2397 2943 2549 aas
2980 2397 3505 2567 &rumesta
3534 2397 4456 2570 ww...
4494 2401 4617 2571 ξξ

2660 2567 2809 2634 Deo
2852 2568 3182 2648 adoratur;
3227 2568 3341 2634 ubi
3384 2590 3559 2635 unus
3601 2578 3897 2654 seorsum
3940 2579 4130 2638 vorat
4174 2572 4346 2655 quod
4389 2595 4616 2639 conse-

2661 2655 2901 2734 cravit,
2958 2655 3072 2722 ubi
3129 2655 3511 2721 solennibus
3565 2656 3786 2723 verbis
3839 2658 4213 2740 concipitur
4247 2660 4453 2725 oratio
4470 2712 4485 2740 ,
4539 2671 4617 2726 ut

2660 2740 2882 2805 valeat
2933 2742 3327 2808 sacrificium
3379 2739 3559 2806 illud·
3599 2741 3942 2826 expiandis
3970 2743 4290 2824 rvivorum
4332 2754 4403 2810 et
4438 2743 4615 2811 moi·-

2638 2833 2925 2892 -tuorum
2969 2829 3272 2916 peccatis.
3308 2851 3319 2864 ·
3361 2828 3472 2893 Ex
3525 2827 3661 2907 his,
3717 2829 4012 2911 itiq‘uam,
4067 2831 4476 2897 aestimanda
4515 2839 4619 2899 est
4698 2849 4711 2860 ·

2661 2913 2905 2993 missa,‘
2945 2935 3081 2978 non
3140 2930 3360 2980 autem
3413 2931 3505 2978 ex·
3547 2915 3713 2980 fucis
3765 2913 3900 2980 illis
3915 2966 3931 2993 ,
3987 2916 4236 3083 (1113),ηὲ
4278 2918 4455 3000 picta
4493 2927 4616 2997 est,

4120 3024 4191 3067 ιιι
4240 3067 4247 3076 ,
4291 3023 4496 3084 emm,
4556 3026 4619 3070 si

2662 3084 2913 3153 colores
2955 3087 3214 3167 furatus
3254 3087 3343 3152 sit
3382 3083 3593 3153 Satan
3636 3107 3676 3151 a
3720 3084 3987 3170 Ohristo
4030 3097 4098 3154 et
4140 3091 4451 3175 apostolis
4467 3141 4485 3171 ,
4530 3092 4627 3161 ad.

2658 3172 3007 3256 tegendam
3074 3174 3653 3252 abominationem,
3729 3174 3915 3240 cu'ius
3976 3174 4120 3258 ipse
4184 3177 4360 3242 solus
4424 3184 4623 3244 autor

2659 3264 2805 3325 erat
2846 3266 2916 3326 et
2948 3258 3388 3326 architectus?
3455 3256 3673 3325 Ornet
3711 3258 3916 3343 igitur
3949 3281 4146 3344 quam
4189 3263 4371 3329 volet
4414 3263 4621 3330 hono-

2657 3347 2858 3412 rificis
2902 3346 3132 3430 elogiis
3174 3345 3285 3411 hio
3326 3345 3539 3411 bonus
3580 3346 3689 3410 vir
3739 3366 3928 3411 suam
3968 3348 4275 3435 missam,
4330 3371 4471 3433 ‚non
4514 3358 4622 3416 ta-

2657 3453 2812 3498 men
2858 3434 2954 3497 ita
2995 3431 3218 3497 oeulos
3261 3431 3428 3496 mihi
3471 3432 3902 3519 perstringet„
3946 3440 4024 3498 ut
4067 3442 4418 3517 praetextu
4461 3457 4620 3503 eon-

2656 3527 2882 3585 tentus
2925 3538 3163 3601 eorpus
3206 3518 3422 3601 ipsum
3471 3517 3575 3589 vel
3619 3518 4073 3599 substantiam,
4119 3527 4198 3585 ut
4236 3519 4619 3605 loquuntur,

2657 3605 2907 3671 intueri
2948 3602 3260 3669 desinam.
3329 3609 3477 3683 [pag.
3520 3609 3668 3683 128]
3709 3604 3937 3686 Porro,
3984 3614 4062 3670 ut
4102 3606 4201 3672 illi
4244 3609 4620 3687 concedam,

2659 3690 2906 3757 multas
2944 3689 3098 3756 illic
3148 3710 3293 3757 esse
3348 3690 3785 3789 corruptelas,
3840 3712 4009 3775 quae
4064 3713 4103 3756 a
4159 3691 4347 3760 bonis
4400 3694 4618 3763 initiis

2658 3784 2840 3843 ortae
2891 3777 3053 3849 sint:
3123 3788 3467 3860 nunquam
3529 3775 3600 3840 id
3654 3797 3696 3841 a
3755 3797 3863 3843 me
3918 3775 4262 3859 obtinebit,
4342 3782 4624 3869 missam

2658 3885 2802 3930 esse
2834 3883 3119 3929 coenam
3136 3888 3145 3897 ·
3164 3862 3461 3941 Domini,·
3502 3863 3803 3928 vitiatam
3849 3866 4180 3931 extraneis
4220 3867 4621 3949 quibusdam

2628 3949 3213 4033 ·inquinamentis:·
3260 3955 3527 4032 -pugnat
3591 3949 3768 4013 enim
3834 3948 4044 4021 modis
4108 3952 4413 4018 omnibus
4462 3975 4621 4020 cum

2658 4056 2869 4117 coena,
2884 4035 3183 4101 Domini:
3220 4044 3295 4099 ut
3332 4033 3498 4109 nihil
3530 4037 3744 4119 magis
3776 4038 4181 4105 contrarium
4214 4039 4377 4125 fingi
4399 4051 4618 4122 queat.

2655 4123 2833 4187 Nam
2875 4121 2934 4187 si
2986 4120 3145 4187 inde
3186 4120 3421 4186 melior
3450 4120 3593 4186 'aut
3619 4120 3871 4187 'saltem
3927 4123 4330 4190 tolerabilior
4350 4125 4467 4190 illi
4512 4128 4617 4193 vi-

2657 4207 2864 4287 detur,
2912 4208 3067 4289 quia
3100 4207 3344 4272 abusus
3377 4213 3481 4273 est
3511 4226 3753 4287 coenae
3772 4206 4177 4276 dominicae:
4222 4213 4623 4294 respondeat

2654 4294 2849 4372 mihi,
2905 4292 3082 4358 unde
3125 4290 3346 4381 omnia
3388 4292 3687 4378 gentium
3730 4314 3947 4378 sacra,
4005 4292 4206 4377 etiam
4250 4298 4627 4384 Aegyptio-

2654 4401 2835 4459 rum,
2882 4378 3118 4462 quibus
3163 4379 3335 4444 nihil
3376 4387 3479 4445 est
3519 4377 3865 4446 absurdius
3909 4388 4026 4447 aut
4068 4382 4339 4465 foedius,
4384 4405 4616 4450 mana-

2655 4465 2809 4531 rint.
2876 4468 3013 4531 ‘An
3064 4487 3199 4530 non
3255 4486 3339 4530 ex
3382 4465 3695 4549 legitimis
3740 4467 4106 4549 sacrificiis,
4169 4491 4337 4552 quae
4380 4492 4421 4535 a
4465 4468 4618 4536 Deo

2653 4552 2799 4636 ipso
2872 4553 3072 4635 primi
3138 4551 3597 4635 patriarchae·
3636 4554 4067 4636 acceperant?
4144 4548 4333 4639 'Nani
4404 4578 4613 4639 quum

2652 4638 2841 4704 initio
2874 4638 3118 4737 purum
3149 4639 3350 4703 unius
3372 4638 3502 4703 Dei
3536 4638 3791 4705 cultum
3823 4638 4149 4715 haberent
4178 4640 4300 4706 filii
4319 4641 4529 4721 Noah,
4558 4644 4633 4727 ¹)'

2612 4733 2933 4809 ,posteris
2987 4724 3187 4790 etiam
3229 4720 3417 4806 quasi
3467 4745 3587 4808 per
3640 4746 3879 4792 manus
3922 4725 4367 4793 tradiderunt:
4422 4726 4618 4795 brevi

2653 4820 2877 4876 autem
2919 4811 3164 4877 factum
3211 4817 3331 4890 est,
3374 4817 3453 4875 ut
3496 4810 3568 4875 hi
3601 4810 4077 4897 degenerarent
4114 4834 4155 4878 a
4187 4815 4433 4881 sanetis
4458 4836 4617 4913 ‘ma-

2650 4897 2865 4962 iorum
2941 4896 3281 4961 institutis.
3358 4899 3465 4962 ·At
3538 4897 3770 4989 maiori
3849 4892 4335 4965 abominatione
4408 4899 4637 4985 digna„

2648 4984 2922 5048 fuerunt
2973 5001 3177 5073 sacra-
3202 4982 3580 5066 gentilium,
3636 4982 3817 5084 quod
3860 4982 3985 5050 diis
4029 4978 4262 5053 alienis
4307 4988 4616 5052 nomina-

2792 5228 2852 5338 s)
2907 5272 3135 5327 Praeter
3184 5272 3489 5341 principem
3541 5256 3723 5328 omines
3784 5232 4039 5330 mendose·
4080 5277 4358 5333 munt.-
4402 5277 4613 5349 Noath,

2652 5342 2800 5412 quod
2835 5340 3356 5397 Amstelodamensis
3389 5341 3600 5399 demum
3635 5343 3945 5408 mesdavit
3977 5346 4040 5398 in
4075 5344 4280 5402 Noaeh.
