4999 6179
659 451 745 555 13
1973 443 2098 510 LE
2143 442 2749 513 OATEGHISME
2791 445 2921 513 DE
2967 445 3371 513 GENEVE.
4589 447 4668 511 44

1506 630 1770 685 a’mm.

830 707 936 772 La
975 700 1415 769 resurrection
1457 699 1538 765 de
1580 700 1647 765 la
1688 699 1887 779 chair,
1930 708 1998 766 et
2037 700 2103 766 la
2136 701 2245 769 vie
2286 703 2620 769 eternelle.

1459 823 1526 858 m
1558 819 1826 858 mm:

829 877 1183 961 Pourquoy
1227 882 1367 941 cest
1408 872 1634 939 article
1678 871 1858 937 est-il
1901 871 2070 939 mis?

1502 977 1768 1030 n’zmmer.

830 1049 1013 1115 Pour
1055 1065 1222 1111 nous
1264 1052 1593 1111 monstrer
1634 1065 1761 1127 que
1805 1051 2028 1109 nostre
2071 1045 2314 1112 felicite
2355 1067 2438 1111 88
2483 1047 2616 1131 gist

656 1157 778 1222 pas
799 1157 885 1201 en
925 1134 995 1200 18
1039 1139 1238 1198 terre:
1286 1150 1359 1197 ce
1404 1132 1515 1216 qui
1558 1138 1694 1196 sert
1739 1138 1780 1195 8
1824 1128 2061 1196 double
2083 1132 2197 1197 fin.
2244 1130 2613 1197 Premiere-

656 1229 846 1289 ment
907 1221 1043 1286 afin
1097 1239 1223 1302 que
1278 1237 1443 1282 nous
1499 1217 1890 1301 apprenions
1945 1214 2026 1280 de
2083 1236 2310 1300 passer
2362 1239 2483 1301 par
2539 1240 2613 1285 ce

655 1308 899 1374 monde
915 1358 932 1387 ,
976 1325 1229 1372 comme
1273 1324 1397 1388 par
1439 1326 1529 1368 un
1571 1302 1713 1387 pais
1757 1310 2087 1387 estrange,
2134 1311 2202 1368 et
2223 1305 2275 1388 ¹)
2320 1312 2612 1371 contem-

655 1401 820 1461 nant
860 1398 1078 1459 toutes
1121 1390 1353 1457 choses
1396 1389 1786 1468 terriennes,
1833 1399 1899 1454 81
1941 1392 2056 1473 n'y
2098 1396 2384 1456 mettant
2423 1391 2615 1476 point

654 1488 880 1547 nostre
948 1495 1183 1546 cueur:
1250 1476 1404 1560 puis
1468 1475 1647 1541 aussi
1713 1496 1839 1558 que
1910 1476 2209 1542 combien
2263 1497 2390 1560 que
2447 1497 2614 1543 nous

650 1571 761 1634 n’a
804 1564 1189 1650 percevions
1230 1582 1351 1647 pas
1386 1581 1621 1628 encore
1665 1561 1729 1625 le
1765 1561 1968 1626 fruict
2010 1560 2092 1626 de
2136 1561 2202 1626 18
2245 1584 2440 1647 grace
2484 1584 2613 1647 que

650 1653 716 1720 le
759 1588 1096 1737 Ι8111ςι1881·
1136 1670 1305 1715 8888
1348 1668 1390 1713 a
1427 1648 1586 1714 faict
1627 1669 1712 1713 en
1751 1646 1940 1713 Iesus
1984 1647 2231 1728 Christ,
2278 1669 2404 1733 que
2446 1671 2613 1715 nous

650 1761 743 1805 ne
784 1737 1090 1825 perdions
1134 1756 1253 1820 pas
1294 1755 1574 1819 courage
1615 1742 1947 1817 pourtant,
1988 1735 2157 1799 mais
2189 1735 2613 1801 l’attendions

652 1848 739 1893 en
780 1825 1096 1909 patience,
1137 1823 1406 1905 iusques
1449 1840 1535 1886 au
1576 1828 1794 1903 temps
1837 1819 1918 1886 de
1959 1820 2027 1886 la
2057 1820 2436 1888 revelation.

1450 1942 1518 1977 m
1551 1941 1809 1977 m.

824 1996 1180 2063 Oomment
1218 2014 1289 2058 88
1330 1992 1470 2058 fera
1509 1999 1687 2058 ceste
1730 1991 2210 2057 resurrection?

1497 2164 1765 2218 L’nurm.

827 2242 1017 2308 Oeux
1071 2236 1185 2321 qui
1228 2240 1452 2302 seront
1507 2241 1719 2298 mortz
1778 2254 1866 2297 au
1920 2240 2280 2316 paravant,
2336 2254 2610 2316 repren-

653 2331 853 2397 dront
900 2327 1083 2391 leurs
1139 2342 1357 2405 corps,
1413 2319 1830 2386 neantmoins
1874 2318 2127 2384 d’autre
2173 2318 2445 2403 qualite:
2506 2341 2611 2385 as-

653 2416 874 2485 savoir
887 2466 902 2492 ,
962 2411 1075 2495 qui
1118 2430 1203 2475 ne
1258 2413 1486 2473 seront
1540 2405 1690 2488 plus
1736 2402 2024 2470 subiectz
2085 2411 2127 2470 a
2167 2404 2499 2471 mortalite
2544 2412 2612 2471 et

653 2499 1053 2584 corruption,
1091 2492 1387 2561 combien
1421 2513 1547 2576 que
1582 2512 1656 2557 ce
1693 2511 1841 2555 sera
1855 2489 1923 2555 la
1955 2510 2206 2557 mesme
2239 2491 2608 2558 substance.

650 2590 747 2655 Et
776 2607 944 2654 ceux
979 2583 1093 2667 qui
1126 2580 1508 2648 survivront
1548 2596 1801 2656 encore,
1837 2576 2013 2643 Dieu
2053 2577 2151 2643 les
2184 2577 2614 2644 ressuscitera

651 2672 1299 2743 miraculousement,
1343 2686 1465 2748 par
1509 2684 1583 2729 ce
1627 2662 2069 2746 changement
2111 2662 2315 2744 subit,
2362 2663 2523 2729 dont
2565 2663 2614 2729 il

653 2782 697 2826 a
735 2766 875 2825 este
915 2753 1099 2841 parle
1142 2754 1204 2839 (1
1253 2752 1403 2818 Cor.
1455 2755 1553 2829 15,
1602 2749 1731 2831 52).

1460 2872 1527 2907 ΒΕ
1564 2870 1823 2907 merul-2.

826 2930 921 2994 Et
960 2932 1136 2994 ceste
1170 2923 1612 2990 resurrection
1646 2943 1731 2987 ne
1769 2921 2074 2987 sora-elle
2108 2942 2228 3005 pas
2264 2942 2614 2988 commune

653 3025 801 3084 tant
844 3036 975 3082 aux
1016 3010 1318 3078 mauvais
1361 3029 1616 3074 comme
1660 3030 1791 3074 aux
1836 3006 2044 3073 bons?

1438 3142 1452 3155 ·
1507 3111 1774 3166 dmm.

827 3187 983 3273 Ouy
1026 3185 1206 3251 bien:
1252 3183 1422 3247 mais
1458 3202 1532 3248 ce
1567 3201 1716 3246 sera
1758 3180 1913 3246 bien
1957 3202 2040 3246 en
2085 3179 2344 3248 diverse
2388 3181 2613 3247 condi-

654 3278 797 3342 tion
836 3275 1031 3360 (Iean
1062 3275 1118 3350 5,
1165 3272 1283 3347 29;
1323 3267 1568 3335 Matth.
1617 3271 1720 3346 25,
1765 3265 1897 3350 46).
1990 3265 2124 3332 Gar
2164 3266 2261 3332 les
2304 3289 2433 3332 uns
2474 3290 2615 3332 res-

654 3362 1053 3430 susciteront
1092 3364 1135 3422 8
1176 3356 1354 3422 salut
1397 3361 1466 3420 et
1497 3355 1673 3438 ioye:
1719 3353 1816 3419 les
1861 3361 2084 3419 autres
2131 3361 2173 3419 a
2215 3352 2615 3419 condamna-

653 3450 794 3516 tion
837 3454 907 3512 et
948 3450 1139 3509 mort.

1458 3562 1525 3596 m
1557 3561 1817 3597 mm

826 3618 1188 3700 Pourquoy
1244 3611 1413 3677 donc
1455 3611 1636 3677 est-il
1690 3610 2059 3676 seulement
2109 3609 2292 3692 parle
2349 3615 2467 3690 [fol.
2508 3625 2542 3675 2
2557 3616 2617 3691 1]

656 3707 740 3773 de
774 3704 842 3770 la
886 3703 989 3769 vie
1033 3699 1365 3777 eternelle,
1411 3703 1480 3762 et
1519 3719 1654 3763 non
1687 3696 1874 3781 point
1915 3695 2091 3761 aussi
2128 3695 2285 3761 bien'
2317 3696 2615 3762 d‘enfer?

829 3876 1086 3942 Pource
1131 3870 1290 3955 qu'il
1325 3874 1438 3955 n’y
1475 3817 1975 3934 angerimcouche
2020 3887 2106 3932 en
2139 3886 2213 3932 ce
2248 3869 2616 3947 sommaire,

658 3964 771 4049 qui
814 3958 1318 4046 n’appartienne
1369 3961 1797 4040 proprement
1835 3961 1878 4021 8
1932 3952 1999 4018 la
2053 3952 2456 4019 consolation
2503 3952 2617 4020 des

658 4049 1079 4117 conscienoes
1145 4042 1403 4110 fideles:
1473 4040 1525 4106 il
1594 4062 1761 4107 nous
1829 4041 2028 4106 reoite
2098 4040 2465 4105 seulement
2521 4039 2618 4107 les

657 4137 846 4203 biens
899 4153 1027 4217 que
1068 4130 1247 4197 Dieu
1290 4129 1411 4195 fait
1472 4134 1515 4193 8
1556 4148 1662 4194 888
1704 4127 2085 4193 serviteurs.
2174 4126 2268 4191 Et
2309 4127 2511 4205 ainsi,
2568 4126 2617 4191 il

658 4227 805 4372 n’yl
831 4218 1135 4368 estdfaict
1190 4215 1371 4368 nBuRe
1428 4214 1724 4280 mention
1783 4211 1897 4280 des
1949 4213 2237 4296 iniques,
2298 4213 2412 4296 qui
2466 4219 2620 4279 sont

657 4330 781 4375 exc
807 4329 888 4371 uz
978 4325 1016 4369 e
1058 4325 1176 4369 son
1326 4322 1585 4386 yaume.

1434 4423 1502 4457 m:
1535 4403 1847 4468 1181181883)

831 4476 998 4544 Ρ1118
1041 4494 1168 4559 que
1223 4495 1388 4538 nous
1446 4494 1653 4538 avons
1696 4472 1759 4537 le
1810 4471 2191 4537 fondement
2244 4490 2362 4535 sur
2401 4470 2621 4555 lequel

657 4565 726 4633 la
766 4564 919 4649 Foy
964 4569 1068 4628 est
1108 4567 1426 4645 appuyee,
1471 4579 1641 4624 nous
1674 4579 1997 4643 pourrons
2040 4558 2194 4624 bien
2229 4557 2311 4623 de
2352 4557 2421 4622 la
2461 4578 2620 4624 oon-

660 4653 895 4729 clurre,
932 4669 1060 4733 que
1104 4651 1263 4713 c’est
1305 4666 1430 4728 que
1473 4644 1539 4709 la
1580 4665 1787 4730 vraye
1830 4644 1997 4728 Foy.

830 4821 1056 4886 Voire.
1146 4816 1468 4885 Assavoir
1508 4765 1822 4882 ngffie
1886 4822 1953 4881 et
2016 4816 2221 4882 ferme
2276 4815 2621 4900 congnois-

660 4927 860 4976 sance
914 4905 998 4971 de
1055 4906 1123 4971 la
1165 4902 1476 4970 dilection
1537 4901 1618 4967 de
1664 4901 1844 4968 Dieu
1901 4921 2139 4969 envers
2193 4924 2380 4982 nous,
2434 4902 2621 4969 selon

661 5016 787 5079 que
840 5014 961 5077 par
1024 5013 1145 5058 son
1196 4988 1525 5075 Evangile
1585 4988 1633 5053 il
1692 5009 1764 5054 se
1821 4986 2101 5055 declaire
2169 4998 2340 5056 estre
2396 4995 2620 5054 nostre

660 5082 833 5146 Pere
879 5085 948 5142 et
987 5074 1309 5155 Sauveur,
1354 5096 1478 5158 par
1519 5075 1583 5141 le
1625 5095 1865 5161 moyen
1911 5074 1992 5142 de
2029 5075 2220 5141 Iesus
2264 5075 2509 5141 Christ.

974 5246 1035 5315 1)
1072 5255 1128 5304 et
1160 5263 1395 5316 maraque
1433 5245 1570 5300 1548
1606 5247 1746 5301 suiv.

661 5315 804 5376 O'est
835 5320 889 5373 la
918 5316 1033 5454 sog)
1084 5318 1138 5372 ui
1171 5332 1311 5372 nous
1343 5315 1558 5370 instilis.

2894 703 3111 770 Credo
3132 704 3676 769 resurrectionem
3709 705 3947 786 carnis,
3983 711 4051 771 et
4085 706 4294 770 vitam
4326 712 4674 771 aeternam.
4783 696 4800 709 ⁶

2894 874 3229 957 Quorsum
3256 875 3382 940 hoc
3416 826 3899 960 capufflffiei
3921 878 4328 943 confessione
4362 874 4670 981 ponitur?

3622 997 3775 1034 m.

2891 1046 2985 1113 Ut
3007 1046 3512 1126 admoneamur,
3538 1068 3670 1112 non
3696 1069 3841 1115 esse
3864 1048 4065 1115 sitam
4090 1046 4159 1113 in
4191 1055 4369 1114 terra
4387 1054 4672 1113 nostram

2717 1131 3112 1199 felicitatem.
3215 1131 3422 1199 Ouius
3504 1135 3889 1218 cognitionis
3957 1133 4200 1217 duplex
4273 1142 4375 1200 est
4426 1133 4671 1200 utilitas

2719 1240 2794 1285 ac
2839 1240 3013 1285 usus.
3089 1218 3256 1285 Inde
3291 1220 3580 1302 primum
3625 1220 3951 1299 docemur,
3997 1221 4092 1285 ita
4133 1218 4313 1286 hunc
4354 1218 4671 1285 mundum

2718 1305 2908 1372 nobis
2962 1305 3385 1371 incolendum
3446 1327 3590 1371 esse
3609 1357 3625 1385 ,
3682 1316 3996 1390 tanquam
4050 1306 4422 1389 inquilinis,
4477 1311 4555 1370 ut
4595 1304 4673 1370 de

2717 1391 3112 1476 migratione
3179 1390 3438 1457 assidue
3519 1392 3910 1477 cogitemus,
3996 1413 4119 1459 888
4186 1390 4385 1458 corda
4449 1398 4673 1457 nostra

2717 1478 3010 1544 8188111118
3064 1476 3154 1541 im
3202 1477 3390 1543 licari
3445 1479 3950 1562 cogitationibus
4003 1478 4302 1545 terrenis.
4391 1476 4668 1555 Deinde,

2718 1571 3048 1647 utcunque
3082 1498 3299 1629 adbuc
3332 1583 3455 1630 nos
3499 1563 3718 1643 lateat,
3764 1572 3832 1629 et
3873 1563 3953 1630 ab
3994 1564 4201 1630 oculis
4242 1565 4485 1630 nostris
4527 1563 4670 1630 abs-

2717 1650 3018 1716 conditus
3051 1651 3141 1714 sit
3172 1649 3424 1716 fructus
3459 1651 3710 1733 gratiae
3747 1650 3818 1716 in
3851 1649 4119 1716 Christo
4155 1649 4342 1715 nobis
4378 1649 4666 1727 collatae,

2716 1757 2801 1801 ne
2856 1743 3207 1819 propterea
3262 1735 3785 1820 despondeamus
3839 1737 4117 1802 animos:
4176 1736 4294 1802 sed
4345 1737 4668 1819 patienter

2716 1823 3161 1887 sustineamus
3202 1842 3411 1905 usque
3456 1821 3540 1887 ad
3582 1820 3757 1888 diem
3799 1822 4236 1889 revelationis.

3564 1943 3825 1980 mm

2891 1999 3011 2074 [fol.
3051 2000 3161 2074 27]
3233 1992 3422 2074 Quae
3492 2015 3688 2078 porro
3744 1995 3941 2059 huius
3995 1993 4495 2060 resurrectionis
4545 1992 4670 2058 erit

2718 2081 2919 2151 series
2934 2080 2966 2144 ⁴?

3617 2183 3771 2220 rm

2889 2232 3028 2315 Qui
3074 2243 3229 2300 ante
3270 2234 3520 2298 mortui
3561 2234 3822 2313 fuerint,
3869 2233 4193 2316 recipient
4229 2255 4351 2299 sua
4383 2252 4670 2316 corpora,

2717 2318 2948 2386 eadem
3002 2320 3253 2387 scilicet
3304 2339 3469 2402 quae
3524 2326 3897 2404 gestarunt:
3970 2318 4086 2384 sed
4147 2318 4446 2402 praedita
4500 2338 4675 2385 nova

2714 2405 3030 2490 qualitate
3045 2458 3062 2485 ,
3118 2405 3243 2472 hoc
3287 2414 3389 2471 est
3402 2456 3418 2484 ,
3473 2427 3606 2471 non
3646 2404 3929 2489 amplius
3986 2405 4272 2471 obnoxia
4312 2406 4511 2470 morti
4553 2423 4673 2470 neo

2714 2492 3136 2575 corruptioni.
3227 2490 3364 2572 Qui
3406 2500 3627 2557 autem
3670 2500 3830 2557 tunc
3870 2499 4070 2557 erunt
4113 2490 4516 2575 superstites,
4565 2511 4673 2557 eos

2716 2578 2933 2645 subita
2973 2579 3335 2644 mutatione
3379 2578 3564 2643 Deus
3607 2576 4001 2643 mirabiliter
4036 2575 4366 2643 excitabit.

3571 2869 3831 2905 m'l'lss.

2890 2920 3029 2989 Sed
3093 2920 3309 2987 eritne
3361 2920 3623 3003 piorum
3687 2919 3884 2985 simul
3940 2927 4009 2986 et
4075 2921 4430 3004 impiorum
4497 2939 4672 2986 com-

2720 3006 2983 3074 munis?
3853 3013 3868 3035 ¹
4121 3046 4124 3055 .
4681 3036 4694 3045 ,

3621 3127 3774 3165 PUB-

2890 3179 3044 3246 Una
3096 3178 3391 3244 omnium
3435 3179 3564 3243 erit
3605 3177 4029 3244 resurrectio:
4089 3178 4205 3244 sed
4247 3178 4531 3245 conditio
4578 3177 4673 3243 di-

2719 3288 2930 3335 versa.
3022 3265 3157 3330 Alii
3212 3265 3389 3330 enim
3445 3265 3517 3330 in
3572 3265 3854 3330 salutem
3899 3265 3985 3330 'ac
4041 3262 4516 3330 beatitudinem
4570 3285 4672 3330 re-

2720 3359 3022 3437 surgent:
3069 3350 3182 3415 alii
3225 3352 3297 3415 in
3339 3360 3621 3416 mortem
3665 3359 3732 3416 et
3770 3357 4134 3416 extremam
4180 3351 4535 3417 miseriam.

3571 3557 3833 3592 tument.
4129 3562 4133 3566 ·

2894 3610 3033 3676 Our
3077 3629 3234 3693 ergo
3275 3608 3415 3674 sola
3457 3608 3565 3673 hic
3602 3608 3740 3673 vita
3782 3615 4053 3673 aeterna
4107 3613 4675 3686 commemoratur,

2723 3697 3084 3762 inferorum
3118 3694 3302 3760 nulla
3344 3693 3632 3760 mentio?

3627 3816 3778 3852 FUER-

2897 3867 3228 3950 Quoniam
3271 3866 3442 3931 nihil
3484 3866 3611 3946 hic,
3658 3868 3787 3931 nisi
3823 3865 3996 3951 quod
4041 3865 4125 3932 ad
4168 3864 4680 3931 consolationem

2723 3956 2986 4039 piarum
3044 3954 3369 4018 mentium
3410 3952 3608 4018 faciat
3623 4005 3638 4031 ,
3693 3953 4006 4019 habetur:
4066 3951 4213 4017 ideo
4256 3958 4681 4018 recensentur

2723 4039 3179 4107 tantummodo
3243 4040 3566 4122 praemia,
3635 4060 3802 4122 quas
3870 4040 4080 4105 servis
4146 4037 4284 4103 suis
4351 4038 4680 4103 Dominus

2722 4127 3162 4212 praeparavit.
3253 4125 3483 4208 Itaque
3529 4147 3663 4190 non
3700 4124 3992 4204 additur,
4052 4144 4218 4206 quae
4261 4143 4403 4190 sors
4442 4124 4681 4207 impios

2723 4220 3004 4292 maneat,
3052 4233 3214 4296 quos
3259 4211 3502 4277 scimus
3547 4233 3588 4277 a
3628 4232 3835 4295 regno
3873 4211 3999 4275 Dei
4037 4209 4285 4300 alienos
4327 4230 4488 4276 esse.

2897 4471 3006 4536 Ex
3050 4490 3179 4553 quo
3222 4416 4087 4546 fundmonffimf‘enemm,
4131 4467 4239 4534 cui
4276 4467 4480 4533 inniti
4518 4465 4683 4533 fides

2726 4556 2941 4636 debet,
2983 4555 3137 4622 inde
3180 4556 3415 4623 elicere
3438 4574 3634 4623 verae
3655 4553 3811 4620 fidei
3831 4553 4277 4619 definitionem
4301 4562 4683 4640 promptum

2725 4645 2869 4710 erit.

3625 4763 3775 4800 PUER-

2897 4816 3005 4882 Ita
3025 4821 3144 4880 est.
3204 4811 3316 4880 Sic
3341 4819 3560 4878 autem
3585 4812 3860 4879 definire
3893 4813 4067 4893 licet,
4113 4824 4191 4878 ut
4222 4811 4518 4880 dicamus
4538 4832 4682 4879 cer-

2725 4911 2864 4968 tam
2906 4922 3048 4968 esse
3091 4921 3168 4968 88
3202 4899 3503 4966 stabilem
3529 4900 3968 4985 cognitionem
4010 4903 4329 4984 paternae
4370 4920 4532 4984 erga
4564 4919 4684 4965 nos

2723 4989 2854 5055 Dei
2895 4985 3422 5066 benevolentiae,
3467 4988 3635 5052 sicut
3677 5008 3795 5070 per
3834 4986 4252 5070 evangelium
4295 4997 4547 5070 patrem
4607 5003 4682 5070 se

2724 5074 2928 5154 nobis,
2957 5072 3213 5139 Christi
3231 5072 3563 5152 beneficiO,
3599 5094 3674 5139 ac
3708 5072 4101 5139 salvatorem
4118 5074 4176 5156 ⁸)
4209 5073 4347 5137 fore
4381 5079 4679 5138 testatur.

2023 5245 2086 5314 2)
2124 5246 2203 5301 Le
2240 5245 2323 5300 18.
2356 5246 2652 5302 dimanche.
2689 5272 2760 5284 -—
2793 5244 2907 5312 Qus
2945 5244 3077 5300 c'est
3112 5260 3216 5314 que
3251 5260 3413 5314 vraye
3450 5244 3581 5314 Foy.
3623 5275 3688 5285 -
3723 5245 3805 5300 Le
3843 5244 3897 5300 S.
3933 5244 4121 5313 Esprit
4155 5259 4291 5300 118118
4326 5244 4580 5299 illumine-
4609 5269 4681 5281 —

1112 5392 1430 5452 ervatorem,
1471 5385 1590 5441 Cat.
1626 5385 1775 5440 1550.
1814 5383 1953 5440 1563
1988 5391 2038 5439 et
2072 5384 2193 5439 edd.
2240 5383 2594 5439 Tractatum
2628 5398 2825 5438 onnes.
