4999 6179
1407 1440 2310 1526 CONTINENTUR
2368 1443 2624 1527 HOC
2678 1445 3365 1531 VOLUMINE

1571 1577 1879 1643 (Asterisco
1913 1585 2167 1634 notamus
2203 1593 2344 1648 quae
2380 1579 2526 1649 apud
2563 1578 2764 1636 Bezam
2802 1582 3208 1650 desiderantur)

364 1749 856 1836 Prolegomena
896 1750 967 1816 in
1007 1750 1292 1815 Tomum
1333 1748 1699 1815 secundum
1787 1799 3725 1823 ...................

506 1864 597 1930 X.
686 1863 791 1929 Le
832 1862 1252 1930 Oatechisme
1298 1860 1379 1926 de
1422 1859 1696 1945 l’Eglise
1739 1858 1822 1927 de
1858 1860 2152 1941 Geneve,
2197 1866 2360 1929 c'est
2398 1870 2440 1929 a
2484 1864 2627 1930 dire
2668 1865 2732 1930 le
2773 1865 3188 1931 Formulaire
3222 1865 3600 1934 d'instruire
3634 1867 3732 1936 les

866 1973 1098 2040 enfans
1141 1994 1227 2038 en
1268 1973 1337 2037 la
1379 1971 1804 2038 Chrestiente
1847 1972 2099 2055 (1542).
2146 2011 2232 2022 --
2272 1975 2738 2043 Oateohismus
2780 1977 3089 2043 ecclesiae
3134 1978 3568 2059 Genevensis‚
3613 1979 3739 2047 hoo

865 2093 969 2150 est
1008 2084 1295 2150 formula
1336 2082 1682 2150 erudiendi
1724 2104 1965 2167 pueros
2008 2086 2079 2150 in
2122 2085 2423 2153 doctrina
2466 2086 2720 2153 Christi
2767 2086 2995 2171 (1545)
3086 2137 3739 2157 .......
3870 2142 3901 2172 ,,

469 2195 598 2267 XI.
692 2199 798 2265 La
839 2197 1084 2263 Forme
1142 2194 1258 2262 des
1311 2197 1563 2278 priores
1617 2204 1685 2260 et
1725 2195 1966 2262 ohantz
2010 2196 2533 2281 ecclesiastiques
2577 2218 2737 2265 avec
2794 2198 2863 2263 la
2904 2198 3197 2265 maniere
3239 2196 3728 2268 d’administrer

862 2309 960 2375 les
1014 2306 1413 2375 Sacremens
1427 2358 1444 2385 ,
1503 2315 1573 2372 et
1638 2328 1985 2375 consacrer
2040 2307 2102 2372 le
2168 2310 2490 2394 mariage,
2537 2308 2722 2375 selon
2780 2310 2847 2375 la
2911 2318 3252 2378 coustume
3308 2310 3389 2378 de
3451 2311 3722 2398 l’Eglise

862 2420 1184 2488 ancienne
1229 2414 1464 2504 (1542)
1581 2468 3735 2491 .....................
3870 2475 3901 2504 ,,

3872 2587 3904 2616 ,,
4042 2547 4400 2602 211—224.

559 2540 596 2574 ⁴¹*
682 2532 984 2601 Psalmes
1042 2579 3735 2602 ..........................

430 2644 594 2712 XII.
684 2644 1001 2712 Defensio
1044 2662 1244 2713 sanae
1297 2650 1366 2708 et
1418 2640 1820 2708 orthodoxae
1875 2640 2215 2714 doctrinae
2256 2643 2338 2709 de
2393 2643 2715 2711 servitute
2761 2652 2827 2710 et
2869 2643 3256 2711 liberatione
3299 2646 3576 2713 humani
3618 2667 3726 2714 ar·

860 2754 1046 2822 bitrii
1090 2752 1410 2820 adversus
1454 2753 1818 2820 calumnias
1861 2752 2122 2819 Alberti
2165 2753 2390 2841 Pighii
2433 2754 2826 2840 Campensis
2870 2756 3027 2839 (154
3040 2757 3111 2841 3)
3178 2806 3730 2827 ......
3869 2808 3900 2838 ,,

382 2867 580 2936 XIII.
670 2865 1252 2936 Advertissement
1293 2864 1593 2930 tresutile
1648 2862 1737 2929 du
1791 2864 2006 2950 grand
2058 2867 2282 2949 proffit
2325 2867 2435 2950 qui
2494 2866 2902 2934 reviendroit
2957 2875 2999 2934 a
3050 2868 3117 2934 la
3159 2866 3583 2935 Chrestiente
3626 2867 3734 2936 s’il

859 2999 932 3046 se
972 2978 1191 3045 faisoit
1244 2977 1620 3044 inventoire
1665 2976 1746 3042 de
1788 2984 1938 3043 tous
1990 2977 2086 3044 les
2130 2997 2320 3061 corps
2374 2980 2624 3046 sainotz
2668 2986 2735 3045 et
2776 2979 3059 3063 reliques
3103 2981 3215 3063 qui
3258 2986 3409 3046 sont
3449 2987 3600 3047 tant
3642 3002 3729 3048 en

859 3089 1059 3158 Italie
1101 3088 1294 3175 qu’en
1335 3087 1601 3156 Franco
1614 3139 1631 3170 ‚
1685 3089 2132 3176 Allemaigne,
2178 3088 2592 3176 Hespaigne,
2650 3097 2719 3158 et
2760 3100 2986 3158 autres
3025 3089 3408 3177 Royaumes
3452 3099 3521 3160 et
3559 3112 3726 3179 pays

860 3203 1097 3290 (1543)
1142 3250 3731 3272 .........................
3866 3255 3898 3285 „

397 3315 592 3386 XIV.
681 3314 987 3400 Supplex
1030 3311 1403 3382 exhortatio
1448 3310 1534 3378 ad
1575 3310 1933 3384 Gaesarem
1974 3311 2289 3379 Oarolum
2332 3311 2663 3395 Quintum
2715 3320 2784 3379 et
2824 3313 3167 3396 Principes
3223 3313 3510 3398 aliosque
3552 3313 3728 3381 ordi-

862 3447 985 3497 nes
1028 3424 1269 3510 Spirae
1311 3445 1494 3491 nunc
1548 3423 1808 3508 imperii
1853 3431 2253 3492 conventum
2296 3430 2596 3510 agentes,
2653 3431 2730 3490 ut
2771 3424 3217 3492 restituendae
3259 3425 3571 3492 eeclesiae
3613 3445 3729 3493 cu-

860 3559 1007 3606 ram
1050 3537 1223 3604 serio
1269 3535 1484 3604 velint
1525 3536 1856 3621 suscipere
1900 3536 2136 3621 (1543)
2211 3585 3726 3604 ...............
3866 3588 3898 3618 „

434 3651 590 3720 XV.
679 3650 860 3718 Petit
901 3651 1136 3717 traicte
1189 3653 1566 3716 monstrant
1616 3670 1744 3732 que
1784 3670 1821 3715 o
1822 3653 1944 3716 'est
1985 3669 2112 3732 que
2156 3646 2294 3714 doit
2333 3649 2497 3715 faire
2548 3670 2644 3714 un
2697 3649 2963 3715 homme
3018 3647 3213 3715 fidele
3269 3648 3733 3733 oongnoissant

860 3761 929 3827 la
970 3763 1183 3831 verite
1229 3761 1311 3828 de
1353 3760 1741 3845 l‘Evangile
1770 3760 1995 3845 quand
2037 3760 2088 3827 il
2129 3767 2233 3827 est
2274 3765 2462 3827 entre
2505 3761 2604 3827 les
2648 3761 2935 3844 papistes
2977 3759 3136 3844 (154
3146 3760 3216 3844 3)
3293 3805 3731 3827 .....
3869 3811 3900 3840 ,,

400 3874 594 3944 XVI.
683 3875 948 3942 Excuse
991 3883 1034 3942 a
1077 3874 1438 3946 Messieurs
1492 3872 1590 3938 les
1631 3871 2078 3939 Nicodemites
2133 3892 2249 3938 sur
2306 3871 2373 3936 la
2415 3872 2847 3956 complaincte
2888 3869 3087 3955 qu’ilz
3141 3871 3287 3937 font
3326 3869 3407 3937 de
3463 3891 3539 3938 sa
3579 3869 3727 3954 trop

864 3985 1078 4072 grand
1118 3986 1395 4072 rigueur
1438 3983 1673 4069 (1544)
1761 4029 3593 4050 ..................
3639 4019 3645 4024 ·
3684 4029 3701 4048 .
3842 4033 3873 4063 ,,

362 4097 597 4165 XVII.
686 4096 1102 4184 Appendices
1144 4098 1230 4164 ad
1271 4096 1527 4165 libellos
1570 4095 1653 4162 de
1695 4093 1988 4161 vitandis
2031 4094 2606 4180 superstitionibus
2643 4139 3725 4163 ...........
3864 4145 3895 4176 ,,

3814 1783 3937 1839 pag.
3983 1770 4402 1829 lx-xmv.

4087 2108 4119 2159 L
4148 2130 4235 2142 —-
4262 2105 4399 2163 1⁶0.

4043 2437 4402 2494 161—210.

4037 2771 4395 2826 225—404.

4036 3210 4396 3270 406-452.

4038 3546 4397 3604 458—584.

4036 3768 4395 3826 537—588.

4039 3990 4288 4048 fiee-6
4301 3991 4396 4046 14.

4033 4101 4399 4160 617-·644.
