4999 6179
423 459 547 520 509

420 644 584 744 alias
648 665 880 713 causas
945 647 1418 733 imaginamur,
1498 673 1617 717 081
1682 653 1780 717 118
1844 674 1966 719 808
2036 654 2222 718 Deus
2286 653 2382 718 af-

417 731 626 816 fligat.
693 732 971 812 Verum,
1018 735 1075 799 si
1119 737 1482 819 cogitamus
1528 759 1728 821 quam
1771 738 1918 805 leve
1961 739 2159 804 fuerit
2201 760 2381 804 erra-

419 824 565 882 tum
599 817 767 883 illud
802 840 932 902 quo
967 821 1369 887 vitiaverant
1416 844 1670 890 sacram
1707 845 1975 890 coenam
2012 824 2376 890 Corinthii:

418 912 661 987 praeut
715 912 872 969 sunt
921 914 1024 974 tot
1077 907 1614 990 inquinamenta,
1670 911 1906 995 quibus
1958 908 2154 976 hodie
2209 911 2383 976 inter

417 1010 541 1054 nos
575 989 838 1056 foedata
877 992 1259 1078 pollutaque
1302 1005 1418 1076 est,
1463 997 1725 1076 mirum,
1770 997 1903 1061 nisi
1943 996 2379 1081 agnoscimus,

417 1074 672 1155 Deum,
727 1079 840 1160 qui
895 1090 1030 1143 tam
1088 1100 1315 1146 severe
1372 1084 1446 1147 in
1495 1082 1645 1149 illos
1697 1082 2092 1160 vindicavit,
2146 1083 2381 1149 merito

418 1161 611 1227 nobis
653 1184 797 1228 esse
839 1167 1052 1248 magis
1094 1166 1359 1233 iratum.

592 1248 964 1333 Regiminis
1020 1252 1438 1318 ecclesiastici
1492 1254 1865 1337 corruptela
1930 1275 2123 1338 quam
2192 1255 2381 1337 flagi-

417 1335 590 1400 tiosa
632 1335 847 1414 fuerit,
895 1337 950 1402 si
990 1338 1192 1403 velim
1231 1341 1553 1423 persequi,
1598 1340 1927 1406 infinitam
1974 1341 2233 1426 sylvam
2277 1340 2383 1404 in—

419 1418 700 1505 grediar.
789 1422 895 1488 De
937 1426 1075 1489 vita
1118 1426 1562 1504 sacerdotum,
1619 1439 1887 1510 propter
1929 1426 2174 1492 multas
2228 1449 2382 1493 cau-

420 1527 558 1585 888,
616 1507 725 1572 1110
782 1507 996 1575 dicere
1052 1511 1463 1594 supersedeo.
1551 1513 1739 1579 Haec
1796 1514 1927 1579 tria
1980 1514 2143 1580 vitia
2186 1534 2384 1596 quam

418 1613 552 1658 non
595 1593 870 1659 ferenda
916 1597 1077 1676 sint,
1124 1598 1498 1681 expendere
1542 1621 1662 1682 pro
1702 1621 1773 1665 se
1817 1601 2095 1684 quisque
2137 1606 2382 1684 potest:

425 1679 621 1761 quod,
659 1679 914 1745 sublato
947 1682 1162 1748 iustae
1195 1686 1555 1750 vocationis
1591 1685 1840 1766 ordine,
1884 1686 2132 1770 passim
2170 1706 2385 1751 sacer-

421 1763 602 1830 dotia
643 1774 761 1831 aut
796 1786 918 1850 per
958 1768 1128 1848 vim,
1170 1778 1287 1835 aut
1330 1772 1696 1850 simoniam,
1744 1778 1859 1838 aut
1899 1793 2022 1856 per
2062 1771 2386 1853 fraudem,

422 1859 542 1916 aut
581 1873 702 1937 per
755 1852 920 1919 alias
945 1854 995 1939 ¹)
1049 1855 1383 1940 improbas
1428 1865 1497 1923 01
1549 1858 1901 1925 8001018188
1960 1866 2138 1923 81108
2196 1878 2385 1924 0008-

418 1946 700 2021 pantur:
745 1937 919 2022 quod
963 1941 1077 2024 qui
1121 1949 1452 2026 praesunt,
1499 1943 1731 2009 inanes
1774 1944 1992 2029 potius
2038 1951 2195 2009 sunt
2237 1964 2384 2009 um-

423 2023 613 2104 brae,
670 2034 994 2108 quantum
1044 2026 1128 2092 ad
1172 2049 1416 2094 munus
1459 2052 1651 2095 suum
1697 2029 2187 2114 exsequendum
2232 2052 2383 2113 per-

420 2110 618 2189 tinet,
687 2112 797 2178 vel
855 2119 1121 2178 mortua
1177 2115 1557 2195 simulacra,
1611 2138 1809 2200 quam
1870 2117 2013 2182 veri
2064 2117 2381 2182 ministri:

420 2195 693 2262 tandem
738 2198 929 2281 quod,
974 2220 1178 2282 quum
1222 2200 1425 2267 verbo
1460 2203 1589 2267 Dei
1634 2204 2003 2288 gubernare
2047 2203 2383 2270 conscien-

420 2283 547 2348 tias
602 2281 909 2364 debeant,
969 2285 1220 2351 iniusta
1276 2308 1389 2353 eas
1444 2289 1798 2374 tyrannide
1849 2289 2263 2373 opprimunt,
2316 2297 2385 2354 ct

419 2368 650 2434 multis
703 2370 1058 2454 impiarum
1100 2372 1327 2457 legum
1371 2375 1653 2441 vinculis
1714 2381 1862 2457 [pag.
1902 2380 2013 2456 97]
2069 2377 2383 2442 constric-

422 2464 526 2521 tas
569 2463 817 2522 tenent.
908 2458 1132 2538 Itane,
1176 2466 1255 2524 ut
1296 2480 1433 2526 non
1471 2461 1664 2527 modo
1708 2463 1946 2545 spretis
1980 2461 2111 2527 Dei
2155 2468 2224 2527 et
2264 2462 2384 2527 ho-

422 2542 677 2608 minum
710 2543 986 2628 legibus,
1032 2544 1147 2610 sed
1187 2547 1479 2629 proiecta
1521 2549 1702 2614 omni
1736 2547 2149 2626 verecundia,
2195 2547 2387 2612 foeda

424 2630 717 2695 confusio
788 2632 862 2695 in
941 2631 1402 2714 promovendis
1466 2635 1785 2719 episcopis
1850 2642 1920 2699 et
1982 2634 2384 2719 presbyteris

422 2723 674 2799 regnet,
717 2715 917 2783 libido
959 2739 1080 2802 pro
1115 2718 1259 2784 iure
1303 2719 1539 2801 valeat,
1585 2742 1735 2786 raro
1771 2720 1941 2785 absit
1975 2721 2268 2798 simonia,
2317 2728 2385 2785 et

423 2807 741 2885 tanquam
779 2802 955 2869 levia
999 2814 1223 2871 essent
1265 2805 1429 2871 haec
1469 2807 1672 2886 mala,
1732 2807 2047 2874 correctio
2091 2807 2162 2871 in
2206 2806 2382 2871 futu-

421 2907 573 2951 rum
629 2889 964 2954 saeculum
1015 2890 1399 2957 differatur?
1488 2893 1634 2960 Iam
1653 2946 1669 2973 ,
1725 2892 1841 2959 ubi
1886 2894 2056 2959 iacet
2109 2891 2385 2959 docendi

423 2991 613 3053 cura,
670 2996 838 3058 quae
880 2983 1089 3041 restat
1131 2979 1416 3062 amplius
1459 2980 1813 3046 ministerii
1857 2978 2149 3063 species?
2238 2979 2386 3044 Iam

354 3117 358 3121 ,
417 3080 540 3144 pro
570 3061 899 3149 spirituali
941 3066 1491 3132 conscientiarum
1521 3066 1843 3146 libertate,
1891 3064 2191 3132 videmus
2227 3074 2389 3149 quot

420 3147 784 3213 certamina
824 3149 1077 3216 Paulus
1121 3153 1511 3234 susceperit,
1554 3161 1927 3235 quantaque
1966 3153 2387 3219 contentione

422 3254 504 3298 ea
547 3235 854 3317 exagitet.
926 3236 1039 3316 At,
1085 3238 1201 3320 qui
1245 3237 1620 3304 adhibuerit
1661 3240 1728 3304 in
1774 3238 2121 3304 iudicando
2166 3241 2386 3322 aequi-

419 3325 661 3398 tatem,
718 3321 1047 3406 intelliget
1099 3325 1392 3406 profecto
1434 3326 1543 3390 lon
1594 3348 1630 3390 0
1684 3347 1863 3393 11880
1918 3326 2223 3390 188110108
2267 3347 2386 3390 nos

419 3405 670 3471 habere
727 3408 1164 3473 contendendi
1220 3431 1469 3477 causas.
1549 3347 1646 3477 {n
1709 3420 1897 3477 tanta
1958 3433 2113 3495 ergo
2179 3411 2384 3476 totius

418 3493 572 3576 piae
617 3492 954 3560 doctrinae
993 3494 1490 3579 depravatione,
1550 3499 1622 3563 in
1677 3506 1815 3563 tam
1871 3498 2120 3565 nefaria
2171 3496 2383 3581 pollu-

419 3579 604 3644 tione
658 3590 1256 3664 saeramentorum,
1325 3585 1397 3649 in
1466 3593 1605 3649 tam
1672 3585 2005 3668 deplorata
2074 3584 2383 3650 ecclcsiae

418 3665 824 3746 calamitate,
900 3668 1015 3751 qui
1086 3690 1209 3734 nos
1273 3678 1412 3735 tam
1487 3671 1916 3737 vehementer
1989 3670 2384 3735 commoveri

419 3753 789 3834 oportuisse
832 3761 1113 3838 negant,
1168 3756 1250 3822 iis
1305 3779 1436 3822 non
1483 3756 1678 3822 aliter
1735 3758 2067 3840 potuimus
2126 3756 2383 3822 satisfa-

421 3858 602 3916 cere,
649 3838 779 3904 nisi
821 3850 898 3905 ut
940 3841 1069 3906 Dei
1113 3841 1396 3922 cultum,
1442 3842 1698 3909 Christi
1739 3844 2048 3928 gloriam,
2103 3842 2382 3909 salutem
2435 3880 2440 3927 ;

419 3923 766 3989 hominum
783 3977 799 4005 ,
861 3933 1065 3992 totam
1111 3950 1449 3995 sacrorum
1495 3937 1563 3994 et
1605 3929 1916 3997 eeclesiae
1961 3927 2383 3995 administra-

418 4009 667 4075 tionem
743 4011 997 4095 perfida
1065 4015 1385 4098 patientia
1459 4014 1903 4099 proderemus.
1998 4014 2384 4099 Speciosum

419 4102 526 4161 est
557 4096 1021 4165 moderationis
1054 4123 1313 4183 nomen,
1349 4102 1631 4187 pulchra
1666 4111 1735 4167 et
1765 4100 2114 4168 laudabilis
2147 4102 2383 4181 virtus,

418 4185 804 4252 tolerantia:
871 4186 986 4254 sed
1030 4189 1315 4255 tenenda
1372 4195 1473 4256 est
1518 4188 1773 4273 regula:
1816 4210 2027 4273 usque
2073 4188 2157 4253 ad
2203 4209 2381 4254 aras:

417 4273 549 4339 hoc
614 4282 742 4355 est,
805 4299 890 4343 ne
955 4297 1216 4342 sacrum
1271 4277 1400 4342 Dei
1456 4296 1699 4341 nomen
1763 4275 2100 4360 proscindi
2163 4275 2254 4339 im
2305 4274 2385 4339 iis

416 4358 877 4444 blasphemiis,
934 4371 1269 4429 aeternam
1316 4365 1460 4430 cius
1501 4363 1852 4430 veritatem
1896 4362 2202 4427 suffocari
2290 4361 2387 4426 ia-

419 4447 559 4512 boli
622 4449 1009 4527 mendaciis,
1077 4448 1423 4515 Christum
1474 4449 1780 4533 conspui,
1845 4448 2177 4531 inquinari
2244 4448 2386 4511 eius

419 4538 759 4621 mysteria,
806 4535 1162 4602 crudeliter
1195 4537 1473 4601 interfici
1519 4536 1794 4601 miseras
1838 4534 2120 4614 animas,
2179 4533 2384 4617 eccle-

417 4625 592 4690 siam
625 4623 960 4689 lethaliter
1003 4623 1366 4688 sauciatam
1410 4642 1559 4687 cum
1600 4620 1836 4686 ultimo
1880 4621 2080 4686 exitio
2124 4619 2381 4696 luctari,

414 4710 756 4795 patienter
802 4710 1108 4775 feramus.
1189 4708 1343 4775 Non
1399 4709 1576 4773 enim
1630 4707 1795 4774 11800
1852 4722 2025 4773 08801
2078 4725 2382 4771 11188880-

415 4795 604 4874 tude,
650 4795 767 4861 sed
810 4816 1040 4861 earum
1085 4815 1310 4860 rerum
1354 4795 1623 4871 incuria,
1669 4791 1905 4877 quibus
1945 4792 2165 4858 omnia
2206 4801 2385 4875 post-

415 4882 660 4950 haberi
702 4889 973 4965 oportet.

599 4968 976 5048 Hactenus,
1032 4965 1206 5051 quod
1260 4984 1754 5050 proposueram,
1811 4966 1971 5030 satis
2024 4961 2386 5029 ostendisse

420 5062 578 5137 [pag.
617 5057 726 5133 98]
776 5076 883 5120 me
942 5053 1223 5119 confido:
1291 5073 1413 5118 nos
1468 5051 1543 5115 in
1608 5048 2011 5135 corrigendis
2076 5049 2387 5116 eeclesiae

569 5347 632 5414 1)
674 5346 769 5402 Sic
809 5349 974 5402 etiam
1016 5346 1209 5403 Gallus
1242 5352 1293 5401 et
1333 5343 1616 5400 &astasius
1667 5345 1766 5414 qui

423 5434 535 5490 per
571 5418 867 5473 simoniam.
939 5416 1092 5472 Bene
1108 5418 1499 5471 &recentiores
1520 5415 1846 5468 omiserunt.-
1882 5420 1977 5466 aut
1999 5427 2101 5481 per
2128 5410 2390 5466 fraudem.

1781 458 2506 528 REFORMANDAE
2547 461 3093 530 EOOLESIAE.

4324 472 4451 532 510

2486 653 2667 720 vitiis
2718 675 3130 738 nequaquam
3189 654 3393 721 fuisse
3458 653 3985 720 vehementiores
4001 706 4018 734 ,
4082 674 4279 738 quam
4344 678 4451 723 res

2486 740 2634 823 ipsa
2675 740 3034 824 flagitabat.
3123 742 3355 824 Neque
3398 740 3468 805 id
3510 746 3771 805 nostros
3806 740 4315 823 reprehensores
4349 742 4452 809 fu-

2487 827 2603 909 git.
2694 825 2929 908 ltaque
2986 826 3069 892 ad
3128 827 3404 892 alteram
3458 826 3987 892 criminationem
4044 827 4448 912 confugiunt.

2487 911 2675 976 Nihil
2718 911 2897 977 aliud
2938 932 3062 978 nos
3105 910 3571 990 tumultuando
3614 913 3997 996 profecisse,
4055 914 4184 978 nisi
4228 921 4307 977 ut
4348 915 4451 979 in-

2488 997 2747 1063 testinis
2792 996 3133 1065 discordiis
3169 1000 3455 1065 ferveret
3490 998 3666 1064 orbis
3701 998 4118 1078 christianus,
4165 999 4281 1082 qui
4322 1000 4451 1065 sal-

2485 1091 2621 1148 tem
2677 1089 2830 1148 ante
2887 1093 3157 1166 pacatus
3203 1094 3360 1151 erat.
3450 1081 3640 1149 Adeo
3695 1085 3874 1150 enim
3927 1083 4097 1149 nihil
4142 1085 4451 1150 emenda—

2485 1169 2686 1234 tionis
2728 1189 3059 1254 apparere,
3105 1178 3182 1235 ut
3223 1171 3527 1255 prolapsa
3569 1171 3641 1234 in
3686 1169 3973 1236 deterius
4019 1171 4155 1234 sint
4198 1172 4450 1236 omnia:

2487 1276 2572 1319 ex
2613 1255 2712 1334 iis,
2752 1257 2863 1338 qui
2907 1255 3273 1322 doctrinam
3314 1262 3613 1321 nostram
3658 1263 3813 1321 sunt
3856 1256 4162 1340 amplexi,
4210 1272 4452 1340 paucos

2487 1339 2642 1406 inde
2694 1341 2901 1407 factos
2957 1363 3099 1409 esse
3154 1342 3487 1407 meliores:
3555 1342 3714 1424 quin
3771 1343 3972 1406 etiam
4037 1342 4448 1424 quibusdam,

2490 1428 2548 1491 si
2591 1448 2723 1491 non
2768 1427 3064 1507 maioris,
3123 1437 3191 1492 at
3247 1427 3682 1494 dissolutioris
3737 1428 4067 1511 nequitiae
4112 1427 4452 1494 audaciam

2488 1514 2887 1597 praebuisse.
2979 1512 3318 1580 Obiiciunt
3395 1523 3765 1597 praeterea:
3844 1512 4096 1578 nullam
4172 1535 4314 1579 esse
4380 1514 4451 1579 in

2490 1599 2781 1665 ecclesiis
2824 1600 3073 1665 nostris
3117 1599 3528 1683 disciplinam
3548 1652 3563 1679 ,
3619 1599 3836 1665 nullas
3879 1598 4317 1665 abstinentiae
4359 1600 4452 1666 le-

2490 1706 2627 1768 ges,
2674 1684 2856 1749 nulla
2902 1684 3300 1766 humilitatis
3345 1685 3684 1750 exercitia:
3731 1683 4007 1769 plebem,
4055 1706 4224 1769 quae
4269 1685 4451 1751 nullo

2486 1772 2639 1855 iugo
2676 1773 3058 1850 retineatur,
3092 1771 3360 1837 lieentia
3392 1773 3664 1855 impunc
3697 1772 4019 1837 lascivire.
4088 1772 4450 1853 Postrem0,

2487 1856 2806 1923 invidiam
2862 1857 3051 1923 nobis
3107 1856 3188 1923 (10
3230 1857 3552 1923 bonorum
3605 1857 4191 1923 ecclesiastieorum
4235 1857 4453 1942 direp-

2489 1944 2667 2008 tione
2719 1944 2990 2009 faciunt.
3080 1944 3425 2026 Principes
3484 1945 3661 2009 enim
3716 1950 3982 2009 nostros
4034 1944 4105 2007 in
4151 1965 4260 2023 ea,
4318 1964 4452 2008 non

2488 2050 2679 2095 secus
2714 2037 2909 2112 atque
2940 2031 3012 2093 in
3045 2029 3349 2095 hostilem
3387 2029 3721 2112 praedam,
3765 2028 4126 2094 involasse:
4170 2028 4269 2094 ita
4303 2049 4451 2112 spo-

2486 2115 2736 2194 liatam,
2782 2115 3059 2199 indigna
3089 2116 3421 2194 violentia,
3460 2115 3803 2181 ecclesiam
3837 2115 4068 2180 fuisse:
4108 2114 4450 2198 hodieque,

2488 2201 2762 2268 confuso
2813 2199 3193 2266 discrimine
3248 2201 3571 2285 possideri
3625 2200 3706 2266 ab
3761 2202 3845 2266 iis
3889 2200 4200 2266 ccclesiae
4247 2202 4453 2283 patri-

2487 2288 2815 2366 monium,
2886 2287 3001 2370 qui
3055 2288 3125 2352 in
3180 2284 3396 2352 medio
3456 2287 3955 2352 contentionum
4019 2287 4302 2368 strepitu
4355 2307 4450 2367 ea,

2489 2373 2633 2439 sine
2675 2374 2837 2450 iure,
2883 2373 3025 2438 sine
3066 2372 3344 2439 honesto
3387 2372 3525 2437 ullo
3569 2372 3783 2446 titulo,
3827 2372 4307 2454 occupaverint.

2662 2458 2992 2542 Equidem
3036 2481 3169 2524 non
3213 2473 3414 2544 neg‘o,
3470 2480 3676 2542 quum
3723 2455 3966 2540 absque
4007 2460 4453 2524 controversia

2489 2555 2803 2628 regnaret
2845 2544 3184 2628 impietas,
3246 2545 3581 2610 turbatum
3637 2544 3778 2610 eius
3823 2565 4102 2628 regnum
4156 2565 4274 2627 per
4329 2566 4452 2609 nos

2489 2631 2707 2697 fuisse.
2800 2629 2991 2711 Quod
3039 2633 3094 2696 si
3129 2652 3327 2696 sanae
3367 2632 3647 2714 piaeque
3685 2629 4036 2708 doctrinae,
4083 2631 4307 2694 statim
4350 2639 4450 2695 at-

2489 2737 2616 2801 que
2660 2716 2911 2782 mundo
2951 2716 3207 2795 illuxit,
3263 2725 3493 2801 sponte
3534 2737 3763 2781 omnes
3816 2716 4263 2800 promptisque
4308 2717 4450 2781 881-

2487 2803 2645 2882 11118,
2703 2803 2899 2869 810811
2942 2824 3063 2886 par
3105 2811 3271 2882 erat,
3329 2823 3604 2869 manum
3647 2801 4008 2880 dedissent,
4052 2822 4190 2867 non
4230 2802 4452 2870 minus

2488 2888 2684 2955 hodie
2726 2889 3090 2973 tranquilla
3130 2911 3262 2973 pax
3308 2897 3374 2955 et
3416 2891 3603 2973 quies
3647 2895 3821 2954 esset
3861 2888 4036 2953 inter
4077 2909 4304 2953 omnes
4347 2909 4452 2954 ee-

2491 2975 2751 3054 clesias,
2807 2977 3086 3041 florente
3131 2975 3394 3062 ,Christi
3449 2995 3684 3060 regno,
3740 2993 3939 3058 quam
3999 2979 4188 3050 tune,
4247 2975 4451 3039 Anti-

2491 3061 2736 3128 christo
2808 3061 3236 3147 tyrannidem
3306 3066 3455 3143 [pag.
3507 3065 3616 3142 99]
3683 3058 4034 3125 obtinente.
4123 3059 4454 3126 Desinant

2491 3169 2679 3232 erge,
2736 3168 2901 3230 quos
2945 3149 3241 3214 veritatis
3288 3168 3554 3214 cursum
3597 3146 3916 3230 impedire
3962 3153 4244 3224 constat,
4299 3167 4450 3211 eum

2491 3233 2759 3300 Christo
2814 3234 3060 3299 bellum
3116 3254 3375 3320 gerere,
3437 3242 3503 3299 et
3560 3233 3787 3297 statim
3843 3232 4092 3314 optima
4138 3232 4264 3296 erit
4296 3253 4449 3297 eon-

2488 3320 2742 3386 cordia:
2788 3330 2906 3386 aut
2949 3319 3446 3398 dissensionum,
3494 3339 3657 3403 quas
3701 3319 3958 3403 agitant
3997 3317 4143 3400 ipsi,
4189 3317 4452 3402 culpam

2487 3407 2560 3470 in
2606 3428 2725 3471 nos
2768 3407 3037 3473 reiicere
3082 3405 3403 3472 desinant.
3477 3405 3653 3471 Nam
3677 3404 3873 3485 ‚istud
3917 3416 4091 3469 certe
4134 3424 4450 3486 perquam

2487 3493 2787 3577 iniquum
2832 3502 2962 3570 est,
3027 3513 3234 3576 quum
3280 3513 3414 3556 non
3462 3492 3663 3557 aliam
3707 3512 3747 3555 a
3791 3512 3860 3555 se
3904 3489 4086 3573 pacis
4128 3489 4448 3554 conditio-

2487 3600 2643 3643 nem
2685 3580 3028 3663 impetrari
3071 3580 3459 3658 sustineant,
3505 3578 3636 3644 nisi
3677 3586 3752 3643 ut
3792 3575 4143 3661 profligata
4182 3575 4461 3657 pietatis,

2489 3665 2804 3744 doctrina,
2852 3664 3121 3730 Christo
3163 3665 3350 3731 velut
3383 3665 3457 3729 in
3501 3664 3880 3748 sepulerum
3925 3661 4278 3739 recondite,
4322 3661 4450 3727 ite-

2489 3774 2639 3816 rum
2695 3752 3035 3818 ecclesiam
3093 3749 3356 3836 subigat
3415 3750 3903 3828 Antichristus,
3972 3768 4105 3813 non
4181 3747 4449 3830 gloriari

2489 3838 2703 3904 solum
2751 3848 3064 3921 tanquam
3106 3836 3440 3916 innoxios,
3487 3834 3603 3902 sed
3647 3836 3837 3901 nobis
3882 3833 4084 3898 etiam
4124 3834 4302 3897 ultro
4346 3833 4449 3898 in-

2489 3924 2769 3989 sultare:
2807 3945 2946 4003 nos,
2985 3924 3097 4006 qui
3133 3923 3301 3988 nihil
3331 3922 3509 3987 aliud
3546 3923 3849 4005 cupimus
3884 3940 4082 4002 quam
4104 3919 4447 4003 unitatem,

2489 4011 2676 4077 cuius
2720 4009 2915 4075 modo
2949 4008 3287 4074 vinculum
3325 4008 3413 4073 sit
3457 4014 3726 4072 aeterna
3759 4007 3884 4071 Dei
3922 4006 4188 4083 veritas,
4236 4015 4449 4069 totum

2488 4095 2739 4164 crimen
2784 4103 2852 4160 et
2892 4094 3116 4159 odium
3159 4094 3513 4159 sustinere:
3558 4090 3829 4176 perinde
3871 4113 3946 4157 ae
3989 4092 4047 4157 si
4082 4091 4448 4157 contentio-

2488 4205 2652 4249 num
2706 4202 2999 4248 essemus
3056 4188 3333 4246 autores.
3426 4178 3622 4262 Quod
3683 4177 3945 4244 nullum
4007 4178 4299 4242 fructum
4364 4198 4447 4242 ex

2489 4269 2787 4336 doctrina
2840 4274 3069 4333 nostra
3110 4275 3589 4349 consequutum
3633 4285 3778 4331 esse
3823 4264 4256 4349 exprobrant:
4316 4263 4449 4329 seio

2488 4355 2793 4440 equidem
2843 4376 2964 4419 nos
3016 4353 3309 4437 profanis
3363 4349 3740 4416 hominibus
3806 4349 3885 4415 ob
3940 4351 4116 4416 hanc
4170 4348 4448 4415 eandem

2488 4461 2757 4508 causam
2802 4439 3051 4506 derisui
3094 4460 3262 4518 esse,
3308 4436 3481 4523 quod
3519 4435 3916 4503 insanabiles
3960 4437 4224 4502 morbos
4268 4455 4445 4500 eom-

2487 4527 2843 4604 movendO,
2887 4526 3057 4591 nihil
3095 4545 3289 4609 quam
3335 4525 3803 4589 exulceremus.
3896 4521 4013 4588 Sic
4057 4523 4233 4587 enim
4273 4520 4446 4586 exis-

2486 4616 2757 4680 timant:
2812 4621 2953 4678 tam
2994 4611 3255 4697 perdito
3300 4610 3608 4677 ecclesiae
3652 4617 3857 4690 statu,
3911 4609 4159 4674 frustra
4201 4607 4449 4672 tentari

2489 4699 2809 4778 remedia,
2880 4720 3083 4782 quum
3152 4696 3353 4761 nulla·
3390 4698 3478 4760 sit
3544 4717 3691 4780 spes
3747 4696 4068 4763 sanitatis.
4155 4691 4448 4760 Proinde

2488 4786 2726 4853 melius
2779 4784 2945 4853 nihil
3007 4805 3149 4849 esse
3206 4781 3636 4861 concludunt,
3703 4803 3901 4866 quam
3964 4779 4214 4844 malum
4280 4780 4447 4845 bene

2489 4874 2777 4957 positum
2821 4892 2956 4936 non
2996 4889 3278 4935 movere.
3351 4866 3485 4949 Qui
3528 4868 3599 4932 in
3634 4867 3813 4931 hune
3855 4865 4125 4931 modum
4167 4864 4447 4948 loquun-

2491 4969 2630 5037 tur,
2690 4957 2998 5023 eeelesiae
3052 4955 3599 5020 instaurationem
3652 4973 3790 5016 non
3839 4951 4226 5036 intelligunt
4279 4972 4446 5034 opus

2491 5067 2636 5111 esse
2679 5043 2839 5121 Dei,
2897 5041 3072 5125 quod
3123 5062 3164 5106 a
3215 5062 3330 5124 spe
3374 5039 3807 5122 opinioneque
3850 5038 4196 5103 hominum
4238 5035 4446 5102 nihilo

2490 5129 2704 5216 magis
2761 5120 3071 5213 pendeat,
3143 5148 3340 5210 quam
3395 5132 3511 5190 aut
3564 5131 3979 5189 mortuorum
4028 5122 4443 5200 10881100110,

2493 5226 2609 5284 881
2664 5213 2844 5280 811811
2884 5212 3278 5280 miraculum
3333 5233 3415 5277 ex
3459 5232 3535 5276 eo
3578 5230 3836 5295 genere.
3925 5210 4077 5275 Non
4126 5228 4288 5291 ergo
4332 5215 4448 5273 aut

1807 5348 1989 5397 tame„
2033 5342 2250 5397 „mm-3,
2297 5348 2393 5397 aut
2494 5325 2579 5368 ex
2622 5302 2968 5367 hominum
3010 5300 3381 5378 voluntate,
3435 5303 3552 5361 aut
3593 5316 3677 5360 ex
3733 5296 4156 5377 inclinatione
4193 5302 4447 5378 tempo-

2495 5410 2649 5455 rum
2704 5383 3148 5469 exspectanda
3199 5390 3302 5449 est
3344 5383 3452 5449 hic
3496 5382 3736 5467 agendi
3779 5383 4088 5449 facilitas:
4157 5379 4271 5447 sed
4326 5401 4447 5465 per
