4999 6179
2033 462 2693 534 PROLEGOMEN
2693 467 2773 534 A.
2807 488 2814 493 “
3663 560 3670 567 .
4219 542 4222 547 ,
4313 480 4424 546 XI

692 645 1022 729 Quartam
1064 645 1373 747 vidimus.
1396 647 1468 714 in
1509 648 1905 718 bibliotheca
1948 651 2330 721 Caesellana
2372 654 2666 723 Londini
2708 660 2891 724 1552.
2940 659 3035 724 16.
3083 659 3493 744 impressam.
3562 662 3648 728 In
3684 665 3989 733 omnibus
4029 686 4179 734 cum
4214 690 4420 753 supra

380 756 710 844 descripta
752 760 913 827 anni
964 764 1127 825 1548
1173 761 1500 828 convenit.
1590 761 1786 830 Hanc
1830 768 2059 829 tamen
2102 765 2172 830 in
2217 765 2563 833 collatione
2608 774 2917 835 textuum
2959 769 3043 835 ad
3087 793 3362 838 manum
3402 795 3538 839 non
3580 773 3952 843 habuimus,

689 869 1008 956 Sequitur
1050 873 1303 958 quinta,
1348 871 1544 957 paulo
1585 873 1808 942 minus
1848 874 2249 960 infrequens,
2295 878 2636 945 rarissima
2679 885 2904 947 tamen
2962 887 3030 946 et
3072 882 3235 966 ipsa,
3283 883 3604 953 Genevae
3647 886 3823 971 apud
3857 887 4225 957 Robertum
4260 889 4420 959 Ste-

377 982 676 1065 phanum
719 1004 979 1051 excusa.
1067 984 1332 1050 Titulus
1373 990 1505 1049 est:

685 1094 1290 1164 OA'I'ECHISME
1339 1096 1349 1180 Ι
1403 1105 1600 1161 O‘EST
1633 1105 1684 1160 A
1720 1106 1901 1162 DIRE
1936 1107 2035 1162 LE
2070 1098 2555 1189 FORmv-llaire
2599 1101 2978 1168 d'instruire
3020 1104 3117 1171 les
3162 1107 3395 1172 enfans
3438 1129 3522 1173 611
3565 1109 3632 1176 la
3677 1109 4064 1179 Chrestien-
4085 1115 4094 1197 Ι
4114 1118 4208 1192 te,
4254 1114 4410 1180 faict

378 1227 463 1274 en
505 1209 798 1275 maniere
842 1207 923 1275 de
968 1207 1303 1293 dialogus,
1365 1228 1452 1273 ou
1496 1206 1557 1272 16
1602 1201 1982 1292 Mi-lnistre
2024 1209 2441 1296 interrogue,
2503 1219 2571 1278 et
2624 1212 2900 1280 l’enfant
2955 1216 3256 1302 respond.
3313 1218 3322 1305 Ι
3368 1227 3514 1285 PAR
3559 1230 3799 1285 IEHAN
3843 1230 4132 1295 GALVIN.
4181 1222 4192 1310 Ι
4242 1233 4408 1300 (Em-

375 1325 1016 1397 bknafflepkanorum.)
1060 1328 1072 1396 1
1117 1306 1481 1392 L'Oliue
1545 1308 1651 1393 de
1711 1309 2046 1393 Robert
2104 1309 2544 1395 Estienne.
2597 1324 2606 1407 Ι
2660 1325 2753 1391 Μ.
2779 1323 2865 1391 D.
2895 1326 3089 1393 LIII.
3143 1328 3152 1412 Ι
3213 1339 3467 1396 EPHEs.
3506 1342 3576 1397 11.
3628 1339 3639 1409 ι
3690 1341 3774 1396 Le
3809 1341 4128 1408 fos-amm
4174 1343 4243 1399 ae
4287 1343 4407 1399 PE-

373 1429 510 1499 ριεω
542 1436 625 1486 0oe
654 1430 713 1485 za
747 1430 994 1487 does-tm
1028 1431 1126 1486 aa
1164 1431 1460 1500 Prophetes
1494 1437 1547 1487 et
1579 1431 1675 1487 aa
1712 1432 1724 1499 ι
1766 1432 2047 1502 Αρωινω.

682 1535 933 1601 Forma
983 1536 1317 1602 octonaria
1372 1536 1604 1601 minor.
1696 1534 2186 1618 Quaterniones
2245 1546 2494 1622 septem
2541 1544 2610 1604 et
2662 1559 2818 1622 pars
2877 1542 3088 1608 octavi
3133 1542 3388 1625 (a—h)
3407 1594 3425 1623 ‚
3484 1545 3770 1629 paginae
3827 1552 4209 1613 numeratae
4260 1552 4401 1615 117.

373 1645 459 1711 In
500 1645 624 1713 hac
668 1654 817 1729 post
866 1648 1274 1732 procationes
1332 1647 1598 1713 additur
1640 1648 1844 1713 series
1900 1648 2362 1732 quaestionum
2417 1670 2458 1714 a
2515 1650 2821 1717 ministro
2875 1654 3100 1738 pueris
3160 1676 3401 1721 coenae
3444 1653 3721 1721 Domini
3777 1657 3995 1740 prima
4037 1658 4182 1725 vice
4224 1679 4403 1725 com-

372 1758 863 1824 municantibus
905 1758 1509 1843 proponendarum:
1570 1760 1686 1825 La
1728 1760 2090 1824 maniere
2142 1759 2748 1847 d’interrcguer
2788 1762 2913 1831 les
2959 1765 3248 1832 enfans
3289 1768 3531 1850 qu’on
3575 1774 3772 1833 veut
3825 1770 4199 1837 recevoir
4242 1777 4285 1836 a
4325 1771 4403 1836 la

373 1868 593 1936 Gene
639 1868 733 1934 de
777 1876 1057 1937 nostre
1102 1868 1520 1957 Seigneur
1558 1871 1791 1937 Iesus
1835 1871 2137 1938 Christ.
2229 1869 2418 1953 Quae
2464 1872 2678 1938 tribus
2712 1874 2990 1958 pagellis
3035 1875 3417 1943 absolvitur.
3490 1878 3924 1961 Exemplaria
3970 1879 4289 1948 Genevae
4332 1890 4401 1947 et

371 1981 769 2048 Lausannae
825 1994 1165 2049 asservata
1215 1982 1521 2050 vidimus.
1611 1982 1807 2050 Hanc
1861 1982 2217 2049 editionem
2272 2002 2448 2048 anno
2505 1987 2663 2050 1853
2721 1985 2947 2051 recudi
2998 1988 3260 2057 curavit
3314 1987 3441 2071 Iul.
3487 1988 3668 2084 Guil.
3713 1988 3903 2071 Fiok,
3948 1991 4400 2077 typographus

380 2093 797 2160 Genevcnsis
864 2094 946 2160 de
997 2095 1368 2161 ’rarioribus
1424 2094 1688 2180 paginis
1754 2095 1994 2162 saeculi
2058 2093 2295 2162 decimi
2349 2096 2523 2161 sexti
2576 2095 2894 2162 laudabili
2969 2096 3300 2164 industria
3353 2100 3749 2167 renovandis
3806 2102 4053 2184 optime
4106 2104 4400 2183 meritus,
4507 2134 4516 2145 ·

371 2205 467 2271 ita
507 2205 778 2289 quidem
820 2212 896 2271 ut
939 2213 1286 2272 externam
1329 2227 1583 2290 quoque
1627 2208 2049 2291 antiquorum
2093 2205 2412 2273 librorum
2456 2208 2741 2291 speciem
2782 2208 3173 2274 imitaretur.

682 2316 892 2385 Sexto
933 2317 1076 2384 loco
1120 2319 1307 2384 venit
1347 2317 1536 2384 nobis
1575 2316 1773 2384 editio
1816 2318 2132 2404 bilinguis
2175 2318 2334 2383 anni
2384 2322 2550 2383 1554
2596 2319 2785 2384 cuius
2828 2320 3101 2386 unicum
3145 2319 3483 2404 exemplar
3522 2320 3595 2384 in
3640 2321 4034 2390 bibliotheca
4078 2325 4398 2409 imperiali

370 2429 806 2497 vindobonae
850 2437 1111 2495 exstare
1154 2451 1238 2495 ex
1280 2430 1491 2496 literis
1533 2430 1684 2495 Viri
1729 2451 1986 2496 summe
2035 2430 2382 2496 reverendi
2433 2438 2503 2496 et
2545 2430 2907 2496 doctissimi
2952 2431 3025 2498 Ο.
3071 2432 3152 2498 A.
3199 2431 3543 2512 Wilkens,
3603 2439 3826 2499 coetus
3870 2436 4400 2521 evangelicorum

371 2541 735 2608 helveticae
772 2540 1092 2607 formulae
1136 2542 1207 2606 in
1251 2540 1481 2606 eadem
1521 2540 1788 2608 civitate
1832 2541 2133 2625 pastoris,
2180 2541 2589 2608 rescivimus.
2680 2541 2914 2626 Ipsum
2957 2542 3272 2608 volumen
3314 2563 3448 2609 non
3490 2544 3919 2628 inspeximus.

681 2652 814 2719 Hic
866 2652 1142 2719 fortasse
1197 2650 1586 2719 inserendus
1641 2653 1771 2718 erit
1823 2651 2084 2718 libellus
2138 2653 2209 2717 in
2250 2652 2652 2720 bibliotheca
2697 2659 2929 2720 nostra
2973 2662 3351 2721 asservatus
3367 2706 3384 2734 ,
3441 2652 3693 2721 nitidus
3733 2661 3801 2721 et
3841 2654 4104 2737 habilis,
4152 2658 4400 2725 formae

370 2766 708 2844 minimae,
767 2764 881 2848 qui
923 2764 1219 2830 continet
1254 2763 1600 2850 liturgiam
1617 2815 1632 2844 ,
1694 2762 2169 2831 catechismum
2213 2771 2282 2830 et
2324 2763 2798 2831 confessionem
2853 2764 3186 2833 ecclesiae·
3221 2745 3670 2847 Genevensis,
3724 2766 3909 2834 cuius
3955 2775 4180 2835 tamen
4225 2768 4398 2836 diem

368 2877 661 2944 natalem
717 2877 902 2962 (nam
949 2875 1264 2943 Genevae
1303 2876 1698 2960 impressum
1741 2897 1885 2942 esse
1928 2875 2093 2941 nulli
2139 2874 2550 2961 dubitamus)
2608 2876 2949 2943 deficiente
3005 2876 3201 2942 titulo
3258 2875 3533 2943 definire
3576 2898 3712 2943 non
3753 2899 4126 2961 possumus.
4215 2878 4401 2961 Qua-

371 2988 705 3057 terniones
749 2996 909 3055 sunt
950 2988 1261 3055 undecim
1304 2986 1599 3073 (A—L),
1645 2987 1926 3073 paginae
1969 2994 2356 3053 numeratae
2405 2991 2546 3053 173.
2638 2986 3098 3054 catechismus
3154 2989 3388 3074 incipit
3424 3011 3572 3075 pag.
3617 2993 3701 3053 48
3715 3013 3733 3070 3
3777 2990 4227 3073 precationum
4266 2992 4401 3059 for-

370 3101 587 3168 mulae
629 3100 787 3168 inde
831 3123 871 3168 a
912 3122 1060 3186 pag.
1114 3105 1234 3166 142
1280 3110 1663 3185 sequuntur,
1709 3099 1826 3166 sed
1869 3121 1953 3165 ex
1996 3106 2185 3184 parte
2229 3099 2394 3166 aliae
2437 3120 2637 3183 quam
2680 3121 2840 3185 quas
2885 3099 3262 3167 habuerunt
3302 3101 3767 3186 praecedentes
3812 3102 4153 3185 editiones,
4198 3104 4402 3169 etiam

371 3213 733 3280 nonnullae
773 3213 978 3299 ligato
1022 3232 1327 3280 sermone
1369 3219 1739 3296 conceptae.
1826 3209 2039 3278 Adest
2080 3231 2336 3296 quoque
2388 3233 2448 3295 p.
2505 3215 2625 3275 150
2669 3211 3001 3296 appendix
3044 3233 3246 3296 supra
3287 3220 3694 3280 memoratus
3737 3214 4200 3297 quaestionum
4245 3221 4404 3281 ante

370 3346 640 3392 coenam
683 3324 1170 3393 catechumenis
1223 3322 1816 3408 proponendamm.
1904 3324 2016 3388 Ex
2068 3323 2468 3388 confessione
2514 3342 2680 3405 quae
2724 3321 2953 3388 addita
2995 3330 3096 3389 est
3148 3322 3394 3389 librum
3448 3331 3599 3408 post
3639 3344 3892 3390 annum
3940 3328 4102 3390 1558
4147 3324 4401 3392 editum

368 3438 571 3506 fuisse
612 3436 1000 3522 colligimus,
1044 3444 1114 3502 et
1155 3435 1278 3503 hoc
1322 3455 1597 3502 numero
1641 3435 1712 3500 in
1757 3433 2284 3501 annotationibus
2329 3432 2589 3510 criticis,
2634 3454 2717 3499 ne
2761 3433 3091 3519 longiores
3136 3434 3359 3514 simus,
3405 3435 3625 3518 ipsum
3660 3433 4164 3521 designabimus.
4231 3436 4401 3503 For-

372 3550 569 3616 tassis
614 3548 815 3614 etiam
860 3546 1096 3614 titulus
1142 3547 1443 3632 specialis
1489 3566 1828 3631 nunquam
1871 3545 2102 3626 adsuit,
2150 3546 2207 3612 si
2248 3544 2565 3630 psalterio
2606 3543 2979 3612 adhaesisse
3023 3545 3182 3610 clim
3222 3544 3521 3613 libellum
3564 3546 4002 3614 coniiciamus.

678 3658 895 3726 Iidem
935 3658 1146 3726 libelli
1187 3679 1418 3725 omnes
1459 3658 1792 3726 habentur
1833 3658 1919 3724 ad
1963 3658 2209 3725 calcem
2252 3656 2556 3723 editionis
2599 3656 2970 3723 Bibliorum
3014 3656 3402 3741 gallicorum
3445 3678 3620 3724 anno
3663 3663 3823 3722 1559
3874 3659 4189 3726 Gcnevae
4226 3659 4403 3743 apud

371 3771 512 3839 Nic.
558 3770 839 3837 Barbier
893 3779 960 3838 et
1015 3771 1250 3837 Thom.
1311 3768 1646 3836 Oourteau
1699 3770 2191 3854 impressorum.
2283 3768 2504 3852 Atque
2558 3768 2723 3835 haec
2777 3768 2996 3853 prima
3039 3776 3166 3848 est,
3222 3768 3394 3854 quod
3439 3769 3635 3836 hodie
3680 3770 3964 3836 sciamus
3980 3821 3995 3849 ,
4042 3771 4406 3855 scripturae

371 3905 596 3951 sacrae
643 3885 714 3949 in
754 3882 1065 3968 gallicum
1109 3902 1479 3948 sermonem
1523 3881 1883 3962 translatae
1925 3881 2124 3948 editio
2166 3882 2240 3947 in
2282 3901 2412 3963 qua
2453 3878 2608 3946 libri
2660 3878 2758 3944 illi
2802 3879 3222 3946 ecclesiastici
3267 3881 3555 3948 textibus
3601 3880 3842 3947 divinis
3888 3880 4401 3966 subiunguntur.

374 3994 509 4077 Qui
552 4016 695 4061 mos
738 3993 1045 4078 deinceps
1088 3993 1403 4072 obtinuit;
1462 3991 1726 4078 singula
1783 4001 2006 4058 tamen
2064 3992 2187 4058 hoc
2229 3992 2371 4058 loco
2405 4011 2750 4057 recensere
2785 4011 3349 4074 supervacaneum
3396 3990 3710 4058 ducimus.
3778 3992 3972 4058 Nono
4011 3991 4152 4057 loco
4187 3993 4400 4058 venit:

685 4091 1549 4180 OA'PEOHISMVS
1617 4098 1628 4203 Ι
1693 4111 2390 4168 ιΑΤΙΝο-αΑιιῐονε.
2440 4102 2450 4187 Ι
2511 4102 2635 4168 LE
2706 4099 3310 4168 OA'DEOHISME
3377 4101 3386 4186 Ι
3445 4111 4108 4167 LATm-FRANcms:
4177 4103 4191 4188 Ι
4244 4099 4402 4188 OE’est

379 4234 418 4288 ι
461 4216 623 4302 bite,
675 4216 685 4302 Ι
730 4218 831 4283 Le
876 4216 1256 4283 formulaire
1301 4215 1682 4281 d'instruire
1736 4215 1834 4282 les
1889 4215 2119 4281 enfans
2174 4234 2257 4279 en
2309 4214 2316 4294 Ι
2367 4213 2434 4280 la
2476 4211 2918 4280 Chrestiente.
2969 4211 2979 4298 Ι
3031 4218 3251 4287 auquel
3287 4218 3354 4290 τῇ
3390 4218 3647 4287 attenuet
3678 4221 3733 4274 ια
3764 4218 3991 4275 munim
4018 4219 4402 4287 warminiam

385 4339 467 4392 les
506 4337 515 4406 Ι
556 4336 876 4392 zucra-tus
910 4336 961 4391 et
997 4338 1058 4391 bt
1095 4337 1321 4392 celebret
1358 4336 1406 4390 lt
1444 4334 1734 4404 mutiunt:
1790 4338 1802 4399 ι
1848 4349 1972 4390 auce
2010 4335 2091 4389 les
2126 4331 2331 4402 ptum
2367 4330 2920 4403 ἕεειωίαβὶκΙφιει,
2956 4331 3007 4386 et
3044 4332 3231 4386 nuti-rs
3269 4329 3529 4387 miscus
3571 4333 3582 4398 Ι
3625 4329 4009 4399 chamenun.
4062 4333 4073 4398 Ι
4118 4324 4219 4390 Le
4264 4331 4407 4388 tout

375 4440 977 4525 Latin-Francois.
1032 4438 1043 4526 Ι
1096 4447 1411 4514 (Emblema
1435 4447 1806 4517 typam-ophi.)
1846 4447 1856 4516 Ι
1897 4460 1995 4515 put
2032 4444 2255 4502 uitulus
2284 4441 2508 4499 flua-bin:
2545 4444 2596 4498 tt
2632 4441 2874 4511 themu
2910 4442 3209 4510 commu,
3252 4443 3262 4510 Ι
3303 4442 3375 4496 Μ.
3396 4442 3463 4496 D.
3487 4443 3629 4497 LXI.

686 4551 1039 4619 Emblema
1083 4549 1547 4633 descripsimus
1591 4549 1774 4615 Tem.
1810 4548 1939 4616 III.
1983 4569 2129 4634 pag.
2168 4547 2431 4614 XLIII.
2523 4546 2770 4613 Forma
2811 4547 2967 4613 libri
3010 4546 3346 4612 octonaria
3383 4545 3619 4611 minor.
3699 4545 4232 4611 Praemittuntur
4276 4542 4408 4609 duo

377 4667 535 4734 folia
576 4684 712 4731 non
753 4671 1105 4730 numerata
1147 4662 1248 4746 (a)
1303 4659 1570 4727 titulum
1627 4667 1696 4726 et
1749 4660 2221 4744 praefationem
2277 4659 2675 4726 exhibentia.
2768 4656 3226 4726 Catechismus
3270 4678 3421 4724 cum
3465 4658 3667 4723 variis
3724 4658 3863 4722 suis
3921 4652 4416 4739 appendicibus,

379 4778 615 4862 quibus
658 4777 768 4844 hic
813 4773 1066 4841 accedit
1106 4773 1408 4839 Forma
1453 4793 1619 4856 quae
1666 4771 1910 4838 dicitur
1952 4791 2373 4839 sacrorum
2415 4769 3275 4837 administrandorum
3320 4791 3370 4834 s.
3416 4768 3729 4852 Liturgia
3773 4766 4191 4850 genevensis,
4238 4786 4418 4832 com-

378 4889 819 4977 prehenditur
881 4886 1419 4974 quaternionibus
1474 4884 1968 4969 quatuordccim
2026 4891 2095 4949 et
2149 4882 2416 4948 dimidio
2464 4881 2745 4966 (b—q),
2792 4882 3182 4966 paginarum
3224 4881 3512 4958 numeri,
3558 4877 3731 4962 quod
3775 4897 3933 4943 sane
3976 4876 4267 4953 mireris,
4313 4876 4418 4940 in-

381 5003 638 5088 cipiunt
680 5024 721 5067 a
772 5006 845 5066 17
893 5008 962 5067 et
1001 5001 1098 5067 sic
1142 4996 1385 5065 dantur
1430 5001 1572 5062 250.
1663 4997 1917 5062 'sextus
1968 4995 2140 5061 binis
2184 4995 2507 5061 columnis
2563 5013 2946 5077 expressus,
3004 4992 3279 5076 gallicus
3340 4989 3804 5067 exterioribus,
3857 4986 4282 5053 interioribus
4326 4986 4420 5052 la-

383 5113 583 5180 tinus.
674 5114 807 5181 Hic
850 5113 1029 5199 typis
1071 5110 1484 5196 elegantibus
1529 5108 1671 5174 cius
1716 5108 1961 5173 formae
2005 5126 2203 5188 quam
2247 5104 2646 5190 typographi
2692 5104 3105 5186 antiquam
3150 5112 3408 5182 vocant,
3454 5100 3567 5166 ille
3600 5098 3882 5165 cursivis
3919 5099 4185 5182 generis
4220 5097 4417 5180 plane

383 5225 740 5310 singularis
782 5222 977 5291 hodie
1016 5244 1152 5288 non
1197 5221 1480 5306 amplius
1524 5219 1767 5298 usitati,
1814 5216 2246 5304 typographis
2302 5215 2705 5284 nostratibus
2748 5215 2906 5280 olim
2950 5213 3040 5280 de
3082 5214 3416 5280 civilite
3461 5210 3638 5290 dicti,
3683 5210 3856 5294 quod
3896 5208 4191 5277 medium
4233 5215 4418 5274 tenet

386 5338 563 5404 inter
605 5337 848 5403 formas
892 5335 1302 5421 germanicas
1348 5334 1490 5399 sive
1535 5331 1850 5418 gothicas,
1897 5339 1965 5395 et
2001 5328 2408 5396 characteres
2443 5328 2680 5412 quibus
2722 5329 2797 5393 in
2839 5324 3177 5393 scribendo
3222 5324 3380 5389 olim
3415 5323 3599 5390 Galli
3643 5322 4014 5476 utebantig.
4087 5317 4422 5386 Editionis
