4999 6179
443 444 565 507 333

441 631 675 714 possit,
741 631 881 698 sive
944 652 1080 696 non
1144 632 1367 714 possit.
1471 630 1649 696 Nam
1687 633 1746 698 si
1786 639 2031 715 potest,
2086 652 2399 714 praesens

440 716 751 783 voluntas
788 716 915 783 hoc
955 717 1132 783 facit.
1193 716 1271 784 Si
1302 737 1440 782 non
1482 724 1720 802 potest,
1764 718 2124 817 praeterita
2165 718 2398 783 volun-

441 815 544 905 tas
588 802 710 869 hoc
754 804 925 870 fecit.
992 801 1275 869 Subiicit
1317 811 1560 883 autem,
1609 804 1808 870 vitari
1850 824 2058 887 posse,
2105 802 2222 869 sed
2266 825 2397 869 non

440 890 648 974 ipsius
692 889 976 955 hominis
1019 890 1296 968 virtute;
1339 910 1477 955 non
1521 889 1784 972 quando
1819 890 2120 972 superba,
2164 891 2398 972 inquit,

440 975 750 1042 laudatur
792 976 1124 1054 voluntas,
1171 975 1288 1042 sed
1331 975 1591 1059 quando
1632 975 1905 1042 humilis
1949 974 2317 1041 adiuvatur.
2347 976 2399 1059 ¹)

440 1063 648 1128 Porro
692 1062 930 1127 horum
973 998 1371 1127 verborumq
1387 1083 1657 1128 sensum
1701 1060 1784 1127 ab
1825 1062 2014 1127 initio
2056 1069 2397 1145 posuerat:

441 1149 637 1215 vitari
680 1146 948 1229 quidem
991 1168 1184 1231 posse
1228 1157 1587 1231 peccatum,
1633 1146 1750 1214 sed
1792 1148 1848 1213 si
1883 1148 2121 1213 vitiata
2155 1154 2401 1212 natura

441 1235 622 1317 prius
675 1244 964 1299 sanetur.
1064 1233 1130 1298 N
1132 1255 1264 1299 unc
1319 1254 1480 1299 vero
1554 1255 1785 1299 sanam
1850 1254 1986 1298 non
2040 1255 2217 1309 esse,
2283 1242 2403 1299 aut

441 1320 625 1403 quia,
676 1317 848 1402 quod
890 1319 1267 1385 faciendum
1309 1328 1439 1395 est,
1485 1320 1797 1386 caecitate
1840 1341 1977 1384 non
2019 1319 2236 1399 videt,
2283 1328 2402 1384 aut

441 1405 826 1472 infirmitate
868 1427 1002 1470 non
1046 1406 1296 1488 implet.
1370 1404 1550 1506 Quid
1593 1406 1700 1472 his
1740 1406 1983 1472 clarius
2024 1404 2397 1471 desideres?

442 1485 699 1557 Verum
734 1490 994 1557 abunde
1029 1492 1155 1558 sibi
1190 1492 1276 1557 ad
1309 1492 1654 1563 victoriam
1688 1514 1835 1560 esse
1876 1500 2063 1575 putat
2096 1490 2398 1576 Pighius,

443 1579 501 1643 si
537 1578 902 1661 Augustini
945 1578 1213 1643 titulum
1257 1599 1513 1662 quoquo
1547 1576 1743 1642 modo
1777 1579 1966 1645 nobis
2000 1578 2396 1678 opposuerit.

617 1662 950 1763 Quoniam
1004 1672 1226 1730 autem
1282 1664 1426 1730 eius
1470 1662 1906 1730 distinctionis
1964 1665 2224 1748 saepius
2267 1663 2400 1728 iam

441 1748 884 1827 meminimus,
930 1770 1130 1833 quam
1173 1771 1296 1816 nos
1338 1751 1516 1816 inter
1557 1751 1958 1816 coactionem
2001 1758 2068 1815 et
2112 1752 2399 1817 necessi-

440 1843 646 1901 tatem
688 1836 1057 1915 statuimus,
1104 1835 1280 1901 unde
1325 1835 1567 1919 pendet
1613 1836 1846 1901 maiori
1889 1858 1972 1901 ex
2011 1845 2199 1920 parte
2234 1836 2398 1902 haec

441 1922 773 2005 quaestio,
828 1943 1102 2004 eamque
1156 1942 1288 1987 non
1343 1924 1474 1987 nisi
1516 1922 1726 1987 obiter
1770 1922 2143 2006 attigimus,
2199 1921 2398 2004 paulo

441 2007 556 2073 dili
558 2008 849 2092 gentius,
917 2030 1097 2074 nunc
1165 2008 1561 2074 excutienda
1638 2008 1826 2073 nobis
1890 2015 2010 2073 est.
2108 2007 2285 2072 Nam
2334 2016 2401 2074 et

439 2115 647 2178 quum
710 2115 858 2159 eam
915 2094 1197 2177 Pighius
1263 2096 1597 2194 superiore
1667 2099 1816 2174 [pag.
1860 2100 2006 2174 140]
2054 2092 2219 2158 libro
2275 2095 2395 2158 im·

439 2181 773 2264 probaret,
841 2178 1288 2245 defensionem
1351 2181 1421 2244 in
1477 2181 1655 2246 hunc
1716 2180 1935 2245 locum
2000 2179 2395 2246 distulimus.

439 2266 708 2351 Negant
743 2287 901 2351 ergo
943 2267 1055 2349 qui
1097 2264 1379 2331 liberum
1425 2266 1771 2331 arbitrium
1812 2273 2042 2331 contra
2076 2266 2206 2331 Dei
2248 2287 2399 2350 gra-

438 2354 604 2419 tiam
660 2361 959 2431 tuentur,
1014 2360 1355 2435 peccatum
1401 2361 1519 2417 aut
1561 2353 1881 2418 virtutem
1923 2374 2066 2419 esse
2081 2404 2096 2430 ‚
2143 2353 2256 2417 ubi
2299 2359 2400 2417 est

439 2441 818 2506 necessitas.
907 2438 1429 2521 Respondemus,
1476 2438 1696 2504 Deum
1739 2439 2106 2504 necessario
2152 2437 2400 2503 bonum

439 2546 616 2603 esse,
672 2524 883 2589 nihilo
940 2536 1167 2590 tamen
1223 2525 1546 2590 minorem
1620 2546 1703 2589 ex
1775 2523 2070 2590 bonitate
2135 2523 2400 2589 laudem

439 2612 768 2694 consequi,
813 2611 970 2694 quia
1010 2632 1146 2675 ιιοιι
1189 2612 1320 2677 ιιιει
1363 2611 1574 2676 bonus
1619 2631 1763 2677 esse
1805 2611 2028 2693 possit.
2114 2610 2397 2688 Rursus,

441 2695 774 2763 diabolum
816 2696 1181 2763 necessario
1234 2697 1484 2771 malum
1533 2718 1675 2762 esse
1689 2747 1704 2776 ,
1752 2696 1958 2761 nihilo
2004 2706 2226 2761 tamen
2272 2696 2398 2760 mi·

439 2804 569 2848 nus
632 2782 942 2848 vitiosam
1010 2804 1152 2848 esse
1216 2783 1361 2849 eius
1426 2783 1764 2849 malitiam.
1875 2782 2109 2865 Neque
2162 2781 2232 2847 id
2298 2787 2400 2847 est

439 2876 742 2935 nostrum
777 2876 1237 2934 commentum.
1295 2868 1412 2935 Sic
1463 2876 1617 2935 ante
1661 2889 1783 2934 nos
1828 2870 2262 2953 Augustinus,
2306 2869 2400 2935 sic

441 2954 828 3021 Bernardus
869 2955 1118 3037 loquuti
1166 2968 1340 3020 sunt.
1412 2954 1588 3054 Quid
1633 2954 1961 3054 Pighius?
2021 2956 2241 3019 Deum
2281 2954 2398 3019 ha·

440 3040 595 3107 bere
652 3052 1023 3125 separatam
1079 3062 1118 3105 a
1170 3043 1490 3107 creaturis
1557 3042 1900 3108 rationem
2000 3041 2172 3106 Nam
2226 3039 2400 3123 quod

443 3128 549 3194 his
592 3129 765 3193 inest
807 3148 893 3191 ex
934 3126 1325 3193 conditionis
1368 3130 1788 3207 necessitate,
1850 3150 1981 3192 non
2026 3128 2111 3193 ad
2153 3148 2397 3205 earum,

442 3214 559 3282 sed
593 3215 727 3279 Dei
767 3212 1031 3278 laudem
1073 3213 1423 3295 pertinere,
1470 3234 1548 3277 ea
1583 3225 1844 3279 tantum
1877 3213 2122 3278 mereri
2162 3214 2235 3277 ιιι
2270 3213 2400 3277 illis

441 3299 742 3378 laudem,
801 3320 967 3383 quae
1023 3298 1176 3377 sibi,
1236 3299 1561 3364 talentum
1618 3321 1658 3364 a
1701 3298 1847 3364 Deo
1904 3298 2228 3364 creditum
2285 3320 2398 3363 ex-

444 3384 743 3464 colend0,
798 3386 1260 3468 acquisierunt.
1361 3385 1583 3449 Huius
1639 3405 1794 3449 vero
1854 3384 2051 3449 aliam
2109 3407 2249 3450 esse
2293 3406 2399 3449 ra·

445 3475 723 3551 tionem,
781 3483 855 3537 ut
904 3473 1090 3537 cuius
1148 3472 1407 3535 infinita
1465 3470 1721 3536 bonitas
1791 3472 2021 3536 referri
2084 3470 2210 3535 alio
2266 3492 2400 3535 non

442 3567 677 3643 potest.
764 3557 1060 3624 Hoccine
1104 3562 1207 3623 est
1247 3557 1631 3624 subvertero
1674 3556 1848 3641 quod
1892 3555 2217 3623 dicimus?
2263 3556 2403 3621 Vo-

440 3644 806 3711 luntarium
858 3664 1011 3709 cum
1066 3643 1435 3710 necessario
1498 3644 1770 3709 minime
1833 3642 2220 3722 convenire,
2287 3663 2401 3707 ex-

444 3740 750 3815 torquere
803 3729 1041 3795 volunt
1102 3729 1482 3796 adversarii
1582 3729 1720 3796 Nos
1778 3737 2003 3795 autem
2045 3694 2402 3811 utru'anue

442 3817 644 3883 simul
687 3836 1053 3900 congruere
1105 3817 1177 3881 in
1219 3817 1352 3881 Dei
1405 3814 1701 3881 bonitate
1745 3815 2172 3882 ostendimus.
2263 3813 2401 3879 Ab·

440 3903 716 3972 surdum
758 3922 903 3968 esse
946 3901 1195 3981 dicunt,
1241 3911 1321 3967 ut
1363 3903 1523 3968 vitio
1569 3909 1686 3966 aut
1723 3901 1955 3985 culpae
1999 3900 2239 3965 dentur
2282 3900 2400 3965 ho-

439 3987 756 4066 minibus,
816 4009 983 4071 quae
1037 3989 1130 4055 sic
1173 3989 1427 4054 faciunt
1471 3996 1548 4053 ut
1590 3988 1782 4053 aliter
1823 3997 2171 4070 nequeant.
2260 3986 2399 4051 Nos

443 4074 729 4142 adducta
799 4074 1234 4140 similitudine
1289 4073 1764 4140 absurditatem
1831 4074 2003 4139 hanc
2066 4071 2395 4137 diluimus.

441 4162 595 4228 Non
636 4160 1132 4239 ratiocinamur,
1184 4159 1387 4226 bonos
1429 4160 1577 4225 ideo
1621 4169 1738 4226 aut
1779 4160 1988 4224 malos
2032 4158 2398 4224 necessario

443 4269 586 4314 eme
631 4246 960 4324 homines,
1018 4246 1173 4329 quia
1214 4247 1583 4313 necessario
1628 4246 1837 4312 bonus
1882 4247 1969 4310 sit
2009 4246 2226 4322 Deus,
2282 4241 2398 4309 sed

442 4341 705 4399 tantum
747 4333 1050 4416 exemplo
1093 4332 1474 4411 indicamus,
1519 4353 1652 4398 non
1686 4332 1846 4397 adeo
1891 4353 1931 4396 a
1973 4332 2230 4396 ratione
2265 4329 2395 4394 dis-

443 4428 836 4485 sentaneum
900 4440 1076 4498 esse,
1142 4427 1220 4483 ut
1285 4417 1478 4485 laude
1544 4427 1661 4484 aut
1725 4420 2054 4502 vituperio
2121 4415 2394 4500 dignum

441 4513 817 4585 censeatur,
864 4503 1037 4588 quod
1082 4510 1305 4570 tamen
1348 4505 1790 4571 necessarium
1836 4513 1952 4569 est.
2044 4502 2396 4569 Caeterum

441 4592 616 4743 quod
670 4591 751 4657 de
821 4590 1215 4656 conditionis
1282 4592 1669 4657 necessitate
1724 4589 2229 4673 philosophatur
2281 4588 2396 4653 Pi-

563 4699 645 4742 us
728 4677 799 4742 id
843 4699 997 4743 vero
1050 4697 1321 4759 prorsus
1366 4677 1446 4741 ab
1492 4678 1798 4742 instituto
1841 4683 1943 4740 est
1984 4681 2392 4738 extraneum.

443 4679 773 4842 {laturam
831 4783 995 4845 quae
1042 4770 1306 4840 voc·,mt
1363 4770 1479 4826 aut
1533 4763 1705 4827 bona
1747 4770 1863 4827 aut
1903 4760 2105 4838 mala,
2162 4758 2397 4823 merito

441 4871 567 4916 nec
608 4851 677 4914 ιιι
717 4817 879 4915 vitio
929 4870 1053 4914 nec
1094 4849 1165 4913 ιιι
1209 4848 1454 4914 virtute
1494 4855 1863 4931 ponuntur,
1919 4812 2181 4930 quan'do
2225 4846 2399 4909 eius-

442 4936 624 5001 modi
662 4943 833 5014 sunt,
877 4941 954 4998 ut
994 4935 1128 4999 illis
1167 4943 1304 4998 tam
1345 4934 1516 4998 male
1561 4955 1756 5017 quam
1797 4936 1961 5000 bene
2007 4932 2105 4996 uti
2146 4932 2400 5031 possint

441 5022 771 5088 homines:
818 5020 1125 5086 voluntas
1168 5027 1392 5085 autem
1433 5018 1621 5099 bona,
1668 5026 1735 5084 et
1778 5041 1943 5102 quae
1984 5017 2139 5083 inde
2173 5019 2398 5082 oriun-

441 5122 556 5173 tur
611 5108 930 5186 actiones,
985 5107 1056 5171 in
1109 5105 1368 5172 diverso
1425 5113 1583 5171 sunt
1639 5105 1886 5170 ordine.
1985 5103 2131 5169 Hoc
2175 5104 2399 5186 itaque

591 5384 652 5448 1)
689 5382 854 5438 Libro
895 5383 961 5437 de
997 5381 1333 5451 perfectione
1369 5382 1492 5436 inst.
1527 5380 1809 5449 responsio
1845 5377 1929 5433 15.

1927 442 2056 509 DE
2099 442 2457 510 LIBERO
2503 440 2978 509 ARBI'PRJO.

4340 450 4467 514 334

2503 632 2673 697 nihil
2737 632 2821 699 ad
2874 654 3035 699 rem.
3136 630 3344 698 Addit
3396 640 3766 715 praeterea,
3825 634 4046 700 Deum
4090 633 4263 699 nihil
4306 634 4467 701 alio-

2503 739 2655 783 rum
2707 721 3007 787 omnium
3074 742 3114 785 a
3181 740 3253 785 se
3318 720 3688 785 necessario
3753 741 3948 803 agere
4015 727 4134 786 aut
4188 720 4373 787 velle.
4412 722 4465 807 ¹)

2504 802 2694 884 Quae
2735 805 3181 906 philosophia,
3238 825 3372 870 non
3429 804 3625 870 modo
3668 816 3935 889 propter
3975 808 4190 873 levem
4235 815 4303 872 et
4345 807 4466 875 fri-

2504 890 2726 956 volam
2779 892 3255 969 curiositatem,
3314 892 3432 957 sed
3475 890 3677 957 etiam
3721 893 3874 975 quia
3961 894 4259 959 rofanam
4312 899 4463 974 [pag.

2512 980 2660 1055 141]
2703 977 2995 1043 iustitiae
3034 978 3168 1044 Dei
3223 976 3306 1043 ab
3356 979 3501 1043 eius
3544 978 3852 1061 operibus
3908 914 4302 1045 divisionem
4355 980 4463 1044 in-

2507 1059 2706 1140 ducit,
2751 1061 3161 1146 repudianda
3203 1076 3322 1130 est.
3391 1062 3588 1145 Quod
3629 1072 3854 1130 autem
3898 1067 4139 1130 iterum
4182 1063 4462 1145 subiicit,

2504 1148 2763 1213 nescire
2818 1170 2889 1214 se
2933 1148 3093 1232 quid
3134 1150 3257 1214 sibi
3301 1150 3464 1216 velit
3504 1148 3700 1230 illud,
3758 1151 3980 1216 Deum
4024 1150 4197 1218 velle
4238 1171 4465 1218 neces-

2505 1233 2680 1298 sario
2722 1234 2971 1299 iustum
3015 1256 3190 1301 esse:
3246 1236 3322 1300 ιιι
3363 1255 3441 1300 66
3498 1257 3733 1319 parum
3776 1238 3994 1317 abest,
4038 1237 4199 1322 quin
4242 1237 4467 1303 Deum

2504 1321 2716 1386 instar
2754 1323 2975 1387 trunci
3015 1330 3133 1385 aut
3174 1321 3418 1404 stipitis
3460 1321 3701 1389 habere
3744 1344 3815 1389 se
3868 1323 4120 1406 prodat.
4207 1323 4466 1388 Volun-

2505 1413 2632 1484 tas,
2692 1407 2937 1489 inquit,
3005 1414 3245 1473 natura
3297 1408 3618 1488 posterior
3661 1416 3789 1485 est3
3846 1408 4036 1475 Deus
4081 1417 4302 1475 autem
4346 1429 4465 1475 na—

2503 1498 2658 1557 tura
2714 1501 2821 1558 est
2873 1493 3098 1558 bonus.
3197 1494 3382 1592 Ergo
3434 1496 3732 1578 ineptum
3787 1502 3917 1573 est,
3972 1495 4196 1560 Deum
4249 1493 4467 1562 dicere

2505 1577 2679 1643 velle
2727 1580 2977 1644 iustum
3022 1601 3198 1659 esse,
3258 1580 3372 1662 qui
3415 1580 3566 1646 talis
3610 1587 3712 1646 est
3751 1546 4007 1645 natu’ra.
4096 1582 4303 1662 Atqui
4348 1602 4465 1664 ap-

2505 1664 2637 1727 tius
2693 1665 2953 1730 fecisset
3007 1687 3084 1731 ac
3137 1668 3642 1750 congruentius,
3695 1668 3752 1732 si
3806 1664 3970 1731 illud
4026 1663 4199 1765 quod
4250 1687 4467 1750 nuper

2504 1749 2679 1814 inter
2723 1748 2944 1815 Deum
2999 1761 3067 1816 et
3108 1762 3448 1819 creaturas
3502 1753 3718 1835 posuit
3771 1753 4126 1818 discrimen
4169 1752 4242 1816 ιιι
4284 1751 4465 1819 hunc

2504 1855 2712 1918 usque
2786 1835 3000 1902 locum
3068 1847 3416 1904 servasset.
3529 1836 3801 1903 Habent
3867 1837 4189 1922 siquidem
4254 1836 4468 1903 multa

2506 1932 2845 1988 creaturae
2889 1944 2929 1987 a
2972 1932 3215 1989 natura
3257 1945 3423 2006 quae
3456 1925 3530 1989 ιιι
3573 1923 3911 1991 voluntate
3946 1926 4075 1989 sita
4116 1945 4251 1989 non
4285 1930 4464 2003 sunt,

2503 2027 2628 2073 nec
2668 2007 2791 2074 sub
2836 2007 3194 2075 voluntatis
3240 2011 3589 2075 arbitrium
3632 2008 3894 2076 cadunt.
3960 2011 4057 2076 At
4098 2010 4231 2075 tale
4276 2008 4465 2093 quid-

2503 2095 2682 2176 piam
2715 2094 2787 2158 in
2822 2095 2965 2160 Deo
3005 2096 3374 2179 imaginari,
3416 2095 3807 2180 sacrilegum
3844 2104 3946 2161 est
3985 2104 4463 2163 commentum:

2507 2181 2617 2263 qui
2667 2181 2763 2246 sic
2806 2187 2907 2246 est
2961 2188 3200 2246 natura
3253 2180 3321 2247 id
3362 2180 3539 2264 quod
3582 2190 3714 2259 est,
3772 2189 3848 2245 ut
3892 2182 4043 2248 talis
4086 2182 4251 2249 velit
4292 2204 4464 2263 esse;

2505 2266 2600 2331 sic
2642 2266 2840 2330 etiam
2883 2266 3027 2333 vult
3071 2266 3386 2350 quidquid
3431 2267 3607 2345 vult,
3652 2274 3729 2332 ut
3771 2267 3934 2331 illud
3978 2268 4222 2333 habeat
4262 2289 4301 2333 a
4343 2290 4464 2333 na·-

2504 2360 2672 2417 tura.
2763 2352 2939 2417 Nam
2983 2374 3188 2441 quum
3232 2354 3566 2434 circulari,
3622 2362 3697 2418 ut
3739 2353 3836 2419 sic
3881 2352 4125 2430 dicam,
4181 2352 4467 2453 quodam

2506 2459 2682 2502 nexu
2735 2439 2912 2503 inter
2969 2460 3039 2504 se
3108 2440 3504 2506 cohaereant
3561 2440 3689 2505 Dei
3752 2438 4043 2517 bonitas,
4117 2439 4462 2522 sapientia,

2506 2524 2734 2604 virtus,
2779 2525 3050 2603 iustitia,
3093 2526 3429 2604 voluntas,
3488 2527 3610 2593 hoc
3652 2525 3990 2592 vinculum
4034 2522 4462 2607 disrumpere,

2503 2609 2745 2692 impiae
2789 2621 2856 2675 et
2899 2610 3256 2678 diabolicae
3300 2622 3404 2679 est
3455 2611 3961 2697 imaginationis.
4038 2608 4264 2710 Quum
4307 2630 4465 2694 ergo

2504 2694 2665 2760 velit
2709 2716 2852 2762 esse
2894 2697 3079 2763 Deus
3123 2697 3439 2781 quidquid
3484 2705 3602 2775 est,
3646 2696 3844 2781 idque
3887 2697 4284 2777 necessario,
4329 2716 4465 2761 non

2504 2779 2797 2860 dubium,
2843 2782 3005 2865 quin
3042 2784 3215 2849 sicut
3247 2786 3617 2850 necessario
3660 2785 3870 2849 bonus
3912 2790 4030 2861 est,
4074 2783 4169 2847 ita
4202 2791 4270 2847 et
4312 2783 4463 2848 talis

2503 2866 2666 2931 velit
2718 2888 2891 2933 esse:
2952 2868 3129 2951 quod
3194 2876 3332 2935 tam
3388 2871 3617 2954 procul
3659 2891 3701 2936 a
3742 2870 4071 2936 coactione
4116 2869 4329 2946 abest,
4388 2876 4465 2934 ut

2505 2953 2793 3018 maxime
2849 2957 2935 3018 sit
2976 2956 3043 3018 ιιι
3089 2976 3167 3021 eo
3213 2956 3653 3022 voluntarius:
3709 2955 3989 3021 liberum
4034 2954 4351 3033 dicerem,
4408 2954 4467 3020 si

2504 3059 2624 3122 pro
2668 3060 2700 3104 ε
2747 3050 3028 3106 ontaneo
3069 3043 3275 3126 accipi
3317 3043 3493 3108 inter
3531 3062 3655 3107 nos
3698 3041 4092 3109 conveniret.

2678 3061 2873 3206 {guod
2920 3126 3000 3192 de
3044 3126 3301 3194 diabolo
3344 3128 3748 3207 adducimus,
3795 3129 3889 3194 sic
3932 3126 4154 3192 solvit:
4204 3127 4327 3192 hoc
4361 3126 4463 3208 ip·

2506 3231 2681 3288 sum,
2739 3212 2916 3295 quod
2973 3216 3343 3280 necessario
3382 3214 3594 3280 malus
3640 3215 3757 3293 sit,
3800 3233 4080 3297 poenam
4124 3234 4267 3277 esse
4311 3231 4463 3294 pec-

2505 3296 2667 3376 cati,
2734 3296 2906 3379 quod
2983 3298 3167 3364 nulla
3232 3301 3640 3366 necessitatis
3703 3301 3772 3367 vi
3846 3305 4108 3366 coactus
4174 3297 4461 3364 admisit.

2508 3381 2721 3462 Quasi
2776 3406 2907 3447 uon
2964 3384 3128 3449 haec
3175 3385 3476 3450 similiter
3531 3387 3699 3451 ratio
3750 3387 3821 3451 in
3875 3384 4177 3451 homines
4221 3404 4462 3449 conve-

2506 3471 2661 3532 niat.
2754 3469 2984 3551 Neque
3037 3472 3243 3549 enim,
3297 3473 3470 3538 sicut
3513 3477 3708 3537 toties
3754 3472 4000 3537 dictum
4046 3485 4173 3547 est,
4225 3472 4299 3534 ιιι
4341 3491 4463 3534 na-

2505 3561 2687 3632 tura,
2746 3554 2863 3620 sed
2919 3556 2991 3620 ιιι
3056 3558 3225 3624 vitio
3284 3558 3748 3625 necessitatem
3801 3557 4295 3634 constituimus,
4356 3556 4460 3622 cui

2506 3639 2787 3707 dicimus
2829 3642 3164 3708 subiacere
3216 3642 3561 3744 hominum
3614 3666 3841 3728 genus.
3930 3642 4081 3708 Hoc
4123 3640 4316 3707 modo
4358 3642 4462 3706 in-

2507 3734 2752 3793 teresse
2807 3727 3141 3806 docemus,
3183 3729 3358 3813 quod
3398 3731 3470 3795 in
3512 3738 3850 3795 aeternam
3909 3729 4298 3795 servitutem
4345 3727 4461 3792 ad·

2507 3812 2719 3878 dictus
2772 3814 2902 3878 fuit
2956 3814 3286 3895 diabolus,
3341 3815 3416 3880 in
3472 3835 3601 3899 qua
3655 3815 3840 3880 nulla
3897 3814 3986 3878 sit
4030 3834 4180 3898 spes
4222 3833 4459 3878 manu-

2506 3900 2859 3965 missionis:
2906 3898 3096 3965 nobis
3138 3900 3443 3968 ι61ι6ιιιιιι
3487 3910 3589 3967 est
3626 3901 3749 3966 hoc
3792 3900 4173 3975 remedium,
4216 3907 4288 3964 ut
4326 3898 4460 3980 spi·-

2507 3984 2672 4050 ritus
2717 3986 2928 4052 sancti
2964 3983 3185 4070 gratia
3226 3986 3381 4052 inde
3437 4008 3762 4052 exeamus.
3851 3986 4130 4050 Fatetur
4174 3984 4460 4063 tandem,

2506 4091 2638 4142 non
2685 4091 2985 4155 pugnare
3052 4071 3439 4155 simpliciter
3494 4094 3644 4138 cum
3704 4073 4041 4136 voluntate
4105 4071 4459 4137 necessita-

2506 4163 2669 4234 tem,
2727 4157 2841 4221 sed
2898 4179 3048 4223 cum
3108 4158 3450 4225 voluntate
3506 4158 3879 4235 hominum,
3940 4157 4055 4239 qui
4113 4156 4331 4222 adhuc
4385 4157 4461 4221 ιιι

2503 4242 2751 4307 mundo
2793 4246 3314 4327 peregrinantur.
3402 4244 3548 4325 Hoc
3587 4245 3903 4328 figmento
3946 4243 4283 4327 eleganter
4315 4244 4459 4325 qui-

2504 4326 2655 4394 dem
2712 4328 2978 4395 eludere
3032 4329 3155 4395 sibi
3207 4315 3476 4396 videtur
3529 4339 3825 4394 nostram
3886 4334 4031 4408 [pag.
4081 4335 4226 4408 142]
4285 4330 4459 4393 solu-

2504 4415 2778 4480 tionem·
2842 4415 2960 4481 sed
3013 4415 3214 4500 quam
3257 4417 3355 4480 illi
3412 4416 3599 4481 facile
3644 4425 3744 4481 est
3786 4415 4030 4492 dicere,
4086 4423 4225 4478 tam
4271 4414 4459 4478 nobis

2503 4521 2748 4586 negare
2782 4506 3182 4585 promptum
3239 4509 3356 4567 est.
3458 4506 3557 4566 At
3626 4503 3705 4566 de
3762 4501 4121 4566 viatoribus
4173 4499 4461 4581 loquitur

2505 4587 2954 4670 Augustinus,
3012 4609 3213 4687 quum
3260 4599 3649 4671 perpetuam
3704 4587 4109 4652 necessitatis
4153 4606 4299 4649 cum
4344 4606 4459 4650 vo-

2504 4671 2759 4736 luntate
2804 4674 3312 4757 repugnantiam
3367 4676 3618 4738 statuit.
3709 4673 3763 4736 I
3768 4693 3855 4736 no
3903 4672 3982 4735 de
4039 4682 4212 4736 statu
4258 4670 4461 4754 primi

2503 4756 2791 4822 hominis
2847 4758 3023 4840 loqui
3080 4783 3148 4825 sc
3206 4767 3515 4838 testatur,
3589 4768 3943 4840 antequam
4000 4758 4071 4822 in
4122 4758 4461 4822 miseriam

2507 4843 2707 4921 hanc,
2769 4844 2891 4908 sub
2945 4866 3073 4927 qua
3126 4867 3246 4910 nos
3298 4867 3527 4910 omnes
3571 4846 3710 4909 eius
3765 4843 4015 4926 posteri
4066 4845 4457 4918 laboramus,

2506 4895 2859 4995 incidisset.
2925 4931 3123 4997 Nunc
3168 4953 3321 4997 velo
3365 4939 3514 5015 post
3555 4933 3695 4996 eius
3739 4929 4017 5012 lapsum,
4053 4930 4460 4996 necessitatis

2506 5015 2763 5099 iugum,
2812 5037 2851 5079 a
2896 5038 3024 5099 quo
3070 5017 3232 5083 alias
3290 5018 3488 5084 soluti
3526 5036 3820 5082 essemus
3876 5024 4068 5098 atque
4109 5017 4455 5092 ιιιιιιιιιιιεε,

2508 5156 2607 5162 ,..-,-.,-
2638 5158 2677 5162 --
2724 5157 2795 5164 -.ὁ
2812 5158 2913 5164 ——

2649 5240 2708 5304 1)
2752 5238 2948 5294 Gallus
2995 5241 3183 5293 vertit:
3228 5240 3275 5292 Il
3324 5240 3571 5293 adicuste
3621 5241 3767 5292 aussi
3814 5255 3917 5306 que
3954 5238 4091 5291 Dieu
4139 5253 4205 5290 ne
4251 5238 4349 5290 fait
4386 5254 4456 5291 ou

2509 5317 2639 5361 veut
2683 5311 3136 5364 necessairement
3184 5310 3298 5362 rien
3346 5307 3412 5361 de
3457 5316 3640 5362 tontes
3687 5317 3871 5362 autres
3920 5308 4115 5362 choses
4166 5305 4297 5359 hors
4335 5321 4455 5375 soy-

2511 5391 2727 5430 mesme.
