4999 6179
337 465 417 529 13
1683 462 2346 534 OATEOHISMUS
2391 464 3007 535 GENEVENSIS.
4273 476 4355 539 14

1181 671 1448 725 n’nnrur.
2341 658 2347 723 ἔ

505 740 582 806 18
639 762 795 827 croy
852 761 938 806 811
979 740 1156 807 Dieu
1212 739 1276 806 le
1315 740 1489 806 Pere
1530 739 2034 825 tout-puissant,
2088 739 2293 808 Orea-

330 834 482 894 teur
527 826 616 893 (18
672 826 795 893 8181
847 831 915 891 et
955 826 1039 892 de
1079 826 1147 892 la
1187 834 1382 893 terre.
1471 826 1566 892 Et
1619 847 1704 893 88
1745 822 2021 893 IESUS
2065 826 2296 893 Christ
2394 849 2539 893 rem
2593 828 2760 894 coeli
2813 836 2881 894 et
2930 835 3177 894 terrae:
3235 834 3304 893 et
3357 829 3428 894 in
3470 828 3702 897 Iesum
3745 827 4090 895 Christum
4143 832 4357 899 filium

334 934 457 981 son
497 912 647 979 Fila
688 913 953 996 unique,
997 919 1225 980 nostre
1265 910 1615 998 Seigneur.
1705 910 1922 1001 Quia
1964 920 2105 978 este
2137 933 2292 979 oon·
2341 970 2346 983 .
2395 915 2537 981 eius
2577 915 2878 993 unicum,
2921 913 3286 980 Dominum
3327 923 3629 982 nostrum
3643 967 3660 995 ,
3705 916 3821 999 qui
3862 924 4210 1001 conceptus
4252 925 4356 984 est

333 1021 457 1067 888
500 998 591 1064 (18
630 999 844 1066 sainct
883 1002 1004 1079 [fol.
1046 1004 1113 1079 4]
1152 999 1414 1083 Esprit,
1459 1019 1551 1064 na
1638 996 1721 1063 (18
1760 997 1830 1064 18
1870 999 2100 1082 vierge
2142 998 2293 1063 Ma-
2342 1046 2347 1075 .
2396 1020 2435 1065 8
2492 1000 2733 1084 spiritu
2776 1008 3035 1082 sancto,
3095 1008 3294 1073 natus
3351 1023 3439 1067 ex
3490 1002 3712 1067 Maria
3764 1002 4056 1086 virg-ine,
4120 1023 4351 1087 passus

331 1088 449 1152 rie.
537 1085 605 1151 A
647 1085 922 1151 souffert
964 1085 1165 1152 soubz
1206 1085 1429 1152 Ponce
1461 1022 1695 1165 Pisano,
1739 1105 1783 1149 a
1824 1090 1966 1151 este
2007 1083 2292 1154 oruoifie.
2342 1116 2347 1161 ι
2396 1086 2519 1153 sub
2560 1086 2802 1153 Pontio
2840 1085 3087 1167 Pilato,
3143 1087 3524 1167 crucifixus,
3580 1094 3880 1154 mortuus
3924 1099 3992 1154 et
4032 1089 4354 1171 sepultus,

332 1173 519 1261 Mort
572 1178 643 1238 et
694 1171 1025 1257 ensevely.
1114 1172 1243 1237 Est
1295 1170 1626 1237 descendu
1676 1189 1813 1235 aux
1868 1170 2103 1236 enfers.
2190 1170 2295 1236 Le
2344 1252 2349 1263 ι
2396 1170 2740 1238 descendit
2792 1171 2877 1237 ad
2918 1172 3165 1240 inferos
3178 1225 3195 1253 ,
3255 1174 3454 1239 tertia
3496 1173 3601 1240 die
3645 1174 4009 1240 resurrexit
4046 1194 4132 1240 ex
4175 1196 4352 1241 mor-

332 1261 497 1325 tiers
554 1258 702 1323 iour
742 1263 848 1322 est
904 1258 1260 1327 ressuscite
1317 1257 1433 1324 des
1474 1264 1703 1323 mortz.
1792 1256 1855 1322 11
1912 1264 2015 1323 est
2066 1262 2294 1322 monte
2344 1270 2349 1331 Ι
2395 1259 2550 1338 tuis,
2595 1256 2892 1325 ascendit
2932 1259 3004 1323 in
3029 1259 3300 1339 coelum,
3348 1258 3532 1326 sedet
3564 1258 3650 1324 ad
3693 1260 4034 1327 dexteram
4065 1261 4195 1327 Dei
4231 1281 4352 1345 pa·

332 1364 469 1410 aux
500 1344 724 1410 cieux:
757 1350 862 1409 est
892 1343 1058 1410 assis
1089 1350 1131 1409 8
1164 1344 1232 1410 18
1264 1342 1495 1409 dextre
1517 1342 1599 1409 de
1619 1341 1798 1408 Dieu
1828 1342 1894 1408 le
1913 1342 2087 1408 Pere
2117 1349 2187 1407 to
2233 1347 2293 1406 t-
2343 1342 2349 1369 ¹
2395 1345 2520 1409 tris
2563 1344 3059 1428 omnipotentis,
3099 1342 3256 1411 inde
3299 1353 3623 1413 venturus
3666 1345 3752 1411 ad
3793 1346 4215 1413 iudicandum
4253 1349 4354 1413 vi-

330 1429 654 1517 puissant.
720 1429 827 1495 De
871 1430 941 1496 la
981 1429 1258 1498 viendra
1297 1430 1491 1513 ing-er
1532 1429 1630 1496 les
1650 1428 1782 1496 vifz
1826 1434 1895 1493 et
1934 1427 2032 1495 les
2063 1448 2173 1493 mo
2397 1450 2519 1495 vos
2574 1438 2643 1496 et
2682 1438 2994 1497 mortuos.
3083 1430 3298 1497 Credo
3341 1433 3414 1496 in
3456 1432 3759 1517 spiritum
3803 1440 4122 1512 sanctum,
4168 1452 4357 1498 88118-

456 1560 465 1567 -
506 1517 584 1583 18
638 1536 797 1601 croy
852 1538 938 1581 au
1004 1512 1075 1582 Β.
1129 1516 1380 1599 Esprit.
1480 1515 1558 1581 Ie
1615 1535 1772 1601 croy
1798 1517 1849 1600 ¹)
1913 1513 1981 1578 18
2044 1514 2295 1581 saincte
2397 1522 2536 1582 tam
2572 1516 2914 1583 ecclesiam
2946 1516 3351 1597 catholicam,
3397 1527 3778 1585 sanctorum
3811 1519 4354 1597 communionem,

332 1603 564 1689 Eglise
619 1601 1017 1685 catholique:
1074 1601 1142 1668 la
1194 1602 1614 1668 communion
1668 1600 1785 1667 des
1838 1600 2099 1665 sainctz.
2189 1599 2296 1665 La
2343 1678 2348 1695 .
2397 1602 2854 1669 remissionem
2895 1609 3312 1686 peccatorum
3325 1656 3342 1684 ,
3389 1606 3606 1670 carnis
3647 1604 4211 1683 resurrectionem,
4256 1605 4355 1671 vi-

333 1689 684 1758 remission
727 1687 842 1754 des
884 1687 1143 1771 peches.
1212 1688 1318 1754 La
1360 1688 1803 1754 resurrection
1848 1685 1929 1751 de
1971 1685 2038 1751 la
2079 1686 2289 1752 chair:
2342 1698 2349 1773 2
2398 1697 2537 1753 tam
2585 1698 2940 1754 aeternam.
2991 1691 3224 1754 Amen.
4332 1686 4339 1703 '

330 1776 401 1842 18
435 1776 545 1843 vie
588 1773 921 1841 etei-nelle.
940 1774 1001 1858 2)
2342 1780 2348 1821 ⁵

1096 1895 1162 1931 m
1198 1895 1458 1932 1111881811.
1469 1876 1521 1943 ³)

507 1950 692 2015 Pour
754 1945 911 2012 bien
972 1945 1315 2029 expliquer
1380 1954 1555 2013 ceste
1617 1944 1980 2011 confession
2043 1963 2164 2026 par
2228 1942 2291 2007 18

330 2056 556 2114 menu,
601 2054 687 2100 en
730 2030 1032 2100 combien
1075 2029 1158 2096 de
1199 2032 1444 2116 parties
1486 2032 1554 2097 la
1597 2027 2210 2097 diviserons-nous?

1181 2133 1449 2189 L’mm.

2572 741 2789 809 Oredo
2827 742 2897 808 in
2940 742 3163 808 Deum
3203 692 3464 827 9233?ss
3506 743 4048 826 omnipotentem,
4104 751 4354 813 creato-

2567 1945 2666 2010 Ut
2717 1945 2981 2028 penitus
3037 1897 3498 2031 intenissmmlffi
3552 1947 3604 2013 s'
3776 1968 3846 2013 a:
3891 1948 3964 2012 in
4008 1955 4164 2030 quot
4205 1969 4356 2032 par-

2398 2039 2501 2096 tes
2544 2031 2718 2098 hanc
2762 2031 3230 2097 confessionem
3275 2030 3647 2099 dividemus

3304 2153 3457 2189 mn.

504 2207 614 2272 En
657 2212 890 2288 quatre
931 2203 1347 2297 principales.

2340 2096 2347 2145 i

2341 2172 2347 2355 ἰ
2571 2203 2657 2267 In
2697 2208 2979 2286 quatuor
3021 2204 3426 2286 praecipuas.

2342 2436 2347 2499 !

1124 2326 1191 2360 m
1224 2325 1484 2361 mmm.
3247 2324 3506 2361 mmm.

505 2376 821 2460 Qnelles‘l
2569 2374 2703 2440 Eas
2747 2373 2910 2438 mihi
2953 2395 3237 2441 recense.

504 2551 608 2617 La
664 2550 985 2634 premiere
1041 2479 1561 2615 8818ἠί1ζηῧ188
1626 2546 1691 2612 18
1744 2546 1934 2613 Pere.
2022 2547 2129 2613 La
2191 2568 2292 2612 se-
2342 2546 2347 2585 *
2571 2546 2802 2611 Prima
2836 2546 2923 2610 ad
2956 2546 3177 2615 Deum
3211 2496 3470 2631 paffnh
3507 2547 3853 2631 spectabit:
3903 2548 4193 2615 secunda
4226 2552 4353 2616 erit

331 2636 566 2717 conde,
636 2635 717 2702 de
773 2655 895 2700 son
943 2634 1091 2700 Filz
1149 2634 1335 2701 Iesus
1390 2633 1649 2700 Christ:
1717 2653 1802 2698 en
1858 2631 2141 2717 laquelle
2194 2639 2296 2698 est
2343 2620 2348 2697 ἱ
2399 2632 2479 2697 (18
2535 2631 2672 2696 filio
2719 2633 2870 2697 8188
2926 2630 3082 2699 1888
3137 2632 3434 2711 Christo,
3505 2655 3673 2717 (1888
3727 2634 3928 2698 etiam
3981 2640 4193 2701 totam
4247 2659 4352 2702 re·

331 2724 577 2790 recites
632 2729 812 2788 toute
875 2721 1198 2787 l’histoire
1252 2719 1333 2786 de
1386 2724 1609 2785 nostre
1673 2717 2100 2802 redemption.
2192 2720 2298 2783 La
2343 2726 2349 2738 '
2400 2716 2793 2801 demptionis
2834 2717 3164 2784 humanae
3209 2740 3536 2784 summam
3581 2719 4055 2802 complectitur.
4128 2723 4354 2788 Tertia

334 2810 723 2888 troisiesme,
767 2806 857 2872 du
882 2808 1097 2874 sainct
1117 2807 1363 2889 Esprit.
1432 2806 1537 2872 La
1569 2806 1983 2889 quatriesme,
2031 2803 2113 2871 de
2156 2804 2295 2870 l’E-
2344 2814 2349 2865 1
2400 2803 2528 2868 erit
2581 2802 2664 2868 (18
2722 2802 2959 2887 spiritu
3004 2812 3247 2871 sancto.
3338 2804 3593 2887 Quarta
3636 2803 3717 2870 de
3761 2806 4034 2871 88818818
4075 2814 4140 2872 et
4187 2808 4352 2875 divi-

334 2896 522 2981 glise,
565 2903 635 2960 et
679 2894 794 2961 (188
838 2914 1068 2978 graoes
1112 2893 1194 2959 de
1237 2891 1470 2959 DIEU
1514 2912 1750 2960 envers
1795 2889 2000 2959 icelle.
2344 2870 2351 2931 ἶ
2401 2890 2508 2955 nis
2545 2890 2615 2955 in
2657 2890 2869 2974 ipsam
2915 2890 3267 2958 beneficiis.

1129 3015 1199 3051 m
1232 3014 1494 3050 mm
2346 2984 2351 3005 .
3257 3014 3512 3049 mmm-R.
4027 3040 4034 3047 .

509 3066 663 3133 Veu
717 3066 881 3151 qu’il
935 3070 1049 3153 n'y
1095 3087 1136 3132 a
1187 3069 1391 3150 qu'un
1433 3064 1640 3144 Dieu,
1696 3064 1809 3147 qui
1862 3071 1927 3130 te
1981 3073 2163 3130 meut
2217 3062 2296 3130 de
2573 3066 2691 3143 [fol.
2738 3067 2804 3141 9]
2853 3061 3077 3145 Quum
3120 3085 3252 3130 non
3297 3066 3422 3131 nisi
3477 3085 3650 3129 unus
3705 3065 3795 3130 sit
3831 3064 4044 3131 Deus:
4092 3086 4209 3131 cur
4248 3066 4356 3135 hic

332 3155 573 3221 recitet
614 3154 679 3219 le
711 3154 904 3233 Pere,
950 3153 1013 3218 le
1056 3152 1221 3231 Filz,
1265 3161 1333 3217 et
1365 3151 1427 3216 le
1464 3152 1674 3217 sainct
1708 3151 1956 3235 Esprit,
1998 3152 2113 3234 qui
2147 3160 2299 3216 sont
2400 3150 2564 3214 mihi
2609 3161 2743 3214 tres
2787 3170 3271 3230 commemoras,
3316 3159 3608 3234 patrem,
3652 3150 3892 3229 filium,
3939 3159 4008 3216 et
4050 3152 4353 3235 spiritum

330 3239 542 3307 trois?
2347 3265 2352 3298 ι
2401 3234 2744 3300 sanctum?

1186 3341 1455 3396 n’urur.
2346 3311 2353 3438 J
3302 3357 3454 3393 runt.

514 3413 771 3478 Pource
826 3414 1019 3495 qu'en
1085 3431 1220 3477 une
1272 3409 1452 3475 seule
1518 3428 1782 3475 8888888
1846 3408 2069 3476 divine
2133 3430 2298 3475 nous
2348 3475 2351 3486 ,
2575 3405 2906 3488 Quoniam
2958 3408 3028 3471 in
3087 3429 3222 3472 uua
3277 3408 3411 3473 Dei
3463 3409 3748 3475 essentia
3799 3415 4056 3491 patrem
4110 3410 4358 3475 intueri

336 3520 548 3566 avons
603 3505 646 3565 8
695 3496 1073 3563 consideret
1112 3496 1177 3562 le
1214 3496 1412 3575 Pere,
1469 3515 1722 3562 comme
1774 3494 1840 3560 18
1893 3516 2298 3563 commence-
2346 3489 2352 3572 !
2401 3512 2523 3559 nos
2558 3493 2887 3571 convenit,
2930 3501 3244 3576 tanquam
3288 3493 3682 3577 principium
3724 3502 3793 3560 et
3834 3495 4177 3580 originem,
4220 3497 4357 3580 pri-

332 3592 526 3653 ment
576 3592 647 3651 et
701 3583 986 3668 orig-ine,
1053 3603 1140 3648 ou
1194 3582 1262 3648 18
1316 3601 1511 3649 88888
1565 3582 1890 3666 premiere
1947 3579 2026 3648 de
2083 3588 2299 3648 tontes
2346 3593 2353 3696 Ι
2400 3599 2664 3645 mamve
2708 3599 2932 3644 rerum
2974 3580 3268 3644 omnium
3312 3599 3605 3646 causam:
3664 3580 3898 3647 deinde
3941 3582 4155 3650 filium
4169 3632 4187 3661 ,
4241 3581 4358 3665 qui

339 3672 602 3739 choses:
650 3671 799 3755 puis
843 3691 1033 3754 apres
1070 3689 1193 3735 son
1225 3668 1390 3748 Fila,
1436 3669 1548 3752 qui
1582 3663 1686 3735 est
1719 3688 1794 3733 88
1827 3687 2089 3752 sagesse
2125 3676 2296 3734 eter-
2346 3705 2353 3786 Ι
2402 3666 2491 3731 sit
2533 3671 2802 3732 aeterna
2844 3664 2986 3730 eius
3029 3666 3378 3748 sapientia:
3437 3677 3773 3750 postremo
3817 3667 4128 3750 spiritum
4166 3687 4355 3734 sano-

334 3758 542 3824 nelle:
586 3758 650 3823 le
693 3756 908 3823 sainct
947 3756 1281 3839 Esprit,⁴)
1339 3755 1453 3838 qui
1507 3763 1608 3818 est
1651 3774 1725 3819 88
1766 3762 1961 3819 vertu
2004 3760 2073 3819 et
2115 3756 2296 3837 puis-
2401 3759 2564 3829 tum,
2610 3759 2924 3834 tanquam
2966 3751 3110 3816 eius
3153 3751 3466 3817 virtutem
3508 3773 3630 3837 per
3671 3755 3892 3819 omnia
3923 3752 4187 3836 quidem
4231 3752 4355 3818 dif-

336 3864 569 3923 sance,
624 3839 908 3927 laquelle
961 3850 1062 3908 est
1116 3840 1450 3924 espandue
1505 3861 1619 3905 sur
1671 3846 1887 3904 tontes
1944 3846 2294 3919 creatures,
2400 3837 2636 3915 fiisam,
2683 3855 2852 3920 (1888
2895 3845 3115 3901 tamen
3158 3847 3474 3920 perpetuo
3517 3839 3590 3904 in
3632 3839 3777 3922 ipso
3821 3838 4124 3905 resideat.

335 3945 411 3996 et
454 3930 870 3996 neantmoins
914 3927 1127 3994 reside
1173 3927 1508 3992 tousiours
1553 3946 1637 3990 en
1678 3925 1814 4010 luy.

1138 4049 1205 4083 ΒΖΕ
1240 4047 1503 4085 mlssm.
3249 4043 3508 4078 tenuem
4316 4037 4326 4048 ⁰

516 4103 652 4168 Par
693 4100 835 4168 cela
887 4109 965 4165 tu
1006 4119 1183 4166 veux
1244 4097 1385 4164 dire
1483 4096 1600 4162 u'il
1655 4097 1761 4184 n'y
1807 4117 1847 4163 8
1898 4096 2019 4162 nul
2070 4097 2297 4163 incon-
2573 4093 2741 4160 Inde
2800 4092 3166 4177 significas,
3222 4093 3392 4158 nihil
3447 4115 3589 4159 esse
3642 4093 3940 4174 absurdi,
3995 4094 4054 4160 si
4105 4095 4177 4159 in
4220 4115 4356 4160 una

334 4189 613 4256 venient
628 4239 644 4267 ,
698 4185 894 4271 qu’en
946 4207 1075 4251 une
1128 4205 1377 4251 mesme
1500 4183 1732 4249 ivinite
1786 4204 1952 4249 nous
2005 4203 2298 4266 compre-
2350 4257 2354 4270 ,
2404 4179 2752 4246 divinitate
2796 4178 3140 4246 distinctas
3175 4181 3651 4246 constituamus
3684 4180 3806 4246 has
3849 4188 3985 4246 tres
4019 4201 4353 4265 personas,

333 4276 540 4341 1118118
607 4273 1100 4340 distinotement
1160 4293 1268 4337 ces
1334 4271 1495 4336 trois
1557 4270 1962 4336 Personnes:
2041 4278 2110 4335 et
2173 4291 2299 4353 que
2348 4275 2355 4368 ἱ
2403 4267 2751 4351 Deumque
2794 4273 3142 4350 propterea
3184 4286 3319 4331 non
3363 4263 3588 4331 dividi.

334 4361 575 4428 DIEU
616 4361 797 4426 n’est'
827 4379 945 4443 pas
987 4365 1305 4442 pourtant
1347 4355 1579 4423 divise.
2350 4371 2354 4400 ¹

1188 4459 1456 4514 n’mm.
2350 4451 2355 4486 ¹
3304 4472 3458 4510 run.

513 4533 576 4599 11
618 4540 721 4598 est
759 4531 947 4597 ainsi.
1032 4581 1081 4618 o
2575 4523 2683 4590 Ita
2724 4532 2842 4590 est.

1142 4649 1208 4685 m
1242 4649 1502 4685 mrem.
2351 4625 2357 4676 l
3247 4643 3506 4679 mmm

521 4704 756 4772 Recito
796 4702 1216 4769 maintenant
1252 4700 1321 4765 la
1361 4699 1682 4784 premiere
1723 4700 1955 4782 partie.
2350 4685 2359 4840 ἰ
2577 4696 2814 4762 Recita
2854 4696 2987 4759 iam
3032 4694 3316 4778 primam
3358 4705 3632 4777 partem.

1194 4802 1462 4857 L’suum.
2480 4851 2487 4856 ,
3305 4817 3457 4852 runa.

520 4876 598 4942 Ie
633 4897 745 4943 cro
826 4896 910 4940 en
942 4871 1178 4939 DIEU
1224 4872 1285 4938 le
1321 4871 1491 4937 Pere
1536 4871 2030 4956 tout-puissant,
2077 4875 2196 4950 [foL
2236 4876 2301 4950 ὅ]
2353 4853 2357 4936 ἶ
2580 4866 2793 4934 Credo
2842 4868 2914 4931 in
2967 4867 3188 4932 Deum
3243 4874 3499 4951 patrem
3565 4866 4108 4949 omnipotentem,
4179 4888 4360 4935 crea-

344 4963 675 5031 Oreateur
762 4983 810 5026 u
853 4959 976 5026 ciel
1020 4969 1087 5025 et
1131 4957 1211 5024 de
1255 4957 1317 5021 la
1361 4967 1551 5023 terre.
2354 4969 2359 5036 ζ
2408 4963 2620 5021 torem
2663 4953 2827 5021 coeli
2870 4960 2939 5019 et
2979 4961 3213 5020 terrae.

667 5269 727 5334 1)
765 5267 919 5322 1561.
957 5266 1111 5322 1562.
1147 5266 1307 5320 1566;
1344 5264 1404 5320 18
1441 5281 1570 5335 croy
1605 5281 1674 5319 su
1710 5266 1884 5320 sainct
1916 5263 2123 5333 Esprit‚
2159 5262 2242 5316 118
2278 5265 2482 5319 saincte
2516 5262 2706 5331 Eglise
2742 5260 3083 5318 universelle.
3218 5261 3278 5323 2)
3317 5259 3466 5314 1561.
3504 5257 3656 5315 1563.
3694 5260 3830 5317 1566
3863 5263 4133 5329 qioutent:
4168 5262 4359 5318 Amen.

347 5339 413 5406 8)
452 5339 535 5394 Le
571 5337 624 5393 8.
658 5337 956 5393 (1181888118.
998 5365 1063 5374 -—
1100 5335 1302 5403 Quatre
1338 5335 1560 5403 parties.
1596 5361 1661 5370 -
1695 5332 1777 5388 De
1814 5334 1868 5387 18
1905 5331 2124 5387 Trinite.
2161 5362 2226 5370 —
2264 5332 2345 5387 La
2380 5333 2643 5407 premiere
2681 5331 2873 5400 partie.
2910 5357 2976 5367 —
3013 5328 3167 5385 Pei-e.
3207 5356 3270 5365 -
3305 5328 3653 5400 Qu’emporte
3687 5331 3744 5386 la
3778 5333 4064 5401 puissance
4101 5330 4168 5386 de
4203 5331 4361 5387 Dieu,

348 5439 417 5449 —-
458 5409 543 5464 La
579 5409 867 5477 puissance
905 5404 971 5459 de
1008 5405 1143 5460 Dieu
1181 5403 1319 5460 n’est
1355 5418 1455 5474 pas
1491 5401 1691 5473 oysive.
1898 5399 1959 5464 4)
2000 5401 2150 5456 1553.
2188 5399 2347 5456 1561;
2384 5407 2442 5457 et
2472 5413 2526 5455 18
2561 5401 2736 5456 sainct
2769 5398 2973 5468 Esprit.
