4999 6179
638 409 766 474 259

811 594 1093 661 Sextum
1148 603 1638 680 argumentum:
1709 594 1906 677 Quod
1968 594 2347 660 universam
2403 599 2603 656 natu-

637 702 783 747 ram
840 681 1258 747 damnamus:
1327 682 1480 762 quia
1536 687 1753 748 totum
1807 679 1977 765 quod
2054 679 2253 745 habet
2314 677 2509 742 homo
2564 697 2605 741 a

637 776 879 832 natura
921 767 1232 832 vitiosum
1277 766 1572 834 dicimus.
1658 768 1925 833 Novum
1972 766 2098 832 hoc
2142 786 2274 831 non
2320 784 2479 843 esse,
2528 769 2604 827 ut

635 853 889 919 lateant
933 853 1186 935 gratiae
1236 851 1489 920 inimici
1531 855 1652 920 sub
1697 853 1894 919 laude
1950 858 2226 917 naturae
2269 851 2455 915 testis
2499 854 2604 914 est

635 940 1070 1023 Augustinus.
1099 939 1151 1023 ¹)
1251 938 1354 1003 Ne
1405 944 1630 1006 tamen
1682 937 1752 1004 id
1816 935 2186 1004 declinandi
2251 957 2451 1001 causa
2504 934 2599 999 fa-

638 1046 786 1091 cere
831 1024 1078 1103 videar,
1122 1024 1500 1109 respondeo,
1547 1032 1615 1091 et
1641 1025 2035 1103 Lutherum,
2082 1030 2151 1088 et
2193 1042 2316 1088 nos
2352 1041 2600 1100 omnes,

639 1106 967 1193 duplicem
1026 1112 1426 1176 constituere
1490 1118 1826 1177 naturam:
1895 1109 2213 1195 priorem,
2282 1107 2493 1191 qualis
2561 1128 2601 1172 a

635 1196 784 1261 Deo
826 1195 1088 1263 condita
1131 1196 1372 1275 fuerat,
1419 1218 1615 1279 quam
1661 1217 1897 1281 puram
1962 1200 2109 1276 [pag.
2149 1200 2258 1274 37]
2316 1203 2383 1259 66
2425 1194 2598 1258 inte-

637 1302 828 1365 gram
885 1283 1170 1347 fatemur
1223 1283 1453 1361 fuisse;
1511 1283 1787 1347 alteram
1841 1302 2008 1365 quae
2063 1281 2256 1363 lapsu
2313 1279 2599 1344 hominis

636 1367 897 1447 vitiata,
953 1388 1140 1431 suam
1195 1368 1648 1451 integritatem
1689 1367 1991 1451 perdidit.
2079 1366 2302 1431 Huius
2346 1365 2599 1432 vitiosi-

636 1454 791 1518 tatis
856 1452 1118 1535 culpam
1180 1453 1446 1525 homini,
1486 1453 1842 1520 tribuimus
1859 1504 1874 1532 ,
1941 1472 2076 1517 non
2129 1452 2471 1517 referimus
2529 1452 2601 1515 in

634 1538 873 1604 Deum.
965 1538 1158 1604 Hanc
1204 1538 1570 1605 doctrinam
1616 1541 1670 1605 si
1714 1540 2041 1623 improbat
2082 1538 2391 1622 Pighius,
2448 1556 2601 1603 cum

640 1623 942 1707 apostolo
980 1624 1369 1707 expostulet,
1414 1627 1527 1710 qui
1570 1626 1847 1692 totidem
1888 1644 2092 1707 prope
2127 1624 2345 1689 verbis
2388 1623 2457 1688 id
2501 1623 2601 1705 ip-

638 1730 786 1774 sum
830 1708 1033 1774 tradit
1084 1710 1304 1792 (Rom.
1346 1716 1405 1790 8,
1444 1712 1575 1796 22).
1672 1713 1813 1777 Αο6
1854 1711 1911 1777 61
1953 1710 2157 1789 malit,
2205 1730 2287 1774 ex
2331 1709 2601 1793 Augus-

639 1795 763 1859 tini
808 1815 920 1860 ore
961 1794 1532 1880 respondebimus,
1599 1795 1773 1880 quod
1822 1796 1992 1861 libro
2049 1794 2133 1861 ad
2185 1794 2600 1860 Bonifacium

637 1881 851 1963 primo
894 1879 1202 1945 habetur:
1242 1882 1542 1948 homines
1584 1904 1725 1949 esse
1762 1902 1926 1966 opus
1968 1881 2117 1961 Dei,
2161 1881 2230 1945 in
2275 1889 2601 1963 quantum

640 1966 945 2031 homines
982 1974 1159 2045 sunt,
1205 1965 1320 2031 sed
1348 1969 1469 2034 6011
1507 1968 1762 2033 (11611010
1799 1988 1959 2047 6666,
1996 1967 2067 2031 10
2094 1972 2413 2049 quantum
2448 1985 2601 2048 pec-

640 2056 894 2117 catores
939 2058 1113 2131 sunt,
1159 2054 1286 2118 nisi
1330 2052 1486 2119 inde
1526 2074 1648 2137 per
1690 2053 2032 2119 Christum
2069 2058 2401 2117 eruantur.
2423 2051 2481 2135 ²)
2538 2052 2603 2116 A

638 2135 786 2202 Deo
829 2137 1031 2220 igitur
1074 2138 1243 2216 boni,
1291 2161 1329 2202 a
1371 2160 1441 2204 sc
1482 2139 1646 2222 ipsis
1684 2138 1843 2203 mali
1886 2146 2057 2204 sunt.

810 2221 943 2300 Hic
985 2231 1247 2306 rogatos
1290 2224 1531 2289 iterum
1586 2224 1787 2291 velim
1838 2224 2114 2290 lectores
2157 2229 2232 2285 ut
2282 2221 2601 2287 memine-

636 2307 792 2386 rint,
833 2329 937 2372 me
978 2308 1272 2374 nondum
1316 2332 1399 2375 ex
1441 2310 1748 2375 instituto
1792 2310 1915 2375 has
1968 2307 2384 2392 quaestiones
2426 2314 2601 2373 trac-

635 2404 797 2473 tare,
842 2392 956 2459 sed
1000 2401 1258 2458 tantum
1303 2396 1590 2461 breviter
1641 2414 1984 2461 occurrere
2026 2394 2305 2459 astutiae
2342 2392 2599 2477 Pighii:

636 2478 750 2561 qui
797 2480 932 2544 suis
989 2479 1335 2545 calumniis
1386 2501 1656 2546 exosam
1705 2480 2080 2545 hominibus
2153 2478 2427 2544 reddere
2482 2500 2600 2544 vo·

634 2564 761 2629 luit
803 2572 1096 2630 nostram
1142 2565 1540 2645 doctrinam,
1599 2572 1951 2649 antequam
1993 2565 2074 2630 de
2117 2584 2195 2628 ea
2250 2584 2601 2648 cognosce-

631 2658 812 2729 rent;
866 2659 934 2715 et
988 2651 1172 2733 quasi
1219 2658 1692 2734 praeoccupato
1749 2651 1975 2717 limine
2030 2651 2207 2734 ipsos
2261 2649 2598 2733 impedire,

631 2756 719 2799 ne
746 2734 831 2799 ad
855 2756 1000 2800 eam
1023 2756 1231 2817 usque
1264 2735 1779 2820 cognoscendam
1823 2735 2345 2820 ingrederentur.
2404 2735 2601 2817 Quod

633 2841 669 2883 e
825 2840 958 2884 non
1005 2822 1227 2886 omnia
1271 2821 1351 2887 de
1396 2821 1529 2887 illis
1564 2821 1720 2902 dixi,
1764 2844 1927 2906 quae
1963 2822 2046 2888 ad
2084 2822 2351 2904 plenam
2393 2830 2461 2887 et
2494 2843 2598 2888 so-

630 2903 680 2967 li
882 2926 1110 2971 earum
1154 2907 1657 2990 explicationem
1708 2908 1984 2974 dicenda
2024 2909 2266 2987 forent,
2325 2929 2401 2972 eo
2444 2929 2596 2973 con-

630 2988 777 3055 silio
829 2991 1074 3056 factum
1129 3000 1259 3072 est,
1316 3015 1402 3057 ne
1471 3014 1674 3076 quum
1724 2995 2027 3078 proprius
2078 2993 2258 3059 locus
2317 2994 2595 3073 venerit,

631 3081 749 3141 aut
785 3078 1121 3144 remittere
1165 3078 1297 3145 huc
1338 3078 1644 3146 le'ctorem
1691 3080 1977 3165 cogerer,
2023 3088 2137 3146 aut
2172 3080 2597 3163 supervacuis

630 3161 1130 3246 repetitionibus
1173 3165 1421 3232 frustra
1464 3188 1756 3232 onerare.
1847 3166 2038 3248 Quod
2083 3173 2307 3231 autem
2353 3166 2436 3231 ad
2480 3186 2597 3230 ex-

628 3257 917 3313 tremum
971 3254 1180 3315 totam
1222 3251 1351 3316 Dei
1395 3251 1788 3331 doctrinam,
1826 3252 2148 3317 adductus
2189 3254 2406 3318 nescio
2451 3253 2596 3335 qui-

627 3333 755 3399 bus
798 3333 1125 3401 similibus
1171 3335 1638 3415 dissimillimis,
1681 3340 1820 3404 fore
1861 3337 2209 3405 ridiculam
2253 3337 2491 3416 obiicit,
2539 3339 2593 3403 si

632 3418 714 3484 do
832 3421 923 3484 ati
968 3429 1193 3486 nostro
1236 3422 1419 3489 locus
1462 3424 1675 3504 detur,
1722 3424 1886 3490 nihil
1934 3424 2112 3490 aliud
2152 3424 2312 3504 dien,
2350 3424 2482 3488 nisi
2524 3425 2594 3489 in

629 3506 714 3569 tri
759 3526 840 3570 us
882 3505 1103 3573 verbis
1146 3509 1443 3573 omnium
1483 3509 1752 3576 brevem
1796 3517 1864 3575 ct
1905 3509 2278 3593 expeditam
2322 3509 2591 3575 solutio-

627 3610 784 3657 nem
850 3612 992 3657 esse
1055 3594 1363 3676 positam:
1431 3615 1686 3678 nempe,
1766 3596 1821 3661 si
1885 3595 2347 3678 expendimus,
2416 3595 2592 3675 hinc,

628 3674 789 3759 quid
841 3675 1035 3748 homo
1079 3679 1224 3743 Deo
1280 3678 1540 3759 debeat;
1598 3680 1811 3761 illinc,
1870 3681 2027 3764 quid
2068 3682 2138 3745 in
2184 3681 2450 3746 homine
2491 3682 2590 3745 fa-

629 3763 760 3826 ciat
801 3761 1004 3829 Deus.
1094 3764 1322 3848 Neque
1367 3767 1542 3832 enim
1587 3774 1701 3832 aut
1745 3766 2056 3832 facultate
2098 3775 2326 3832 nostra
2369 3766 2591 3832 metiri

628 3848 914 3913 officium
981 3857 1257 3933 oportet,
1325 3852 1428 3915 cui
1497 3851 1791 3918 adstricti
1850 3871 2108 3930 sumus;
2174 3861 2290 3917 aut
2339 3853 2410 3917 in
2465 3846 2590 3919 hac

629 3932 810 3998 nuda
863 3935 1249 4019 cogitatione
1301 3936 1629 4017 insistere,
1686 3938 1842 4022 quid
1887 3938 2106 4005 valeat
2147 3937 2361 4003 homo.
2451 3937 2590 4002 Ve-

628 4039 811 4098 rum,
857 4020 950 4085 sic
1005 4021 1217 4104 primo
1260 4021 1637 4089 habendum
1682 4031 1807 4104 est,
1855 4024 2055 4092 etiam
2091 4025 2147 4089 si
2188 4023 2356 4108 legis
2397 4024 2589 4088 iusti-

629 4104 792 4168 tiam
847 4126 966 4171 nee
1019 4107 1323 4191 implere,
1378 4131 1499 4175 nec
1542 4110 1854 4176 inchoare
1898 4111 2250 4194 possimus,
2296 4130 2443 4175 eam
2486 4117 2589 4175 ta-

628 4210 784 4254 men
842 4191 985 4258 iure
1042 4213 1081 4257 a
1135 4193 1322 4259 nobis
1374 4196 1616 4279 requiri
1634 4220 1651 4275 ;
1710 4218 1923 4281 neque
1979 4217 2096 4262 nos
2140 4196 2441 4262 excusari
2485 4195 2589 4261 in-

627 4275 961 4356 firmitate,
1007 4285 1123 4343 aut
1161 4281 1403 4345 virium
1448 4281 1725 4360 defectu,
1770 4284 1955 4349 euius
1995 4289 2067 4346 ut
2105 4281 2344 4347 vitium
2388 4303 2428 4346 a
2470 4302 2591 4348 no-

627 4360 729 4426 bis
772 4369 893 4441 est,
937 4364 1033 4428 ita
1073 4363 1267 4448 culpa
1308 4366 1496 4432 nobis
1530 4367 1916 4450 imputanda
1950 4375 2079 4448 est3
2121 4365 2358 4433 deinde
2395 4388 2586 4432 usum

626 4446 793 4531 legis
835 4443 1040 4514 alium
1084 4471 1245 4528 esse,
1289 4474 1486 4534 quam
1521 4454 1958 4519 communiter
1989 4454 2438 4538 imaginantur
2470 4454 2590 4518 ho-

627 4533 854 4600 mines.
948 4538 1097 4614 [pag.
1139 4542 1245 4615 38]
1292 4538 1443 4603 Non
1486 4539 1663 4604 enim
1712 4540 1912 4606 bonos
1939 4541 2154 4606 facere
2196 4547 2426 4623 potest,
2472 4539 2590 4605 sed

625 4640 771 4684 reos
813 4628 1074 4685 tantum
1121 4642 1461 4706 peragere,
1521 4631 1663 4689 tum
1716 4626 2130 4710 ignorantiae
2170 4636 2590 4708 praetextum

625 4704 944 4785 tollendo,
997 4714 1141 4771 tum
1182 4708 1416 4774 falsam
1459 4709 1751 4776 iustitiae
1793 4712 2164 4795 opinionem
2210 4720 2278 4777 et
2319 4711 2587 4777 inanem

623 4789 868 4854 virium
928 4792 1392 4859 confidentiam
1446 4796 1808 4863 refutando,
1919 4798 2028 4863 Ita
2080 4798 2182 4876 fit,
2240 4803 2316 4863 ut
2369 4798 2590 4881 impiis

623 4873 809 4939 nulla
851 4885 1054 4941 restet
1097 4880 1450 4958 excusati0‚
1498 4882 1660 4964 quin
1694 4885 1959 4967 propria
1997 4884 2394 4951 conscientia
2435 4904 2589 4948 000-

620 4960 784 5026 victi
838 4969 1124 5042 reatum,
1183 4964 1392 5030 velint
1434 4967 1677 5045 nolint,
1733 4972 2037 5036 sentiant.
2127 4970 2281 5035 Non
2327 4989 2589 5051 semper

632 5101 768 5108 ή-
797 5103 826 5106 --
855 5103 900 5106 ---

763 5181 822 5248 1)
861 5182 1006 5237 Libr.
1043 5184 1092 5237 2.
1132 5186 1201 5240 ad
1237 5187 1586 5244 Bonifacium.

755 5247 820 5313 2)
861 5249 964 5334 Sgc·
989 5256 1212 5308 omnino
1243 5257 1540 5326 leyendum.
1595 5258 1758 5328 Quod
1781 5262 2045 5329 princeps
2079 5261 2272 5316 habet.-
2310 5269 2586 5328 ornentur,

617 5334 826 5374 merum
859 5326 1051 5376 vaenum
1086 5328 1180 5378 eet.

1953 401 2483 471 RESPONSIO
2529 401 2908 470 CONTRA
2949 401 3368 471 PIGHIUM

4539 405 4657 471 260

2707 588 2968 674 quidem
3022 598 3388 675 agnoscunt
3429 610 3505 656 ac
3547 592 3972 670 confitentur,
4023 588 4171 673 lege
4211 598 4441 655 tamen
4484 591 4659 659 intus

2704 676 3039 742 iudicante
3091 677 3405 741 sentiunt.
3505 676 3622 741 Fit
3675 675 3874 742 etiam
3942 695 3978 739 e
4032 692 4377 753 converse,
4443 687 4518 741 ut
4571 678 4661 761 pii

2705 783 2971 845 prorsus
3025 762 3342 829 exinaniti
3394 764 3574 827 omni
3624 781 3938 845 perversa
3991 761 4095 827 sui
4161 759 4433 842 fiducia,
4501 784 4662 846 quae

2705 869 2864 914 vera
2906 847 3168 913 demum
3216 853 3318 913 est
3360 847 3723 928 humilitas,
3770 847 3984 913 locum
4030 845 4189 913 dent
4221 846 4351 912 Dei
4397 849 4659 932 gratiae,

2705 933 2880 999 unde
2921 933 3377 1000 fortitudinem
3421 941 3703 999 sumant.
3784 934 3937 999 Non
3982 933 4187 1017 igitur
4228 932 4512 999 iubendo
4555 942 4665 1000 aut

2705 1018 3113 1085 exhortando
3157 1021 3331 1086 vires
3371 1027 3645 1093 nostras,
3674 1021 3857 1086 Deus
3893 1026 4175 1104 reputat,
4216 1040 4422 1102 quum
4455 1019 4527 1085 id
4568 1021 4663 1103 ip-

2705 1125 2853 1171 sum
2899 1104 3027 1183 det,
3073 1104 3248 1189 quod
3291 1106 3595 1190 postulat,
3642 1114 3836 1189 66000
3878 1104 4023 1172 1(160
4060 1105 4171 1171 (166
4204 1105 4357 1189 0016
4397 1126 4517 1190 per
4550 1128 4666 1173 nos

2704 1189 3138 1257 destituimur.

2875 1276 3021 1342 Iam
3081 1298 3267 1357 vero,
3322 1286 3400 1342 ut
3456 1278 3627 1342 nihil
3667 1276 4181 1362 praetermittat,
4227 1275 4401 1361 quod
4445 1275 4667 1343 odium

2703 1362 2991 1445 quolibet
3033 1362 3224 1429 modo
3269 1366 3554 1430 conflare
3597 1370 3797 1448 queat
3839 1362 4129 1428 Lutheri
4185 1363 4552 1429 sententiae
4594 1384 4667 1430 ae

2706 1455 2986 1527 nostrae,
3023 1450 3348 1533 originem
3371 1449 3633 1515 trahere
3668 1470 3709 1514 a
3742 1447 4077 1517 veteribus
4111 1447 4458 1515 haereticis
4494 1470 4664 1515 eom-

2703 1541 3055 1613 memorat,
3114 1535 3504 1601 Prisciliano
3522 1588 3536 1614 ,
3596 1535 3988 1601 Manichaeo
4003 1586 4020 1615 ,
4078 1535 4445 1615 Marcione,
4504 1534 4665 1600 Cer-

2706 1618 2891 1699 done,
2929 1620 3206 1703 ipsoque
3247 1620 3409 1686 adeo
3455 1620 3727 1687 Simone
3770 1622 4001 1706 Mago:
4059 1642 4220 1704 quos
4265 1628 4491 1686 tamen
4531 1641 4669 1686 om-

2706 1726 2823 1771 nes
2864 1705 3204 1790 impietate
3243 1706 3403 1773 dicit
3445 1708 3645 1773 fuisse
3691 1729 3732 1774 a
3774 1707 4073 1773 Luthero
4119 1714 4475 1791 superatos.
4547 1705 4669 1771 Di-

2705 1810 2922 1857 cerem
2965 1792 3381 1877 ingeniosum
3426 1815 3567 1859 esse
3603 1793 3729 1858 hoc
3768 1794 4150 1871 artificium,
4195 1794 4251 1858 si
4297 1791 4456 1875 quid
4498 1792 4669 1858 colo-

2704 1876 2797 1942 ris
2838 1876 3124 1944 haberet.
3211 1876 3348 1944 Sed
3382 1900 3584 1962 quum
3619 1881 3688 1944 in
3724 1886 4031 1964 promptu
4066 1879 4153 1944 sit
4230 1879 4401 1944 alam
4435 1880 4669 1959 facere,

2705 1962 2901 2029 nimis
2957 1984 3254 2031 erassum
3312 1971 3379 2029 et
3420 1964 3795 2049 improbum
3839 1985 3981 2032 esse
4024 1986 4173 2031 men
4302 1966 4467 2044 ium,
4515 1963 4673 2047 quid

2704 2047 2878 2115 inde·
2902 2049 3070 2115 lucri
3104 2050 3469 2133 speraverit
3501 2051 3748 2118 nescio:
3795 2052 3922 2117 nisi
3959 2050 4126 2117 forte
4159 2050 4327 2116 illud
4362 2057 4463 2116 est
4497 2049 4674 2134 quod

2706 2135 2837 2198 iam
2884 2134 3051 2215 dixi,
3099 2156 3251 2200 eum
3291 2137 3450 2202 satis
3495 2136 3832 2216 habuisse,
3880 2137 3937 2203 si
3983 2157 4138 2203 suae
4184 2136 4374 2202 modo
4417 2137 4672 2202 farinae

2707 2218 3082 2287 hominibus
3126 2221 3429 2304 placeret,
3476 2224 3589 2305 qui
3623 2244 3836 2306 neque
3880 2230 4107 2289 nostra
4150 2223 4317 2288 attin
4410 2228 4507 2299 nt,
4556 2244 4671 2287 ne·-

2707 2326 2833 2388 que
2876 2307 3236 2390 inquirunt,
3281 2328 3599 2374 verumne
3641 2310 3721 2375 sit
3771 2330 3859 2374 an
3902 2309 4140 2375 falsum
4179 2329 4307 2390 quo
4397 2308 4669 2374 dieitur:

2706 2390 2823 2456 sed
2862 2392 3197 2476 Pighiana
3232 2394 3468 2473 omnia,
3520 2394 3623 2459 vel
3666 2395 3955 2462 Ecciana
3993 2416 4068 2462 60
4104 2402 4362 2459 tantum
4403 2394 4670 2459 nomine

2705 2478 3204 2556 exosculantur,
3262 2480 3414 2562 quia
3469 2481 3540 2544 in
3595 2502 3714 2546 nos
3771 2481 4017 2565 scripta
4072 2488 4245 2561 sunt.
4348 2479 4570 2545 Vetus
4607 2487 4673 2545 et

2705 2563 2990 2630 obsoleta
3035 2572 3136 2630 est
3178 2565 3341 2631 haee
3385 2566 3784 2645 criminatiO,
3831 2588 3967 2633 000
4011 2589 4052 2632 6
4092 2566 4336 2651 Pighio
4377 2567 4672 2650 primum

2702 2660 2983 2732 reperta.
3052 2651 3224 2715 Nam
3268 2652 3724 2735 Augustinum
3760 2654 3853 2718 sic
3897 2653 4055 2717 olim
4089 2653 4421 2719 vexabant
4446 2652 4496 2736 ¹)
4545 2650 4672 2718 Pe-

2701 2733 2962 2819 lagiani,
3008 2738 3195 2819 quasi
3239 2757 3389 2801 cum
3433 2738 3842 2804 Manichaeis
3886 2740 4174 2804 sentiret.
4253 2736 4388 2803 Sed
4434 2737 4673 2803 adver-

2700 2842 2812 2886 sus
2857 2843 3097 2887 vanam
3141 2829 3208 2888 et
3244 2822 3501 2888 futilem
3540 2824 4068 2891 maledicentiam
4113 2845 4373 2906 semper
4416 2834 4521 2888 est
4555 2844 4673 2889 ve-

2703 2905 2883 2971 ritati
2928 2916 3159 2991 parata
3204 2907 3507 2975 defensio.
3596 2910 3692 2977 Ut
3735 2932 3774 2975 a
3819 2910 4089 2977 Simone
4134 2909 4470 2994 incipiam,
4512 2908 4672 2993 quid

2702 3013 2935 3059 causae
2994 2993 3194 3060 habet
3247 2995 3559 3078 Pighius,
3619 3015 3734 3061 cur
3791 3018 3913 3061 nos
3968 2996 4110 3061 eius
4165 2994 4520 3079 discipulos
4574 2995 4673 3061 fa·

2701 3078 2870 3144 ciat?
2926 3080 3060 3145 imo
3116 3101 3232 3146 cur
3275 3104 3426 3146 eum
3467 3103 3737 3165 prorsus
3780 3081 4116 3148 nominet?
4207 3082 4487 3149 Veteres
4534 3081 4673 3148 fere
4724 3082 4741 3089 “

2701 3185 2929 3233 001066
2973 3167 3373 3232 mentionem
3415 3169 3669 3234 faciunt
3711 3167 4030 3247 Simonis,
4076 3169 4216 3235 eius
4260 3190 4518 3251 quoque
4567 3189 4670 3233 er-

2696 3272 2878 3318 rores
2920 3261 3292 3331 recensent3
3336 3254 3451 3319 sed
3492 3253 3732 3333 nullus,
3767 3254 3940 3337 quod
3982 3255 4205 3334 sciam,
4242 3254 4376 3320 tale
4412 3253 4672 3339 aliquid

2698 3342 2845 3417 [pag.
2887 3344 2993 3419 39]
3039 3338 3284 3421 prodit,
3342 3339 3535 3423 quale
3580 3339 3688 3407 hic
3732 3340 4012 3424 Pighius
4054 3341 4272 3406 iactat.
4360 3339 4672 3406 Plurima

2696 3424 2837 3489 eius
2882 3423 3116 3489 deliria
3171 3426 3373 3490 refert
3414 3426 3729 3492 Irenaeus
3782 3427 3949 3493 libro
4001 3428 4214 3511 primo
4231 3450 4247 3506 ;
4304 3427 4669 3492 Tertullia-

2697 3531 2822 3574 nus
2836 3509 2897 3593 2>
2949 3510 3282 3575 nonnulla.
3388 3512 3806 3596 Augustinus
3858 3534 4019 3579 vero
4075 3532 4501 3596 quaecunque
4557 3511 4667 3580 vel

2693 3595 2961 3677 legerat,
3005 3595 3112 3663 vel
3157 3595 3473 3676 audierat,
3519 3597 3782 3683 colligit.
3803 3601 3858 3679 Β)
3931 3597 4037 3664 De
4077 3599 4281 3665 libero
4325 3597 4434 3664 vel
4467 3618 4669 3664 servo

2694 3681 2991 3761 arbitrio,
3048 3680 3129 3746 de
3184 3684 3571 3748 necessitate
3621 3684 3729 3751 vel
3792 3684 4062 3750 fortuito
4119 3692 4362 3752 eventu
4408 3704 4662 3763 rerum,

2693 3787 2961 3848 prorsus
3015 3767 3202 3833 nihil.
3289 3768 3614 3849 Docebat,
3669 3771 3912 3853 inquit,
3967 3771 4369 3854 promiscuos
4410 3790 4665 3836 concu-

2693 3852 2896 3931 bitus;
2954 3852 3176 3922 Deum
3229 3875 3364 3920 non
3408 3855 3638 3921 fecisse
3687 3856 4041 3936 mundum;
4095 3856 4379 3941 negabat
4434 3855 4666 3922 carnis

2692 3939 3238 4006 resurrectionem
3254 3965 3270 4020 3
3327 3942 3660 4007 asserebat
3710 3963 3782 4007 66
3839 3963 3981 4008 6666
4026 3942 4401 4022 Christum,
4458 3943 4667 4008 item-

2695 4035 2820 4107 qu‘e
2862 4024 3093 4091 Iovem
3134 4047 3203 4091 se
3260 4026 3438 4092 credi
3479 4027 3772 4108 volebat,
3828 4029 4203 4095 Minervam
4247 4049 4408 4093 vero
4465 4026 4667 4095 Sele-

2690 4131 2844 4175 nem
2863 4110 2921 4194 ⁴)
2966 4110 3294 4195 quandam
3337 4114 3777 4194 meretricem;
3818 4114 4143 4199 imagines
4184 4135 4339 4180 suas
4373 4123 4442 4179 et
4474 4113 4668 4179 illius

2693 4195 2891 4262 dabat
2929 4196 3314 4264 adorandas.
3403 4198 3683 4265 Dicebat
3740 4221 3811 4266 66
3869 4201 3938 4264 in
3983 4202 4189 4284 patris
4279 4221 4520 4266 ersona
4564 4198 4667 4264 le-

2691 4302 2841 4366 gem
2900 4282 3157 4348 dedisse
3211 4283 3503 4365 Iudaeis3
3557 4285 3679 4351 sub
3746 4285 4009 4351 Tiberio
4062 4288 4135 4351 in
4192 4287 4239 4351 fi
4270 4286 4309 4349 'i
4368 4304 4670 4369 persona

2689 4369 3027 4453 putavisse
3044 4370 3103 4452 ⁵)
3144 4370 3525 4453 apparuisse
3535 4395 3553 4451 3
3609 4378 3835 4454 postea
3874 4373 3949 4437 in
3993 4372 4241 4457 linguis
4283 4373 4500 4456 igneis
4549 4395 4670 4439 su-

2687 4474 2808 4537 per
2851 4455 3176 4538 apostolos
3215 4457 3491 4523 venisse.
3580 4456 3767 4524 Haec
3810 4465 3982 4538 sunt,
4021 4479 4190 4542 quae
4232 4459 4670 4543 Augustinus

2689 4541 2979 4624 undique
3032 4562 3117 4606 ex
3173 4541 3317 4608 aliis
3375 4543 3643 4608 collecta.
3685 4542 3982 4632 redigere
4033 4546 4103 4610 in
4158 4566 4362 4610 unum
4410 4546 4673 4611 catalo-

2690 4647 2848 4711 gum
2979 4628 3123 4692 tuit.
3194 4624 3373 4708 Quid
3416 4628 3525 4695 hic
3569 4631 3852 4712 reperiet
3892 4630 4190 4715 Pighius,
4236 4652 4356 4696 cur
4401 4651 4526 4697 nos
4565 4632 4671 4698 fa-

2692 4712 2822 4778 ciat
2942 4713 3183 4777 imonis
3249 4713 3640 4798 discipulos?
3752 4718 3846 4782 At
3908 4737 4043 4782 non
4110 4717 4668 4784 comminiscitur.

2830 4985 2889 5050 1)
2927 4985 3207 5041 Vexarant
3240 4986 3377 5042 1576
3410 5004 3552 5060 seqq.

2828 5053 2888 5118 2)
2925 5055 3053 5123 Cap.
3090 5054 3171 5110 20.
3211 5057 3277 5112 de
3312 5059 3830 5128 praescriptionibus
3865 5059 4277 5114 haereticorum.

2826 5126 2887 5188 ὅ)
2924 5122 3005 5178 De
3042 5125 3356 5181 haeresibus
3391 5127 3461 5181 ad
3497 5126 3943 5195 Quodvultdeum.

2826 5189 2887 5256 4)
2933 5191 3128 5246 Gallus
3162 5195 3293 5248 bene
3324 5196 3599 5250 emendat.-
3636 5206 3693 5249 et
3726 5195 3884 5251 d'une
3923 5197 4158 5251 ccx-taine
4194 5195 4464 5266 paillarde
4500 5211 4673 5254 nom-

2688 5262 2807 5316 11160
2843 5260 3049 5316 Helene
3084 5262 3120 5316 il
3156 5262 3319 5319 discit
3351 5281 3454 5333 que
3490 5264 3703 5320 c'estcit
3736 5264 3995 5320 minerve.

2826 5329 2887 5399 5)
2922 5332 3197 5398 putavisse
3230 5333 3295 5397 (il
3318 5335 3535 5402 pensoit
3553 5341 3697 5388 estre
3721 5333 3958 5403 apparu)
3977 5336 4230 5389 omittunt
4251 5331 4406 5389 Besa
4436 5341 4669 5409 εἴπῃς.
