4999 6179
411 463 536 524 349

409 652 700 718 Domino
737 672 873 718 non
915 652 1284 735 paruimus,
1331 671 1408 716 eo
1447 650 1699 715 factum
1745 659 1873 729 est,
1919 650 2078 733 quia
2117 650 2368 733 peccati

410 737 841 803 dominationi
888 737 1187 821 obnoxiis
1227 736 1512 802 liberum
1551 754 1681 802 non
1719 736 1861 801 fuit.
1928 735 2212 801 Frustra
2245 737 2367 821 igi-

409 834 523 889 tur
576 823 753 889 mala
815 823 1005 888 nobis
1069 822 1588 905 exprobrantur,
1656 842 1823 905 quae
1878 823 2170 906 effugere
2234 843 2370 888 non

407 912 534 975 fuit
570 916 838 975 nostrae
879 910 1244 993 potestatis.
1335 907 1727 991 Respondeo
1772 905 1944 991 quod
1988 929 2225 973 verum
2267 914 2370 974 est

410 1018 487 1062 ac
542 995 851 1079 simplex:
922 993 1458 1079 investigandum
1520 1015 1663 1060 esse
1729 993 1892 1059 mali
1946 994 2225 1073 fontem,
2292 1001 2369 1059 ut

407 1081 561 1148 inde
602 1081 951 1167 iudicetur,
989 1081 1261 1147 ubinam
1304 1080 1592 1147 resideat
1634 1079 1855 1162 culpa,
1901 1087 2017 1144 aut
2054 1081 2128 1144 in
2169 1101 2368 1162 quem

407 1169 689 1235 conferri
756 1166 1008 1234 debeat.
1108 1166 1256 1232 Iam
1329 1186 1524 1232 nemo
1593 1165 1770 1231 aliud
1826 1167 2085 1230 causari
2149 1176 2368 1248 potest

407 1276 527 1321 cur
563 1261 805 1339 peccet,
828 1254 958 1319 nisi
991 1255 1237 1319 malam
1272 1252 1698 1320 voluntatem.
1751 1251 2137 1316 Voluntatis
2171 1271 2366 1334 porro

405 1340 660 1407 malitia
703 1362 837 1406 non
881 1338 1147 1405 aliunde
1189 1348 1318 1417 est,
1370 1359 1566 1420 quam
1611 1359 1692 1401 ex
1738 1335 2179 1402 haereditaria
2222 1358 2365 1402 cor-

403 1429 728 1510 ruptione.
817 1424 998 1507 Quid
1052 1425 1260 1510 igitur
1312 1423 1608 1507 prodest,
1664 1423 1806 1488 eius
1859 1422 2181 1488 invidiam
2239 1423 2365 1488 alio

402 1513 722 1591 derivare,
767 1511 940 1594 quod
981 1512 1126 1577 iure
1170 1509 1357 1576 nobis
1401 1507 1809 1592 imputatur?
1892 1507 2145 1592 Culpae
2190 1506 2363 1573 radi-

405 1620 548 1666 cem
590 1600 661 1663 in
702 1597 893 1664 nobis
934 1597 1332 1664 invenimus.
1393 1593 1574 1676 Quid
1619 1614 1797 1678 ergo,
1843 1594 1926 1659 ad
1970 1594 2364 1677 captandam

405 1686 892 1751 excusationem
950 1703 1267 1748 conamur
1319 1682 1445 1746 alio
1501 1681 1859 1745 transferre
1876 1680 1908 1743 ⁴?
2010 1680 2206 1746 Hanc
2257 1702 2362 1745 re-

404 1771 823 1856 sponsionem
887 1771 1049 1835 satis
1101 1767 1323 1835 valida
1398 1767 1843 1831 confutatione
1907 1766 2226 1849 repellere
2290 1787 2362 1831 se

401 1864 588 1941 putat
621 1856 936 1940 Pighius,
996 1855 1154 1920 dum
1197 1876 1314 1920 suo
1357 1850 1622 1919 fastidio
1677 1853 1960 1935 respuit:
2017 1853 2144 1917 nisi
2188 1851 2362 1936 quod

402 1945 473 2008 in
517 1943 770 2029 Moysis
813 1943 1206 2018 testimonio,
1250 1940 1391 2005 illic
1435 1939 1637 2004 etiam
1680 1959 1983 2017 excuss0,
2030 1939 2362 2021 aliquanto

401 2028 783 2113 diligentius
827 2028 1091 2095 insistit.
1182 2026 1451 2110 Moyses
1495 2025 1706 2104 enim,
1751 2024 2171 2109 promulgata
2214 2030 2361 2105 [pag.

407 2120 555 2193 162]
623 2115 807 2199 lege,
871 2113 1190 2198 populum
1243 2114 1314 2176 in
1366 2112 1546 2176 hunc
1599 2109 1871 2175 modum
1926 2119 2358 2176 contestatur:

397 2199 796 2267 Mandatum
840 2200 985 2279 hoc,
1030 2198 1204 2281 quod
1240 2218 1360 2281 ego
1405 2196 1599 2262 hodie
1644 2196 1764 2261 tibi
1807 2197 2166 2280 praecipio,
2225 2219 2363 2261 non

399 2298 502 2353 est
555 2287 913 2364 occultum,
986 2306 1199 2368 neque
1241 2283 1469 2367 procul
1514 2283 1833 2365 positum,
1889 2282 2006 2348 sed
2060 2284 2251 2348 iuxta
2294 2292 2360 2348 te

397 2380 518 2453 est,
565 2374 635 2438 in
680 2394 792 2437 ore
836 2380 984 2450 tuo,
1044 2383 1110 2437 et
1151 2372 1222 2435 in
1268 2369 1462 2436 eorde
1507 2376 1620 2434 tuo
1673 2369 1902 2452 (Deut.
1943 2374 2043 2448 30,
2093 2376 2184 2433 ll.
2231 2368 2358 2453 14).

397 2460 584 2525 Haec
628 2459 1019 2525 contestatio
1063 2479 1267 2540 quum
1310 2455 1615 2521 videatur
1648 2456 1719 2519 in
1764 2455 2033 2520 homine
2075 2454 2360 2521 multum

398 2545 736 2625 collocare,
773 2543 988 2610 videri
1025 2544 1228 2609 etiam
1263 2549 1485 2626 posset
1524 2542 1847 2623 superiori
1868 2541 2179 2606 solutioni
2217 2561 2361 2607 esse

398 2633 743 2697 contraria.
814 2631 988 2696 Eam
1030 2631 1234 2713 igitur
1267 2627 1521 2693 adduco
1567 2633 1635 2691 et
1675 2626 1957 2709 explico:
2005 2648 2216 2709 neque
2261 2635 2359 2691 ta-

395 2738 554 2782 men
588 2718 857 2782 interim
894 2715 1253 2794 dissimu10,
1291 2713 1555 2781 eludere
1588 2722 1969 2796 promptum
2003 2711 2166 2776 mihi
2200 2713 2358 2791 fore,

396 2803 456 2867 si
499 2802 798 2869 cavillari
839 2802 1153 2869 haberem
1198 2801 1268 2865 in
1304 2801 1554 2865 animo:
1600 2800 1698 2863 uti
1745 2821 1827 2863 ue
1872 2799 1929 2863 si
1963 2797 2044 2863 de
2086 2798 2360 2863 notitiae

395 2894 677 2967 tantum,
723 2909 861 2954 non
904 2896 1126 2954 autem
1171 2884 1563 2952 observandi
1597 2884 1719 2949 faci
1752 2884 1928 2964 ‘tate,
1967 2885 2074 2968 agi
2110 2882 2356 2949 dixero.

397 2971 535 3040 Sed
580 2972 857 3039 ostendo
898 2995 983 3039 ex
1027 2973 1257 3052 Pau10,
1303 2972 1450 3055 quis
1494 2972 1635 3036 sine
1672 2969 1869 3035 dubio
1905 2970 2231 3055 genuinus
2274 2971 2362 3036 sit

398 3081 476 3127 ac
519 3081 730 3144 purus
775 3077 1036 3126 sensus:
1099 3078 1337 3142 nempe
1381 3058 1436 3123 si
1482 3055 1566 3122 ad
1610 3055 2049 3141 evangelium,
2094 3077 2230 3122 non
2275 3056 2361 3123 ad

396 3146 614 3231 legem
657 3147 923 3211 referas.
993 3146 1081 3210 In
1123 3139 1485 3209 refellenda
1526 3143 1730 3227 priori
1773 3142 2114 3221 solutione,
2160 3164 2359 3226 quam

397 3234 540 3316 ipse
594 3232 1074 3299 cavillatoriam
1132 3251 1274 3295 esse
1318 3230 1554 3308 fateor,
1615 3228 1899 3294 multum
1944 3228 2201 3294 laborat
2242 3230 2358 3296 Pi·

399 3318 624 3404 ghius:
696 3317 781 3384 ad
823 3317 996 3383 hanc
1064 3317 1344 3383 alteram
1385 3336 1589 3397 quum
1649 3322 1926 3381 ventum
1990 3323 2119 3393 est,
2187 3316 2359 3381 nihil

397 3426 588 3488 posse
633 3404 985 3471 absurdius
1020 3404 1183 3487 fingi
1218 3401 1575 3480 existimat,
1621 3409 1736 3464 aut
1776 3401 1986 3485 magis
2030 3421 2070 3465 a
2104 3401 2360 3486 Moysis
2408 3455 2413 3472 .

398 3491 620 3556 verbis
665 3489 1189 3568 dissentaneum,
1247 3507 1444 3570 quam
1489 3487 1546 3552 si
1588 3506 1823 3553 verum
1867 3488 1985 3566 sit,
2032 3486 2112 3550 de
2153 3509 2357 3553 evan·-

400 3577 570 3662 gelio
614 3585 915 3660 oportere
957 3576 1081 3641 hoe
1123 3573 1423 3657 intelligi.
1513 3572 1660 3637 Iam
1705 3572 1870 3649 nihil
1913 3573 2136 3653 miror,
2184 3574 2359 3656 quod

399 3671 536 3728 tam
578 3683 847 3728 saevum
891 3683 968 3728 ac
1011 3659 1459 3727 truculentum
1504 3657 1854 3724 adversum
1900 3679 2022 3723 nos
2066 3680 2137 3724 se
2171 3680 2357 3742 prae-

399 3749 567 3826 beat,
614 3769 820 3832 quum
877 3749 950 3812 in
1002 3747 1308 3830 spiritum
1350 3753 1651 3811 sanctum
1691 3744 1899 3810 nihilo
1943 3746 2030 3809 sit
2072 3744 2357 3811 clemen-

400 3836 544 3900 tior.
605 3835 804 3900 Certe
848 3834 1122 3917 spiritus
1164 3830 1438 3909 Christi,
1484 3831 1599 3915 qui
1641 3850 1759 3912 per
1802 3831 2086 3914 Moysen
2128 3830 2357 3914 loquu-

402 3931 509 3986 tus
551 3922 799 3998 fuerat,
856 3939 978 4003 per
1018 3940 1091 3984 os
1133 3917 1331 3985 Pauli
1376 3917 1600 3992 (Rom.
1648 3921 1742 3993 10,
1785 3922 1840 3980 5.
1884 3918 1988 3999 ὅ),
2036 3917 2195 4000 quid
2237 3939 2356 3983 vo-

399 4007 626 4086 luerit,
683 4011 968 4072 enarrat.
1057 4005 1289 4088 Neque
1349 4024 1506 4068 vero
1557 4001 1874 4085 perplexa
1928 4009 2031 4066 est
2084 4009 2202 4068 aut
2244 4004 2358 4070 ob-

399 4113 591 4159 scura
651 4091 1124 4175 interpretatio.
1237 4089 1354 4155 Fit
1420 4089 1597 4154 enim
1665 4088 1995 4171 evangelii
2060 4095 2129 4153 et
2189 4088 2358 4174 legis

399 4178 825 4263 comparatio:
871 4177 1047 4261 quod
1089 4177 1200 4241 lex
1245 4177 1452 4242 vitam
1497 4195 1630 4239 non
1673 4174 2035 4256 promittat,
2082 4175 2214 4240 nisi
2253 4176 2353 4255 iis,

399 4266 510 4348 qui
564 4264 875 4330 mandata
928 4262 1382 4347 impleverint;
1450 4260 1865 4345 evangelium
1930 4271 2150 4326 autem
2208 4282 2359 4345 gra-

400 4354 635 4416 tuitam
684 4350 1006 4415 iustitiam
1062 4349 1325 4427 offerat,
1381 4368 1513 4430 qua
1575 4347 1876 4412 homines
1931 4344 2077 4411 Deo
2131 4368 2358 4413 recon-

401 4436 739 4516 cilientur,
799 4458 875 4503 ac
940 4443 1249 4501 aeternae
1313 4433 1545 4499 salutis
1610 4431 1927 4497 haeredes
1991 4434 2173 4498 fiant.
2275 4433 2360 4499 In

401 4523 574 4587 hanc
607 4543 751 4588 rem
787 4523 1027 4589 citatur
1060 4521 1241 4586 locus
1275 4519 1418 4584 ille:
1464 4518 1619 4583 Non
1656 4517 1887 4602 procul
1921 4527 2024 4583 est
2057 4519 2354 4600 verbum,

399 4628 610 4759 33:3²³
656 4629 857 4760 2¹3¹?
879 4608 1346 4759 Qiissauffisst
1388 4604 2356 4775 {idisssssspiffuiiaffguiffiffi

400 4746 571 4863 quid'
614 4715 940 4846 ‹iamai-'es
994 4780 1208 4863 magis
1251 4777 1336 4842 ad
1389 4777 1902 4862 intelligendum
1953 4776 2189 4843 facile?
2279 4743 2357 4844 si

400 4867 748 4932 autoritas:
801 4867 1079 4933 coeleste
1122 4871 1226 4929 est
1268 4863 1625 4930 oraculum.
1713 4862 2190 4928 Audicndaene
2232 4864 2357 4947 igi·

399 4961 513 5017 tur
553 4953 687 5018 iam
731 4961 887 5018 sunt
927 4959 1157 5019 contra
1193 4948 1416 5034 Pighii
1460 4947 1951 5030 blasphemiae?
2018 4946 2154 5015 Sed
2197 4957 2354 5032 quo-'-

399 5039 581 5104 niam
619 5037 867 5104 bellum
911 5039 1088 5105 coelo
1121 5035 1524 5103 denunciare
1566 5055 1701 5101 non
1736 5035 1963 5101 horret
1997 5035 2107 5100 hic
2149 5037 2355 5120 gigas,

399 5131 772 5208 spectemus
822 5125 1185 5208 paulisper,
1251 5122 1511 5206 qualem
1576 5122 2071 5204 imPressionem
2137 5122 2351 5188 faciat.

399 5211 626 5288 Totus,
671 5210 905 5294 inquit,
949 5218 1296 5276 contextus
1330 5210 1698 5274 necessario
1731 5207 2037 5290 postulat,
2083 5207 2164 5273 de
2205 5206 2354 5292 lege

398 5295 705 5380 intelligi.
804 5295 1048 5362 Fateor
1099 5304 1276 5362 certe
1321 5293 1402 5360 de
1455 5294 1602 5376 lege
1653 5293 1970 5376 primum,
2030 5300 2353 5378 quatenus

397 5381 484 5448 ad
529 5382 948 5468 evangelium
995 5384 1313 5448 transitus
1358 5387 1475 5459 est,
1520 5378 1717 5462 idque
1757 5379 1953 5445 officii
1997 5378 2229 5460 habet,
2275 5388 2353 5444 ut

1895 461 2024 528 DE
2067 460 2425 529 LIBERO
2468 462 2944 531 ARBITRIO.

4309 472 4434 534 350

2474 649 2559 715 ad
2604 649 2949 717 Ohristum
3009 656 3156 732 [pag.
3201 659 3350 735 163]
3405 674 3612 720 11181111
3662 654 3877 721 ducat.
3965 654 4221 721 Verum
4274 678 4433 741 quo-

2472 737 2656 801 niam
2716 737 2799 802 de
2856 738 3012 803 solis
3069 741 3436 823 praeceptis
3502 742 3757 807 frustra
3808 741 3971 808 haec
4038 741 4431 823 dicerentur,

2471 822 2584 887 vel
2626 823 2856 889 saltem
2948 846 3137 889 arum
3180 825 3431 891 homini
3489 827 3955 906 conducerent,
4012 849 4145 893 non
4189 830 4317 894 nisi
4359 831 4433 896 in

2473 909 2754 974 exitium
2798 911 2886 976 se‘
2921 913 3049 977 icet
3081 911 3198 991 illi,
3245 920 3512 996 propter
3546 921 3825 979 naturae
3862 915 4094 979 vitium
4133 935 4429 981 cessura:

2470 993 2619 1059 ideo
2662 1016 2795 1061 non
2839 1017 2960 1079 per
2990 992 3374 1083 κατάχρησιν,
3420 999 3535 1065 sed
3572 998 3934 1067 secundum
3980 1001 4319 1083 proprium
4363 1010 4432 1067 et

2471 1078 2815 1162 literalem,
2862 1092 2940 1146 ut
2980 1084 3074 1149 sic
3108 1083 3355 1168 loquar,
3394 1106 3678 1166 sensum,
3726 1082 3810 1150 ad
3844 1086 4260 1170 evangelium
4296 1095 4432 1153 tra-

2471 1165 2657 1233 ducit
2697 1168 2967 1234 Paulus.
3051 1171 3258 1254 Atqui
3303 1171 3466 1237 haec
3509 1171 3806 1238 illusoria
3847 1181 4028 1238 sunt:
4087 1172 4432 1256 Praecipio

2469 1259 2547 1316 ut
2586 1253 2818 1333 facias,
2864 1275 3154 1338 propono
3198 1258 3267 1321 in
3313 1265 3665 1342 conspectu
3709 1264 3825 1322 tuo
3869 1252 4066 1322 hodie
4110 1259 4322 1323 vitam
4365 1266 4432 1324 ct

2469 1346 2781 1403 mortem:
2841 1341 2896 1405 si
2953 1343 3509 1425 contemptoribus
3565 1344 3897 1421 dicantur,
3958 1364 4119 1426 quos
4164 1363 4431 1411 necesse

2469 1424 2560 1488 sit
2612 1425 2683 1488 in
2741 1446 2862 1490 sua
2918 1425 3157 1493 duritie
3216 1449 3291 1494 ac
3345 1431 3753 1496 contumacia
3794 1429 4178 1512 persistere,
4226 1430 4431 1497 donec

2470 1528 2582 1573 eor
2616 1511 2910 1593 ipsorum
2952 1512 3281 1596 lapideum
3317 1516 3629 1581 reformet
3663 1517 3864 1581 Deus.
3932 1515 3996 1581 N
3998 1538 4081 1581 on
4118 1517 4213 1582 sic
4247 1517 4429 1582 Pau-

2467 1595 2594 1674 lus,
2640 1596 2756 1679 qui
2799 1596 3013 1681 legem
3058 1598 3204 1665 ideo
3228 1602 3691 1667 .ministerium
3735 1602 3996 1682 mortis,
4044 1610 4113 1667 et
4155 1602 4429 1669 damna-

2467 1680 2667 1747 tionis
2710 1693 2902 1749 vocat
2944 1685 3015 1768 (2
3043 1684 3191 1750 Oor.
3234 1691 3292 1765 3,
3336 1689 3423 1767 7),
3469 1687 3641 1771 quod
3684 1687 3853 1753 1111111
3896 1709 4094 1770 quam
4135 1688 4429 1755 occidere

2467 1773 2536 1832 et
2577 1768 2779 1833 exitio
2824 1769 2981 1834 dare
3031 1791 3183 1836 suos
3229 1770 3584 1856 discipulos
3627 1774 3931 1856 potuerit,
3976 1775 4105 1838 nisi
4150 1796 4268 1858 per
4309 1797 4429 1840 no-
4522 1852 4526 1857 ,

2466 1874 2628 1919 vum
2685 1854 2913 1920 foedus
2974 1856 3275 1924 cordibus
3330 1859 3667 1944 insculpta
3731 1865 3921 1925 esset.
4023 1859 4153 1925 His
4215 1859 4424 1940 dictis,

2465 1942 2655 2022 quasi
2708 1962 2815 2005 me
2870 1944 3299 2009 constrictum
3355 1945 3440 2009 ad
3495 1967 3691 2011 suum
3746 1945 4039 2011 tribunal
4092 1967 4282 2011 reum
4323 1947 4429 2011 iu-

2468 2025 2597 2090 dex
2650 2033 2903 2106 teneat,
2962 2029 3367 2094 sufficienter
3434 2029 3957 2096 demonstratum
4015 2034 4427 2114 pronunciat,

2464 2131 2667 2194 quam
2710 2114 3041 2179 contraria
3075 2116 3442 2181 sententiae
3477 2125 3742 2182 nostrae
3779 2118 3867 2183 sit
3899 2124 4040 2182 tota
4083 2119 4423 2201 scriptura.
4530 2166 4543 2177 -

2463 2198 2612 2281 Ego
2669 2219 2827 2264 vero
2883 2200 3150 2265 consulo
3171 2252 3187 2280 ,
3245 2201 3302 2266 si
3357 2201 3517 2284 quid
3574 2202 3867 2268 iudicare
3924 2204 4199 2287 posthac
4243 2204 4426 2283 velit,

2463 2291 2544 2348 ut
2598 2305 2669 2350 se
2722 2285 2907 2367 prius
2962 2284 3046 2351 ad
3091 2286 3482 2372 Anticyram
3542 2288 3861 2353 conferat:
3919 2288 4094 2353 unde
4149 2290 4429 2355 sanioris

2464 2376 2532 2434 et
2573 2372 2974 2455 purgatioris
3019 2373 3270 2438 cerebri
3314 2372 3559 2439 redeat.

2864 2674 2873 2677 -
2941 2628 3041 2695 IN
3085 2628 3459 2697 LIBRUM
3502 2628 3952 2712 QUINTUM.

2638 2799 2846 2865 Libro
2889 2800 3118 2882 quinto
3153 2800 3225 2865 in
3259 2801 3384 2866 hoc
3428 2800 3736 2882 elaborat,
3765 2804 3816 2887 l)
3859 2808 3936 2867 ut
3974 2803 4263 2868 recitatis
4300 2804 4425 2870 ite-

2464 2907 2617 2951 rum
2652 2885 3001 2951 haereticis
3035 2886 3390 2967 veteribus,
3432 2889 3544 2970 qui
3578 2889 3651 2952 in
3684 2890 4020 2972 praesenti
4042 2890 4425 2972 quaestione

2465 2971 2888 3051 aberrarunt,
2947 2972 3122 3037 inter
3180 2971 3475 3040 diversas
3530 2982 3599 3039 et
3649 2981 4025 3058 pugnantes
4092 2982 4425 3041 sectarum

2463 3059 2802 3142 opiniones
2843 3058 2937 3125 sic
2982 3064 3420 3143 temperatam
3462 3057 3766 3125 ostendat
3808 3080 4015 3139 suam,
4061 3060 4292 3144 suique
4336 3063 4424 3131 si-

2463 3145 2722 3210 milium
2775 3143 3168 3225 doctrinam,
3238 3153 3313 3211 ut
3376 3146 3458 3212 ab
3514 3147 3828 3213 extremis
3880 3147 4039 3213 hinc
4102 3147 4257 3212 inde
4320 3168 4424 3213 re—

2463 3238 2693 3310 tracta,
2738 3228 3256 3296 mediocritatem
3298 3232 3614 3297 retineat:
3670 3255 3792 3302 nos
3834 3254 3991 3300 vero
4035 3241 4296 3314 contra,
4339 3255 4425 3299 ex

2464 3316 2745 3402 singulis
2788 3335 3018 3381 eorum
3059 3318 3171 3401 qui
3215 3316 3504 3382 libertati
3539 3319 3796 3384 arbitrii
3840 3317 4260 3404 derogarunt,
4304 3319 4424 3385 ali·

2464 3402 2621 3485 quid
2661 3402 2986 3481 hausisse,
3033 3411 3227 3486 atque
3270 3404 3367 3468 ita
3407 3405 3806 3487 permixtam
3850 3408 4095 3490 partim
4129 3426 4216 3470 ex
4247 3405 4423 3470 mul-

2464 3492 2551 3553 tis
2593 3488 2922 3571 variisque
2962 3487 3292 3554 erroribus
3349 3488 3715 3557 doctrinam
3770 3491 4014 3557 habere
4058 3492 4421 3571 convincat,

2462 3575 2705 3657 partim
2760 3595 2935 3641 nova
2987 3575 3186 3640 etiam
3244 3585 3614 3643 commenta
3657 3575 3984 3643 addidisse
3998 3630 4014 3657 ,
4070 3598 4237 3662 quae
4280 3597 4421 3642 om-

2462 3681 2619 3724 nem
2684 3661 2977 3742 priorum
3055 3660 3537 3729 haereticorum
3613 3664 4020 3747 impietatem
4089 3673 4419 3746 superent.

2462 3746 2604 3811 Nos
2647 3746 2824 3811 enim
2869 3768 3022 3811 cum
3064 3747 3423 3826 Marcione,
3465 3749 3841 3830 Valentino,
3899 3749 4307 3824 Manichan,
4354 3757 4422 3814 et

2463 3831 2819 3910 similibus,
2878 3839 3190 3898 naturam
3250 3834 3538 3901 hominis
3602 3835 3847 3901 malam
3916 3836 4200 3919 fingere:
4269 3855 4421 3899 eum

2462 3916 2832 3984 VViclefuo
2898 3924 2966 3983 et
3027 3919 3395 3985 Laurentio
3459 3919 3688 4000 Valla,
3756 3922 4088 3986 hominem
4155 3918 4420 3985 divinae

2462 4011 2724 4069 tantum
2782 4002 3137 4069 voluntatis
3203 4007 3719 4071 instrumentum
3783 4010 3929 4084 [pag.
3977 4009 4123 4084 164]
4184 4004 4417 4083 facere,

2461 4100 2538 4154 ut
2582 4098 2820 4174 agatur
2861 4090 3099 4172 potius,
3142 4111 3340 4173 quam
3373 4103 3545 4175 agat.
3603 4089 3847 4156 Omnia
3889 4090 4293 4174 suspendere
4335 4112 4417 4156 ex

2462 4177 2593 4241 Dei
2636 4176 2833 4241 unius
2879 4174 3177 4239 arbitrio:
3233 4176 3522 4242 ut-nihil
3565 4177 3756 4243 nobis
3808 4177 4270 4260 contingenter
4312 4197 4418 4242 ac-

2463 4261 2669 4339 cidat,
2717 4260 2832 4327 scd
2884 4282 3069 4326 mera
3110 4264 3499 4329 necessitate
3551 4263 3788 4328 omnia.
3879 4262 4030 4328 Hoc
4073 4284 4231 4329 vero
4274 4262 4419 4327 aliis

2463 4347 2770 4413 omnibus
2813 4346 3057 4413 habere
3097 4350 3299 4431 peius,
3346 4349 3517 4432 quod
3555 4356 3775 4415 tantae
3810 4350 4266 4433 perversitatis
4299 4368 4419 4412 na-

2464 4443 2685 4498 turam
2728 4440 2956 4514 totam,
3001 4441 3250 4517 quanta
3282 4447 3529 4519 quanta
3572 4445 3688 4516 cst,
3735 4435 4153 4513 damnamus,
4200 4443 4275 4498 ut
4317 4436 4418 4498 ni-

2464 4519 2560 4584 hil
2605 4519 2813 4602 possit
2844 4540 3044 4604 quam
3079 4522 3253 4586 male
3289 4543 3506 4606 agere,
3552 4525 3752 4589 etiam
3787 4525 3857 4588 in
3893 4522 4165 4588 sanctis:
4213 4539 4419 4603 quum

2461 4605 2581 4683 illi,
2622 4603 3020 4672 Valentinus
3057 4607 3321 4688 scilieet,
3357 4608 3677 4687 Marcion,
3717 4630 3793 4675 ac
3827 4608 4221 4686 Manichaei,
4264 4625 4416 4689 par-

2464 4692 2585 4756 tim
2612 4691 2913 4771 -bonam,
2981 4693 3225 4776 partim
3288 4694 3533 4759 malam
3590 4694 3950 4760 docuerint.
4060 4693 4223 4757 Dixi
4282 4694 4418 4758 iam

2461 4784 2638 4856 ante,
2679 4783 2749 4841 et
2791 4779 2980 4860 quasi
3022 4778 3229 4862 digito
3270 4779 3590 4858 indicavi,
3637 4800 3838 4862 quam
3890 4778 4122 4862 putida
4166 4778 4255 4843 sit
4307 4800 4415 4845 ca—

2461 4862 2715 4928 lumnia
2728 4915 2744 4941 ,
2792 4861 2966 4946 quod
3016 4885 3136 4929 nos
3177 4864 3273 4929 ita
3316 4865 3641 4931 Marcioni
3686 4872 3753 4929 et
3804 4863 4217 4929 Manichaeis
4260 4866 4415 4931 sub-

2461 4947 2616 5015 inde
2681 4947 3010 5033 adiungit:
3102 4970 3143 5014 a
3214 4949 3450 5034 quibus
3515 4972 3653 5015 non
3720 4950 3942 5015 minus
4005 4949 4413 5028 dissidemus,

2459 5055 2661 5118 quam
2698 5034 2978 5120 Pighius
3033 5036 3175 5119 ipse
3231 5058 3271 5101 a
3327 5035 3532 5101 nobis.
3621 5034 3817 5115 Quod
3861 5043 4165 5100 naturam
4211 5034 4415 5101 tradi·

2599 5326 2656 5394 1)
2699 5325 2792 5381 Sic
2825 5327 2945 5381 sola
2969 5328 3248 5396 princeps.
3324 5324 3584 5381 caeterae
3618 5343 3828 5383 omnes.-
3873 5326 4206 5381 elaborabat.
4283 5323 4414 5380 Gaz-

2457 5396 2572 5450 lus:
2608 5397 2643 5450 il
2680 5396 2927 5451 insistoit.
