4999 6179
429 452 554 516 325

430 641 704 706 retribui
749 636 1143 724 gratitudini
1186 646 1470 718 nostrae,
1517 638 1704 722 quasi
1751 637 2197 723 superioribus
2243 659 2393 723 gra-

432 728 543 793 tiis
599 726 771 793 bene
839 722 1078 791 utendo
1138 725 1262 790 hoe
1315 746 1397 790 ex
1453 726 1645 791 nobis
1698 725 2155 791 meruerimus.
2246 724 2397 789 Hoc

433 815 526 880 810
574 814 994 897 Augustinus
1037 813 1411 877 confirmat:
1472 810 1652 877 Satis
1695 811 1980 877 dilucide
2021 809 2395 876 ostenditur

433 906 503 965 et
539 896 898 965 inchoandi
933 906 1000 962 et
1041 898 1112 963 in
1155 899 1358 963 finem
1415 897 1882 980 perseverandi
1927 898 2214 980 gratiam
2259 917 2393 960 non

432 986 796 1052 secundum
840 984 1080 1049 merita
1121 991 1350 1049 nostra
1393 982 1555 1062 dari,
1600 982 1714 1049 sed
1760 982 1990 1047 donari
2032 981 2393 1047 secundum

432 1073 642 1156 ipsius
686 1071 1194 1137 secretissimam
1234 1068 1641 1152 eandemque
1683 1069 2115 1133 iustissimam
2131 1120 2148 1146 ,
2193 1068 2391 1133 bene-

432 1158 942 1235 ficentissimam,
989 1157 1549 1239 sapientissimam
1590 1154 2031 1221 voluntatem:
2080 1154 2392 1236 quoniam

432 1267 594 1329 quos
631 1243 1184 1327 praedestinavit,
1232 1264 1341 1308 eos
1385 1251 1452 1307 et
1494 1243 1770 1307 vocavit.
1861 1238 2044 1321 Quid
2082 1259 2262 1305 110110
2306 1238 2390 1304 011

429 1329 1002 1415 tergiversandum
1053 1329 1377 1413 (effugere
1442 1330 1619 1392 enim
1671 1327 1859 1392 nullo
1903 1325 2097 1391 modo
2141 1323 2388 1409 potest)

429 1414 737 1483 obtendet
763 1418 812 1499 ¹)
867 1414 1191 1499 Pighius?
1292 1416 1402 1479 An
1456 1414 1727 1479 mutilas
1781 1434 1858 1478 ao
1914 1432 2185 1477 mancas
2241 1431 2389 1475 8011-

429 1505 667 1569 tentias
724 1523 832 1567 me
907 1501 1256 1584 decerpere
1332 1501 1735 1577 causabitur,
1802 1520 1970 1582 quae
2029 1497 2390 1595 Augustini

429 1598 723 1655 mentem
780 1589 1054 1653 minime
1099 1585 1594 1652 demonstrent?
1685 1588 1780 1649 At
1831 1605 2028 1650 nemo
2068 1592 2225 1661 erit,
2280 1584 2393 1665 qui

430 1698 565 1741 non
622 1676 763 1743 eius
817 1673 1222 1756 improbitati
1276 1672 1616 1749 reclamet,
1678 1672 1733 1737 si
1792 1671 2038 1737 fecerit.
2118 1672 2231 1734 An
2283 1690 2391 1734 me

433 1783 565 1827 non
622 1761 907 1826 fideliter
960 1757 1206 1824 citare?
1321 1760 1525 1840 Atqui
1580 1757 1664 1822 ad
1721 1758 1997 1822 verbum
2054 1753 2387 1838 descripsi.

431 1852 543 1915 An
589 1847 668 1912 110
713 1845 1041 1912 industria
1075 1846 1453 1928 praeterire,
1498 1864 1667 1927 quae
1700 1844 1869 1908 mihi
1903 1840 2387 1908 adversentur?

323 1944 334 1953 '
433 1936 636 2019 Atqui
692 1956 775 1998 ex
854 1940 1140 2015 quatuor
1193 1940 1455 1994 tantum
1510 1929 1722 2007 libris,
1795 1950 2010 2013 neque
2066 1929 2171 1993 his
2225 1927 2389 1992 adeo

430 2021 739 2105 prolixis,
795 2019 959 2083 haec
1012 2017 1237 2081 omnia
1294 2017 1551 2098 excepi:
1609 2037 1771 2098 quos
1827 2015 2193 2099 perlegere,
2254 2034 2386 2078 non

429 2127 714 2191 magnus
794 2104 921 2169 erit
994 2103 1196 2168 labor.
1305 2103 1616 2166 Poteram
1695 2101 2129 2183 undecunque
2192 2100 2388 2183 longe

429 2194 626 2279 plura
668 2210 1055 2257 coacervare
1069 2213 1084 2267 ;
1142 2210 1372 2254 verum
1429 2188 1673 2271 partim
1729 2187 2099 2270 compendii
2151 2184 2385 2263 studio,

430 2280 677 2364 partim
723 2286 801 2341 ut
830 2276 1187 2342 lectoribus
1210 2277 1352 2340 sine
1377 2273 1681 2339 molestia
1717 2285 1834 2338 aut
1866 2274 2088 2338 labore
2123 2291 2387 2355 promp-

429 2374 575 2430 tum
619 2371 792 2429 esset
849 2381 1346 2445 recognoscere,
1404 2368 1653 2442 quanta
1704 2359 1838 2424 fide
1894 2379 1970 2424 ac
2014 2357 2387 2424 sinceritate

427 2471 658 2518 veram
701 2471 777 2515 ac
834 2449 1190 2532 genuinam
1233 2447 1594 2531 Augustini
1645 2454 1938 2510 mentem
1983 2442 2385 2527 explicarim,

430 2537 606 2605 cedo.
695 2534 769 2602 Si
818 2535 924 2599 eui
967 2534 1093 2598 hoc
1126 2534 1348 2597 minus
1388 2532 1765 2609 satisfaciat,
1808 2532 1878 2596 in
1914 2529 2201 2594 medium
2237 2548 2387 2610 pro-

430 2623 632 2689 deant
673 2622 772 2687 1111
815 2629 1098 2704 0001001·
1142 2618 1324 2683 libri:
1381 2617 1509 2683 duo
1566 2615 1649 2682 ad
1691 2616 2126 2681 Valentinum
2148 2666 2162 2693 ,
2221 2633 2384 2697 quo-

429 2731 581 2775 rnm
645 2707 815 2773 alter
881 2706 961 2771 de
1018 2706 1258 2772 Gratia
1321 2712 1390 2767 et
1453 2702 1657 2768 libero
1712 2701 2013 2781 arbitrio,
2078 2700 2248 2764 alter
2304 2696 2386 2762 de

432 2795 863 2877 Oorreptione
918 2802 984 2857 et
1035 2792 1250 2875 gratia
1301 2789 1658 2872 inscriptus
1714 2798 1840 2865 est;
1889 2786 2016 2851 duo
2080 2787 2240 2850 item
2301 2783 2385 2849 ad

429 2882 831 2963 Prosperum
876 2888 943 2943 et
965 2878 1333 2943 Hilarium:
1378 2897 1658 2959 quorum
1696 2893 1871 2939 01108
1914 2880 2016 2938 est
2058 2871 2139 2936 de
2181 2871 2386 2935 Prae—

431 2966 869 3033 destinatione
925 2971 1335 3039 sanctorum,
1405 2961 1732 3027 8000111108
1785 2959 1865 3024 110
1925 2959 2114 3023 Bono
2165 2976 2384 3038 perse-

433 3052 800 3118 verantiae:
856 3055 1005 3130 [pag.
1047 3055 1196 3130 129]
1254 3051 1426 3115 Tum
1469 3067 1566 3113 ‘ox
1623 3047 1758 3113 illis
1807 3046 1984 3111 inter
2039 3064 2161 3110 nos
2216 3039 2387 3107 iudi-

1917 450 2047 517 DE
2092 446 2449 516 LIBERO
2491 447 2969 517 ARBI'I'BIO.

433 3141 608 3206 cium
651 3141 800 3202 fiat:
859 3136 1050 3202 facile
1106 3138 1286 3199 enim
1339 3135 1584 3218 patiar,
1629 3141 1706 3198 ut
1748 3141 1886 3197 tota
1929 3129 2083 3194 inde
2126 3136 2386 3198 contro-
2436 3139 2441 3154 ·

433 3227 651 3291 versia
695 3223 1070 3288 dirimatur:
1118 3241 1240 3286 nec
1282 3241 1517 3288 vereor
1549 3240 1633 3285 ne
1677 3217 1746 3283 id
1779 3217 1886 3283 vel
1925 3217 2199 3280 minimo
2233 3235 2388 3280 cau·

433 3333 545 3378 sae
586 3318 849 3376 nostrae
891 3306 1304 3374 incommodo
1346 3307 1482 3370 fiat.
1562 3308 1675 3370 An
1717 3304 2172 3387 Augustinum
2218 3300 2392 3365 dicet

435 3397 542 3464 hic
607 3394 1029 3479 praetervehi
1083 3391 1526 3458 contentionis
1582 3391 1823 3468 calore,
1875 3397 1953 3452 ut
2004 3387 2146 3452 eius
2188 3385 2388 3451 fidem

434 3485 528 3550 sic
574 3480 928 3549 extenuet?
1021 3480 1112 3543 Et
1154 3479 1225 3543 hi
1268 3477 1424 3544 libri
1465 3485 1640 3555 sunt,
1687 3473 1924 3559 quibus
1967 3473 2392 3538 autoritatem

436 3571 578 3635 sine
629 3570 1010 3650 exceptione
1056 3564 1480 3629 deferendam
1525 3563 1848 3646 agnoscit,
1915 3567 1983 3623 et
2025 3581 2109 3623 ex
2153 3557 2393 3639 quibus

437 3655 595 3721 80118
641 3663 821 3720 certo
865 3654 1068 3718 statui
1111 3672 1329 3734 posse,
1376 3665 1542 3733 quae
1585 3648 1789 3713 fuerit
1832 3649 1937 3711 Au
2034 3645 2195 3709 stini
2243 3664 2394 3708 sen-

437 3742 687 3814 tentia,
746 3740 1156 3822 pronunciat.
1260 3735 1438 3817 Quid
1493 3741 1714 3800 autem
1772 3733 1878 3798 hic
1935 3666 2122 3796 ffgoet
2164 3731 2395 3813 Augu-

415 3826 694 3895 stinus?
785 3824 1218 3889 Voluntatem
1261 3822 1545 3886 hominis
1600 3841 1744 3886 0880
1788 3817 2054 3902 0111110111
2095 3816 2394 3895 liberam,
2446 3823 2451 3872 :

438 3913 556 3980 8011
599 3933 735 3978 11011
792 3911 922 3976 11181
978 3909 1062 3974 011
1107 3907 1371 3972 10010111.
1463 3910 1682 3989 Atque
1735 3904 1860 3969 hoc
1916 3902 2015 3968 illi
2057 3903 2397 3986 epitheton

439 4021 573 4065 non
618 3997 880 4083 proprie
927 3995 1142 4072 tribui,
1188 4014 1394 4076 quum
1441 4013 1637 4057 serva
1680 3992 1767 4056 sit
1807 3989 2191 4072 iniquitatis.
2249 3989 2397 4054 Ma-

439 4086 573 4151 lam
614 4085 790 4149 enim
837 4102 980 4147 0880
1024 4079 1436 4157 naturaliter,
1483 4086 1550 4143 et
1590 4078 1737 4142 ideo
1781 4076 1905 4141 sub
1950 4076 2197 4158 peccati
2245 4076 2426 4156 iugo·

441 4171 651 4237 teneri
709 4171 1002 4235 vinctam
1056 4189 1131 4232 ac
1186 4165 1543 4248 captivam,
1614 4163 1820 4228 donec
1886 4183 2004 4244 per
2057 4160 2399 4226 Christum

439 4257 776 4323 liberetur.
876 4254 1076 4319 Hanc
1128 4251 1521 4335 pravitatem
1588 4270 1665 4314 00
1732 4270 1936 4331 08000
2002 4257 2253 4330 patere,
2328 4252 2403 4309 ut

440 4363 578 4408 non
621 4340 814 4406 modo
850 4339 1021 4404 nihil
1065 4339 1220 4402 boni
1263 4337 1435 4403 velle
1479 4347 1598 4400 aut
1641 4335 2002 4399 deliberare
2052 4331 2400 4416 possimus,

441 4428 558 4494 sed
601 4449 686 4492 ne
731 4425 1073 4508 concipere
1113 4424 1395 4507 quidem.
1485 4424 1708 4487 Deum
1749 4421 1957 4505 igitur
2000 4440 2135 4484 non
2178 4430 2405 4481 nostra

439 4514 943 4596 praeparatione
1003 4509 1266 4589 adduci,
1335 4519 1409 4573 ut
1452 4509 1734 4592 gratiam
1778 4506 1968 4571 nobis
2013 4525 2200 4569 suam
2248 4524 2402 4568 eon-

438 4601 631 4677 ferat,
678 4598 795 4663 sed
830 4596 1039 4663 modis
1075 4596 1392 4660 omnibus·
1417 4615 1535 4659 nos
1575 4593 1979 4676 praevenire,
2017 4599 2091 4654 ut
2137 4589 2403 4653 initium

441 4686 532 4751 sit
570 4705 656 4749 ex
697 4705 884 4748 mera
926 4683 1068 4748 0108
1112 4680 1574 4747 misericordia.
1666 4677 1917 4744 Omnes
1961 4678 2138 4741 enim
2189 4674 2401 4739 homi-

440 4772 549 4836 nis
604 4770 956 4836 facultates
1014 4775 1352 4850 corruptas
1396 4786 1568 4844 esse,
1616 4773 1694 4829 ut
1736 4762 1905 4828 nihil
1950 4783 2144 4845 quam
2190 4760 2401 4826 malos

440 4858 699 4922 fructus
742 4875 976 4939 parere
1031 4877 1114 4918 ex
1160 4875 1229 4917 se
1274 4858 1531 4934 queant.
1621 4850 1819 4915 Hanc
1864 4858 2204 4931 praeterea
2249 4869 2399 4930 gra-

443 4942 609 5007 tiam
655 4963 786 5007 non
832 4941 1134 5006 omnibus
1176 4936 1629 5003 indifferenter
1672 4943 1787 4999 aut
1827 4935 2198 5018 promiscue
2239 4933 2399 5010 dari,

443 5028 564 5094 sed
589 5028 671 5092 iis
717 5027 1046 5091 duntaxat
1080 5023 1315 5109 quibus
1349 5023 1535 5087 Deus
1570 5021 1744 5098 vult3
1787 5020 1969 5100 alios,
2004 5020 2239 5103 quibus
2267 5039 2400 5084 non

445 5115 678 5192 datur,
733 5113 944 5178 malos
1001 5130 1422 5195 permanere,
1482 5108 1566 5173 ad
1608 5107 1854 5172 bonum
1903 5127 2173 5189 prorsus
2232 5103 2400 5168 nihil

444 5200 699 5278 valere,
765 5199 922 5281 quia
985 5198 1119 5262 sint
1182 5218 1265 5260 ex
1331 5194 1592 5278 perdita
1659 5200 1727 5257 et
1791 5192 2104 5257 damnata
2165 5212 2402 5271 massa,

590 5387 650 5453 1)
682 5387 954 5442 obtendet.
1010 5383 1105 5440 Sic
1120 5385 1380 5452 princeps
1412 5388 1464 5437 et
1497 5380 1707 5436 Gallus.
1752 5378 2037 5434 Caeterae:
2058 5379 2422 5454 obtehderet„

4337 453 4465 517 326

2495 657 2783 720 suaeque
2840 636 3246 703 damnationi
3307 638 3780 722 relinquantur.
3883 640 4269 718 Praeterea,
4323 659 4461 705 non

2497 743 2644 789 0880
2687 724 3009 789 eiusmodi
3052 725 3339 809 gratiam
3381 724 3571 803 hane,
3619 746 3790 808 quae
3832 725 3966 791 illis
4010 725 4177 792 bene
4219 725 4463 809 agendi

2496 816 2891 893 potestatem
2952 811 3275 889 conferat,
3328 810 3387 877 si
3430 810 3668 875 velint:
3727 817 3805 875 ut
3846 813 3917 875 in
3962 832 4188 877 eorum
4230 824 4460 895 postea

2501 894 2765 978 optione
2807 897 2913 975 sit,
2957 895 3130 962 velle
3173 904 3289 960 aut
3329 917 3466 961 non
3500 896 3702 977 velle;
3743 896 3858 963 sed
3897 897 4248 962 efficaciter
4282 898 4461 982 ipsos

2498 1000 2885 1064 permovere
2929 991 3008 1046 ut
3046 981 3293 1048 velint:
3352 983 3487 1046 imo
3532 983 3943 1048 voluntatem
3988 1003 4073 1047 ex
4127 984 4306 1049 mala
4345 984 4461 1050 bo-

2499 1088 2657 1132 nam
2711 1067 2950 1147 faeere,
3007 1075 3087 1132 ut
3141 1068 3514 1134 necessario
3571 1067 3737 1134 bene
3795 1068 4020 1135 velint.
4112 1068 4220 1134 Ad
4275 1069 4458 1149 haee,

2497 1173 2635 1217 non
2688 1152 2756 1217 id
2812 1153 3017 1219 semel
3069 1154 3242 1233 fieri,
3300 1162 3377 1218 ut
3432 1155 3737 1219 homines
3795 1155 4031 1220 deinde
4087 1154 4211 1222 sibi
4259 1155 4461 1222 relin-

2499 1247 2810 1322 quantur,
2860 1237 2977 1305 sed
3018 1241 3331 1305 continuo
3368 1247 3597 1306 tenore
3633 1262 3743 1306 eos
3779 1241 4164 1325 gubernari:
4213 1254 4290 1307 ut
4325 1242 4465 1308 non

2497 1324 2722 1388 minus
2772 1326 2843 1388 in
2901 1324 3071 1389 bono
3126 1346 3551 1408 perseverare
3595 1347 3795 1410 quam
3849 1325 4095 1391 bonum
4147 1328 4463 1412 incipere,

2495 1410 2623 1476 Dei
2684 1409 2929 1475 donum
2986 1412 3088 1475 sit.
3179 1412 3400 1477 Deum
3454 1434 3649 1496 porro
3708 1434 3843 1477 non
3900 1414 4029 1478 alia
4083 1413 4308 1479 induci
4353 1435 4463 1479 ra·-

2496 1498 2702 1573 tione,
2750 1504 2827 1560 ut
2868 1496 3169 1562 homines
3212 1505 3359 1563 tum
3401 1499 3726 1582 regendos
3783 1500 4024 1581 spiritu
4083 1521 4201 1565 800
4245 1503 4456 1565 80801-

2494 1583 2652 1665 piat,
2694 1592 2838 1680 tum
2874 1591 3207 1667 susceptos
3251 1583 3337 1648 ad
3379 1592 3753 1650 extremum
3796 1607 4002 1668 usque
4048 1587 4224 1650 vitae
4271 1595 4463 1670 regat

2494 1676 2693 1750 atque
2727 1689 2801 1732 111
2834 1670 3331 1750 perseverantia
3364 1672 3725 1749 confirmet,
3772 1672 3902 1736 nisi
3939 1678 4085 1751 [pag.
4118 1676 4265 1752 130]
4308 1691 4463 1756 gra·

2494 1754 2664 1818 tuita
2716 1774 2838 1818 sua
2879 1755 3190 1833 bonitate,
3237 1755 3419 1820 nullo
3457 1756 3659 1821 ullius
3702 1757 3919 1822 meriti
3959 1766 4288 1840 respectu:
4334 1759 4462 1823 sic-

2493 1848 2568 1904 ut
2641 1860 2879 1904 revera.
2936 1840 3191 1905 nullum
3260 1841 3503 1906 habere
3560 1852 3862 1924 possunt,
3926 1864 4044 1921 1100
4113 1844 4185 1907 in
4241 1865 4458 1927 opere,

2492 1945 2617 1990 nec
2658 1926 2733 1989 in
2776 1924 3133 2001 voluntate,
3181 1946 3304 1991 1100
3341 1929 3540 1991 etiam
3583 1930 3655 1992 in
3701 1929 4110 2010 cogitatione.
4201 1930 4286 1993 In
4327 1929 4453 1995 1100

2492 2011 2878 2095 compendio
2923 2012 2980 2076 si
3023 2011 3179 2093 quid
3224 2011 3786 2094 deprehendatur,
3845 2014 4018 2097 quod
4061 2035 4196 2079 non
4240 2016 4329 2080 sit
4366 2037 4452 2081 ex

2491 2104 2775 2180 quatuor
2813 2097 2945 2163 illis
2989 2098 3173 2162 libris
3208 2106 3566 2180 sumptum,
3604 2118 3871 2164 causam
3913 2120 4048 2164 non
4084 2100 4245 2179 11100,
4291 2102 4455 2184 00111

2491 2205 2599 2248 1110
2663 2183 2913 2248 11011108
2976 2181 3128 2249 fidei
3184 2183 3520 2247 hominem
3588 2190 3766 2249 totus
3830 2185 4120 2250 mundus
4185 2185 4449 2252 iudicet.

2491 2267 2672 2350 Quid
2728 2276 2950 2333 autem
3006 2271 3078 2333 in
3133 2276 3272 2334 tota
3323 2277 3553 2334 nostra
3594 2268 3893 2335 doctrina
3935 2269 4114 2335 aliud
4157 2274 4455 2336 contine-

2489 2354 2644 2419 tur?
2734 2355 2919 2438 Ergo
2969 2355 3230 2419 etiamsi
3284 2362 3506 2436 erepet
3560 2355 3873 2438 Pighius,
3932 2356 4119 2420 nobis
4176 2357 4299 2422 hoc
4335 2375 4453 2422 ex·

2490 2450 2794 2523 torquere
2855 2461 2990 2505 non
3053 2448 3299 2523 potest,
3366 2440 3526 2523 quin
3584 2441 4002 2524 Augustinus
4057 2443 4145 2505 sit
4201 2449 4448 2507 noster.

2490 2524 2670 2607 Quid
2712 2546 2871 2610 ergo
2915 2535 3236 2610 superest,
3283 2528 3632 2609 quominus
3671 2546 3821 2590 eum
3858 2528 3929 2590 in
3962 2526 4297 2591 beluinam
4330 2548 4454 2592 na-

2489 2620 2714 2677 turam
2757 2612 3192 2696 degeneroese
3236 2610 3520 2677 clamet?
3613 2609 3827 2676 Sicuti
3862 2633 3932 2678 se
3972 2612 4300 2677 facturum
4336 2611 4452 2678 de-

2488 2698 2848 2776 nunciavit,
2896 2700 2952 2762 si
2999 2696 3454 2764 ostenderetur
3498 2718 3734 2762 causae
3778 2706 4044 2763 nostrae
4079 2699 4450 2783 suffragari.

2947 2989 3048 3054 IN
3094 2987 3466 3054 LIBRUM
3514 2987 3992 3068 QUARTUM.

2667 3129 2768 3193 Ne
2812 3128 2918 3192 cui
2962 3126 3237 3209 dubium
3278 3126 3396 3204 sit,
3442 3125 3600 3208 quid
3642 3125 3960 3190 haetenus
4004 3147 4126 3191 sua
4169 3127 4453 3210 garruli-

2492 3222 2629 3279 tate
2673 3218 3112 3295 consequutus
3155 3211 3355 3276 fuerit
3395 3210 3696 3294 Pighius,
3740 3211 4166 3295 magnificum
4212 3232 4297 3276 ex
4345 3213 4451 3276 in·

2493 3307 2699 3384 tegre,
2745 3297 2860 3364 sed
2903 3296 3322 3361 umbratilem
3367 3317 3443 3361 ac
3493 3297 3987 3379 imaginarium,
4044 3298 4169 3363 sibi
4213 3298 4454 3363 trium-

2493 3386 2703 3469 phum
2757 3384 2949 3449 canit.
3050 3382 3375 3447 Prostrati
3390 3432 3405 3460 ,
3459 3382 3702 3465 inquit,
3762 3391 3918 3447 sunt
3981 3383 4192 3466 primo
4247 3386 4455 3451 ariete

2495 3469 2874 3536 adversarii.
2963 3469 3110 3551 Ego
3155 3474 3380 3532 autem
3423 3467 3619 3533 valde
3661 3466 3866 3533 durus
3910 3490 4076 3548 sum,
4121 3471 4237 3552 qui
4280 3479 4455 3535 stra.-

2499 3577 2650 3642 gem
2702 3555 2875 3621 hanc
2953 3574 3088 3618 non
3156 3555 3386 3618 sentio.
3486 3554 3660 3619 Mihi
3714 3555 3893 3619 enim
3948 3562 4170 3622 rectus
4234 3555 4453 3622 adhue

2495 3647 2862 3724 firmusque
2917 3649 3095 3705 stare
3148 3639 3396 3706 videor.
3484 3640 3580 3705 Et
3622 3661 3749 3723 quo
3805 3641 3955 3724 plus
3997 3642 4347 3724 profecisse
4390 3662 4465 3707 se

2499 3727 2832 3806 ostendat,
2894 3727 2950 3792 si
3004 3732 3305 3792 veterum
3370 3726 3745 3810 opinionem
3810 3726 4002 3793 nobis
4069 3728 4463 3811 opposuerit,

2502 3815 2893 3898 sacrilegam
2948 3812 3133 3876 illam
3189 3834 3377 3877 suam
3431 3834 3662 3878 vocem
3716 3813 3957 3877 iterum
4012 3821 4253 3878 ructat:
4313 3814 4465 3879 nul-

2504 3903 2630 3967 lius
2675 3900 3044 3981 scripturae
3101 3898 3488 3978 autoritate,
3534 3899 3894 3981 quamlibet
3936 3900 4178 3976 clarae,
4238 3907 4464 3964 nostro

2504 3986 2771 4072 quidem
2814 3984 3056 4049 iudicio
3074 4034 3090 4062 ,
3144 3993 3213 4046 et
3256 3982 3608 4062 evidentis,
3656 3984 3972 4048 adversus
4017 3982 4263 4048 claram
4306 4005 4464 4051 con-

2504 4080 2981 4152 sonantemque
3016 4068 3531 4133 orthodoxorum
3566 4077 3827 4150 patrum
3874 4070 4269 4133 sententiam
4286 4121 4301 4146 ,
4348 4070 4467 4135 ad·-

2506 4181 2738 4225 versus
2800 4175 3215 4222 communem
3286 4154 3596 4218 ecclesiae
3665 4153 4143 4232 definitionem,
4217 4155 4466 4238 aliquid

2507 4245 2775 4311 credere
2825 4242 3133 4323 cuiquam
3188 4239 3403 4304 licere.
3506 4239 3685 4302 Fieri
3747 4240 3925 4302 enim
3981 4260 4197 4322 posse,
4266 4249 4343 4305 ut
4395 4243 4467 4306 in

2509 4332 2875 4414 scripturae
2930 4325 3373 4409 intelligentia
3414 4332 3591 4387 erret
3633 4325 4082 4406 unusquisque
4127 4333 4464 4406 nostrum;

2508 4426 2583 4482 ut
2618 4423 2803 4482 erret
2857 4412 3160 4488 ecclesia,
3220 4411 3367 4474 fieri
3407 4409 3480 4472 in
3536 4409 3640 4473 his
3684 4430 3852 4491 quae
3897 4410 3979 4474 ad
4023 4410 4179 4475 fidei
4221 4413 4468 4478 verita-

2510 4513 2643 4567 tem
2688 4501 3025 4584 pertinent
3066 4518 3201 4562 non
3244 4517 3450 4578 posse,
3480 4497 3525 4572 ¹)
3574 4496 3725 4576 quia
3763 4495 3850 4559 sit
3893 4496 4198 4561 columna
4241 4505 4310 4561 et
4350 4499 4466 4562 fir-

2509 4595 2919 4652 mamentum
2975 4583 3290 4650 veritatis.
3393 4579 3530 4647 Sed
3591 4601 3795 4663 quum
3860 4603 4110 4646 novum
4169 4602 4305 4645 non
4360 4582 4465 4662 sit,

2508 4672 2678 4757 quod
2732 4693 2859 4736 usu
2917 4671 3175 4736 venisse
3232 4668 3510 4733 saeculis
3554 4667 3858 4731 omnibus
3909 4674 4193 4743 constat,
4241 4680 4317 4730 ut
4362 4688 4468 4733 00-

2508 4759 2745 4825 0108100
2801 4758 3042 4820 umbra
3085 4776 3156 4821 80
3199 4755 3363 4819 falso
3408 4759 3663 4836 tegant,
3735 4753 4001 4833 eiusque
4044 4751 4314 4816 titulum
4361 4774 4469 4819 ar-

2507 4845 2785 4928 ripiant,
2840 4843 2955 4924 qui
2999 4849 3156 4905 sunt
3212 4840 3620 4905 infestissimi
3668 4838 3828 4902 alias
3873 4839 4013 4903 eius
4054 4837 4308 4918 hostes,
4353 4862 4469 4906 ve-

2508 4953 2651 4996 ram
2698 4929 3041 4995 ecclesiam
3083 4947 3124 4989 a
3165 4926 3332 4991 falsa
3366 4923 3687 5009 quomodo
3725 4927 3873 5000 [pag.
3906 4929 4049 5001 131]
4098 4923 4469 4991 discernere

2508 5013 2901 5083 conveniet?
2992 5012 3101 5078 Ad
3145 5011 3667 5087 multitudinem,
3712 5009 3934 5091 inquit
3976 5010 4279 5094 Pighius.
4344 5014 4469 5076 At-

2506 5103 2618 5186 qui
2676 5102 2994 5185 putabam
3063 5119 3148 5163 ex
3202 5098 3403 5166 verbo
3464 5096 3589 5159 Dei
3651 5095 4103 5161 iudicandum:
4164 5103 4241 5162 ut
4299 5116 4469 5178 0000

2651 5308 2709 5374 1)
2758 5307 2911 5361 Besa
2959 5304 3300 5361 emendavit.-
3355 5308 3416 5355 ut
3461 5306 3607 5353 erret
3654 5300 3914 5368 ecclesia,
3976 5300 4028 5352 in
4074 5299 4160 5352 his
4211 5313 4348 5366 quae
4398 5301 4469 5355 ad

2515 5377 2646 5432 fidei
2679 5377 2965 5432 veritatem
3001 5376 3289 5446 pertinent,
3325 5369 3443 5425 fieri
3478 5385 3588 5424 non
3622 5384 3803 5438 posse.

3962 5453 4060 5506 21*
