4999 6179
422 471 543 533 393
1701 434 1708 441 ’
1916 472 2045 539 DE
2083 471 2445 538 LIBERO
2491 470 2965 540 Aasrrmo.
4326 474 4453 542 394

420 656 835 737 recedamus,
910 679 980 726 se
1036 658 1293 725 efficere
1345 659 1418 725 in
1477 662 1668 728 nobis
1719 661 1863 745 ipse
1915 668 2216 728 testatur.
2307 658 2386 727 Si
2488 680 2641 740 vos,
2699 662 2826 727 nisi
2869 663 2944 726 in
2987 683 3094 728 me
3138 664 3546 733 manseritis:
3594 665 3749 747 quia
3786 664 3931 730 sine
3972 685 4082 729 me
4126 664 4292 730 nihil
4334 685 4452 754 po·

420 743 657 810 modus
714 749 863 824 [pag.
904 748 1056 824 223]
1114 747 1481 827 quaeritur,
1542 745 1898 830 respondet
1939 749 2214 826 iterum,
2270 766 2385 811 cor

423 851 672 896 novum
729 829 960 897 dando.
1052 830 1130 897 Si
1187 830 1251 896 id
1306 831 1525 899 adhuc
1579 835 1778 900 nimis
1844 834 2196 899 obscurum
2261 839 2381 911 est,

423 917 605 983 addit
648 917 1186 1001 explicationem:
1232 917 1407 1002 quod
1452 920 1738 985 nominis
1784 921 1886 984 sui
1929 920 2236 983 timorem
2281 919 2384 981 in-

423 1012 598 1070 serat
667 1004 738 1069 in
803 1001 1000 1069 corda
1067 1012 1312 1070 nostra.
1403 1003 1583 1086 Quid
1665 1004 1748 1071 ad
1826 1005 1987 1071 haec
2050 1002 2379 1088 Pighius?

421 1088 627 1155 Nobis
681 1088 751 1155 id
807 1090 1088 1156 conferri
1124 1089 1258 1156 Dei
1311 1093 1524 1175 gratia
1540 1144 1557 1171 ,
1609 1100 1690 1156 ut
1727 1092 2054 1175 possimus
2098 1111 2232 1154 non
2277 1092 2382 1154 re-

422 1175 670 1253 cedere,
716 1176 774 1240 si
813 1175 1044 1242 libeat:
1090 1176 1260 1241 nihil
1304 1186 1645 1260 praeterea
1689 1177 1884 1242 aliud.
1975 1174 2379 1258 Quanquam

420 1282 639 1345 neque
691 1261 760 1327 id
816 1262 959 1327 sine
991 1262 1401 1345 ‘exceptione
1454 1262 1775 1329 concedit:
1834 1264 2055 1328 Deum
2113 1262 2289 1327 enim
2343 1283 2384 1326 a

420 1347 612 1413 nobis
654 1349 1057 1433 praeveniri,
1104 1369 1318 1432 neque
1362 1348 1507 1415 dari
1547 1351 1687 1415 eius
1730 1350 2011 1434 gratiam
2027 1401 2041 1426 ,
2098 1349 2228 1414 nisi
2269 1367 2383 1429 pe-

420 1433 732 1500 tentibus.
821 1434 1010 1499 Haec
1065 1443 1222 1499 sunt
1264 1435 1686 1521 Pythagorae
1746 1456 2089 1519 responsa,
2148 1435 2384 1517 quibus

419 1522 566 1584 sine
623 1521 1075 1586 controversia
1126 1520 1325 1587 fidem
1383 1522 1532 1589 vult
1573 1520 1820 1587 haberi.
1911 1520 2140 1602 Quum
2194 1540 2384 1586 sanc-

419 1612 639 1671 torum
661 1606 987 1672 orationes
1009 1607 1279 1686 adduce,
1304 1606 1540 1690 quibus
1565 1630 1604 1673 a
1626 1608 1913 1674 Domino
1927 1616 2162 1690 petunt
2177 1615 2254 1671 ut
2269 1625 2385 1670 cor

418 1712 617 1758 suum
672 1692 972 1771 inclinet,
1040 1701 1116 1759 ut
1167 1715 1280 1759 cor
1342 1715 1592 1760 novum
1647 1701 1715 1759 et
1769 1694 2075 1777 spiritum
2130 1703 2385 1757 rectum

419 1776 549 1843 sibi
578 1778 741 1861 ipsis
772 1779 1062 1857 innovet,
1109 1779 1373 1863 excipit,
1417 1781 1705 1846 inveniri
1741 1802 1825 1846 ex
1862 1778 2137 1845 adverso
2173 1778 2384 1842 multa

414 1872 797 1948 praecepta,
851 1867 923 1929 in
966 1864 1201 1949 quibus
1244 1887 1285 1931 a
1340 1865 1527 1932 nobis
1571 1865 1815 1932 similia
1856 1866 2135 1949 requirit
2175 1865 2379 1930 Deus.

415 1952 628 2034 Atqui
670 1951 909 2016 tritum
946 1951 1116 2017 illud
1159 1972 1302 2018 esse
1347 1951 1570 2031 debet,
1624 1952 1928 2036 precibus
1971 1953 2109 2017 suis
2153 1949 2385 2015 testari

415 2047 714 2116 sanctos,
779 2033 937 2121 quid
991 2035 1123 2103 Dei
1177 2040 1290 2103 sit:
1348 2038 1573 2104 Deum
1638 2047 1860 2104 autem
1925 2035 2385 2121 praecipiendo

413 2123 697 2189 minime
729 2122 1091 2198 ostendere,
1131 2124 1289 2207 quid
1325 2126 1536 2190 sancti
1557 2124 1641 2190 ad
1677 2122 2087 2207 implendum
2120 2124 2384 2201 virium,

413 2222 539 2275 aut
581 2209 916 2276 facultatis
960 2209 1265 2276 habeant.
1345 2206 1557 2275 Addit
1598 2211 1885 2276 inveniri
1931 2210 2150 2288 etiam,
2196 2208 2385 2273 incli-

412 2315 617 2362 nasse
658 2304 918 2362 sanctos
949 2317 1062 2362 cor
1097 2318 1292 2362 suum
1329 2297 1492 2377 Deo,
1539 2296 1694 2362 dum
1733 2298 2015 2381 gratiam
2048 2295 2385 2378 assequuti

414 2392 598 2448 sunt.
690 2381 900 2463 Quasi
944 2382 1068 2449 hoc
1113 2382 1374 2449 solvere
1418 2385 1505 2449 sit
1546 2383 1995 2461 obiectionem‚
2043 2382 2191 2446 aliis
2235 2400 2386 2445 ver-

414 2467 540 2545 bis,
590 2470 664 2533 in
706 2467 992 2534 eundem
1028 2477 1250 2533 tamen
1284 2489 1571 2549 sensum,
1615 2469 1968 2535 succinere.
2036 2469 2410 2534 Postremo⁷

409 2552 630 2633 addit,
677 2575 905 2639 preces
950 2555 1272 2621 eiusmodi
1317 2556 1409 2639 pii
1454 2554 1758 2621 desiderii
1802 2575 1946 2620 esse
1992 2554 2206 2639 signa,
2253 2572 2382 2636 quo

407 2640 495 2706 ad
543 2641 826 2725 gratiam
871 2641 1230 2725 adspirent.
1320 2641 1401 2706 Id
1445 2650 1665 2707 autem
1700 2661 1786 2706 ex
1824 2641 2152 2725 diametro
2195 2639 2382 2705 nobis

407 2748 564 2793 esse
622 2728 1055 2808 contrarium,
1110 2730 1223 2811 qui
1268 2727 1606 2794 hominem
1659 2748 1982 2877 neffimus
2037 2748 2078 2792 a
2128 2747 2199 2792 se
2239 2727 2382 2808 ipso

404 2816 818 2899 praeparari.
911 2813 1118 2896 Quasi
1165 2835 1322 2881 vero
1365 2815 1590 2879 minus
1633 2814 1718 2880 ad
1832 2834 1983 2878 eum
2029 2814 2379 2896 pertineat,

405 2900 824 2978 continuare,
867 2920 1066 2984 quam
1100 2901 1406 2984 incipere.
1480 2900 1794 2967 Clamant
1825 2897 2047 2966 David
2092 2906 2158 2963 et
2193 2896 2383 2964 Solo·

405 3005 604 3053 mon:
659 2985 922 3054 Inclina
972 3007 1086 3053 cor
1139 2997 1445 3052 nostrum
1498 2988 1683 3053 Deus
1739 2985 1947 3072 (Psal.
1995 2991 2131 3064 119,
2180 2990 2294 3064 363
2347 2988 2375 3048 1

401 3074 583 3159 Reg.
624 3074 683 3151 8,
725 3076 856 3160 58).
947 3073 1095 3139 Iam
1151 3072 1275 3138 hoc
1327 3069 1590 3157 quidem
1643 3083 1872 3140 votum
1935 3071 2381 3137 inclinationis

401 3159 737 3226 indicium
786 3168 905 3225 est.
996 3157 1180 3241 Quid
1234 3180 1392 3244 ergo
1446 3157 1571 3224 sibi
1627 3158 1902 3227 volunt?
1957 3157 2248 3224 Perinde
2304 3178 2382 3223 ac

402 3247 463 3312 si
508 3244 844 3312 dicerent:
892 3247 1168 3324 Perfice,
1214 3246 1516 3324 Domine,
1561 3245 1734 3328 quod
1779 3264 1893 3310 coe
1937 3245 2069 3324 isti,
2116 3253 2184 3309 et
2226 3264 2380 3309 con·

399 3335 612 3397 firma
656 3332 831 3415 quod
874 3354 960 3398 ex
991 3339 1180 3416 parte
1222 3342 1529 3415 operatus
1572 3352 1644 3397 es
1681 3331 1754 3395 in
1795 3351 1883 3396 no
1928 3331 2002 3397 is.
2068 3328 2384 3395 Nondum

397 3415 743 3571 effi&
784 3416 2138 3571 fflinlssssffissssriss⁰⁰⁸3ffass⁰⁰ssssssssffln23
2183 3415 2378 3585 ἓξὲξ·

395 3589 771 3667 Dixeram‚
862 3590 1032 3655 nihil
1111 3590 1334 3655 Deum
1414 3591 1709 3656 severius
1788 3591 2083 3674 exigere,
2179 3608 2379 3671 quam

395 3691 482 3741 ut
543 3676 945 3741 sabbathum
1002 3697 1197 3743 suum
1263 3676 1569 3742 colamus.
1660 3676 1857 3742 Hanc
1921 3696 2117 3758 porro
2184 3675 2379 3758 spiri-

396 3763 667 3828 tualem
722 3782 867 3828 esse
920 3764 1061 3829 eius
1114 3763 1634 3829 observationem
1647 3814 1664 3841 ,
1722 3762 1878 3827 dum
1934 3763 2015 3827 ab
2072 3759 2379 3845 operibus

391 3849 660 3914 nostris
739 3849 1155 3931 quiescimus.
1244 3847 1628 3931 Respondet
1702 3846 2010 3932 Pighius,
2092 3848 2380 3932 quietem

389 3933 719 4001 mandari
764 3936 952 4001 nobis
996 3933 1076 4000 ab
1121 3934 1301 3999 omni
1343 3955 1540 4018 opere
1581 3934 1841 4012 servili,
1897 3955 2034 3999 non
2078 3942 2298 3999 autem
2339 3952 2380 3996 a

390 4019 536 4087 Dei
588 4022 828 4086 timore
844 4072 859 4099 ‚
907 4030 975 4086 et
1015 4020 1184 4105 legis
1225 4022 1436 4104 ipsius
1479 4018 1873 4087 obedientia.
1963 4019 2159 4086 Bella
2203 4019 2380 4085 solu·

387 4108 514 4172 tio.
619 4108 714 4172 At
751 4127 1063 4190 quorsum
1106 4105 1232 4173 hoc
1275 4106 1542 4188 adduxi,
1586 4107 1717 4172 nisi
1760 4115 1838 4172 ut
1878 4109 2181 4173 timorem
2229 4110 2378 4186 [pag.

391 4198 564 4274 224]
628 4190 760 4257 Dei
812 4193 1228 4259 ostenderem
1280 4215 1412 4259 non
1469 4215 1611 4260 esse
1669 4195 2007 4277 proprium
2076 4199 2379 4258 nostrum

383 4279 627 4364 opus?
718 4279 892 4344 Nam
934 4301 1139 4362 quum
1183 4281 1540 4358 Dominus,
1595 4280 1710 4363 qui
1754 4300 1875 4345 nos
1915 4280 2082 4345 bene
2123 4278 2378 4363 agendo

381 4387 538 4432 non
582 4364 738 4434 vult
776 4363 1151 4450 defatigari,
1210 4369 1546 4449 quiescere
1589 4386 1710 4431 nos
1754 4366 1836 4431 ab
1881 4366 2185 4449 operibus
2227 4386 2378 4431 nos-

383 4454 524 4518 tris
573 4451 822 4530 iubeat,
870 4472 1091 4516 nonne
1136 4472 1211 4516 eo
1253 4453 1395 4535 ipso
1440 4451 1849 4536 pronunciat,
1887 4453 2109 4516 omnia.
2150 4461 2378 4516 nostra

379 4558 613 4624 opera
656 4537 832 4603 mala
873 4537 1056 4604 esse?
1144 4536 1378 4620 Itaque
1412 4538 1662 4605 Iesaias
1705 4538 1938 4604 violari
1983 4536 2378 4603 sabbathum

377 4632 727 4702 testatur,
796 4622 1057 4706 quando
1121 4624 1462 4688 invenitur
1517 4626 1589 4688 in
1652 4646 1728 4690 eo
1794 4624 2099 4690 voluntas
2150 4632 2378 4689 nostra

379 4711 560 4797 (Ies.
622 4715 735 4789 58,
798 4710 886 4793 3).
975 4709 1172 4774 Hanc
1229 4727 1385 4791 ergo
1450 4709 1751 4775 sabbathi
1813 4711 2167 4776 veritatem
2231 4729 2376 4776 esse

377 4819 535 4863 non
586 4795 868 4862 dubium
911 4805 1040 4873 est,
1092 4795 1174 4859 de
1216 4814 1349 4876 qua
1385 4794 1636 4860 Paulus
1680 4805 1868 4862 sexto
1913 4796 1994 4861 ad
2040 4796 2376 4861 Romanos

376 4884 627 4968 capite
661 4884 1102 4960 concionatur,
1150 4887 1227 4946 ut
1270 4881 1690 4965 crucifigatur
1714 4893 1904 4948 vetus
1935 4883 2131 4948 homo
2150 4891 2378 4949 noster

376 4975 482 5055 (v.
544 4973 589 5033 6
633 5019 650 5048 ,
696 4969 885 5035 cuius
928 4967 1182 5033 nullam
1217 4967 1544 5031 rationem
1575 4964 1775 5031 habet
1812 4968 2113 5052 Pighius.

644 5055 904 5138 equitur
944 5054 1059 5119 illa
1102 5051 1491 5130 similitudo,
1547 5052 1620 5116 in
1663 5072 1796 5135 qua
1840 5052 2166 5132 dixeram,
2207 5057 2373 5121 satis

373 5142 824 5212 luculentum
889 5141 1141 5226 gratiae
1194 5138 1326 5205 Dei
1381 5139 1827 5205 testimonium
1891 5148 2180 5218 exstare,
2246 5142 2375 5206 nisi

373 5253 516 5297 nos
570 5248 785 5312 supra
825 5225 1098 5292 modum
1140 5225 1416 5310 maligni
1460 5244 1782 5290 essemus:
1835 5225 1982 5309 Ego
2027 5245 2176 5290 sum
2219 5228 2375 5291 vitis

373 5337 595 5394 vera,
667 5336 784 5379 vos
829 5312 1152 5397 palmites.
1244 5309 1435 5378 Sicut
1478 5312 1730 5395 palmes
1771 5332 1905 5376 non
1944 5319 2161 5393 potest
2200 5311 2374 5376 ferre

370 5425 419 5469 a
466 5423 551 5469 se
603 5402 752 5483 ipso
795 5400 1113 5476 fructum,
1158 5399 1284 5463 nisi
1327 5399 1399 5463 in
1444 5400 1580 5463 vite
1620 5398 1966 5476 manserit,
2020 5399 2118 5461 ita
2161 5419 2372 5481 neque

2484 748 2677 812 testis
2712 748 2926 814 facere
2962 748 3223 832 (Ioann.
3273 756 3366 829 15,
3410 756 3469 815 4.
3511 750 3599 833 5).
3672 750 3757 815 In
3799 750 3903 817 his
3947 750 4164 816 verbis
4205 752 4453 834 reperit

2485 831 2769 916 Pighius
2813 834 3245 900 clarissimam
3289 837 3653 901 sententiae
3698 858 3855 901 suae
3890 837 4448 920 approbationem.

2487 916 2662 983 Nam
2699 939 2903 1001 quum
2949 921 3274 1005 agricolae
3312 922 3599 987 officium
3643 923 3729 988 sit
3771 922 4086 1000 excolere,
4132 922 4287 987 vitis
4332 945 4452 988 na-

2489 1011 2642 1068 tura
2707 1004 3054 1070 humorem
3122 1028 3519 1090 succumque
3588 1007 4080 1083 administrare,
4161 1008 4451 1091 palmitis

2489 1097 2711 1154 autem
2777 1091 3065 1158 fructum
3120 1094 3445 1176 proferre:
3511 1095 3584 1157 in
3646 1093 3770 1158 hac
3829 1093 4248 1159 distinctione
4305 1093 4452 1177 pul-

2487 1176 2887 1241 cherrimam
2950 1176 3140 1243 liberi
3204 1178 3462 1244 arbitrii
3526 1181 3907 1263 gratiaeque
3971 1200 4045 1245 co
4104 1179 4115 1192 '
4208 1181 4454 1244 tionem

2486 1268 2749 1327 exstare
2771 1271 3014 1330 censet.
3076 1266 3280 1348 Atqui
3316 1266 3529 1331 simile
3564 1265 3703 1346 hoc,
3742 1287 3869 1348 quo
3890 1267 4103 1330 utitur
4183 1265 4451 1345 hristus,

2487 1368 2571 1412 ex
2601 1350 2740 1413 eius
2783 1370 2913 1427 ore,
2959 1371 3093 1415 non
3137 1358 3359 1416 autem
3382 1352 3607 1436 Pighii
3651 1352 3936 1437 ingenio,
3979 1351 4455 1417 accommodari

2489 1433 2572 1498 ad
2622 1435 2965 1502 veritatem
3007 1458 3197 1502 suam
3240 1439 3544 1522 oportuit.
3634 1437 4007 1521 Applicatio
4061 1458 4144 1526 ex
4190 1436 4449 1503 Christi

2487 1528 2713 1586 mente
2790 1523 3070 1606 simplex
3152 1532 3255 1589 est
3328 1532 3395 1589 et
3459 1522 3782 1606 expedita.
3873 1522 4452 1605 Quemadmodum

2487 1606 2740 1688 palmes
2807 1616 3000 1674 extra
3057 1611 3257 1676 vitem
3315 1631 3437 1675 nec
3491 1612 3744 1689 vivere,
3819 1631 3939 1675 nec
3994 1609 4256 1687 florere,
4331 1630 4451 1675 nec

2486 1692 2781 1758 fructum
2834 1694 3027 1760 edere
3080 1703 3325 1779 potest,
3392 1694 3508 1762 sed
3561 1718 3715 1760 mox
3770 1696 4120 1775 exarescit,
4189 1696 4261 1759 in
4314 1696 4452 1759 vite

2488 1777 2691 1843 etiam
2735 1780 2999 1846 assidua
3041 1780 3300 1847 cultura
3328 1784 3846 1866 purgationeque
3885 1781 4085 1847 habet
4124 1801 4310 1864 opus:
4358 1781 4451 1846 sic
4506 1854 4512 1861 ,

2487 1885 2609 1930 nos
2664 1875 2857 1931 extra
2908 1868 3129 1949 ipsum
3196 1867 3364 1932 nihil
3423 1867 3667 1934 habere
3726 1888 3993 1951 prorsus
4057 1866 4140 1932 ad
4205 1886 4449 1943 veram,

2487 1950 2613 2016 hoc
2648 1960 2768 2029 est,
2814 1953 3228 2036 spiritualem
3271 1955 3481 2020 vitam
3525 1955 3791 2037 eiusque
3836 1955 4143 2031 actiones,
4190 1962 4306 2017 aut
4347 1954 4451 2017 vi-

2485 2038 2661 2120 goris
2717 2047 2833 2103 aut
2888 2040 3250 2121 potentiae,
3314 2039 3431 2105 sed
3490 2061 3633 2106 esse
3693 2041 3960 2105 omnino
4015 2038 4317 2104 inutiles:
4376 2040 4449 2103 in

2487 2124 2709 2205 ipsum
2753 2145 2910 2190 vero
2942 2146 3149 2208 quum
3176 2126 3361 2191 insiti
3393 2124 3802 2208 plantatique
3838 2147 4085 2204 sumus,
4133 2136 4450 2208 perpetua

2488 2209 2621 2274 Dei
2665 2212 3047 2293 operatione
3081 2212 3310 2291 excoli,
3356 2221 3432 2277 ut
3475 2212 3547 2275 in
3591 2210 4027 2276 foecunditate
4063 2232 4449 2295 permanea-

2489 2315 2659 2361 mus.
2747 2297 2924 2376 Hac,
2981 2297 3284 2379 inqum,
3340 2298 3516 2362 inter
3555 2318 3660 2362 res
3703 2296 3810 2362 hic
3854 2298 4030 2362 inter
4073 2316 4143 2362 se
4186 2318 4449 2379 compa-

2490 2389 2669 2447 ratas
2723 2384 3157 2467 congruentia
3200 2384 3313 2466 qui
3358 2392 3707 2465 contentus
3746 2383 3903 2461 erit,
3958 2383 4232 2455 minime
4275 2385 4450 2465 peri-

2489 2467 2712 2533 culum
2759 2476 2891 2547 est,
2947 2491 3034 2534 ne
3063 2469 3453 2552 decipiatur
3496 2491 3536 2535 a
3579 2468 3875 2535 Christo:
3931 2489 4061 2551 quo
4106 2467 4449 2535 terricula-

2487 2562 2714 2619 mento
2755 2554 3094 2638 imperitos
3145 2555 3500 2639 percellere
3553 2562 3832 2622 conatur
3873 2554 4176 2639 Pighius.
4267 2552 4450 2634 Quid
4509 2625 4514 2631 ,

2489 2647 2712 2705 autem
2765 2642 2906 2725 ipse
2949 2641 3223 2707 contra?
3315 2641 3622 2707 Palmitis
3673 2648 3982 2705 naturam
4027 2661 4176 2706 cum
4223 2651 4450 2705 nostra

2487 2726 2897 2806 conferendo,
2947 2732 3096 2808 [pag.
3137 2731 3288 2807 225]
3331 2729 3651 2794 bonorum
3694 2748 3967 2809 operum
4008 2727 4261 2793 fructus
4297 2747 4449 2810 pro-

2486 2812 2630 2895 prie
2662 2833 2703 2878 a
2734 2814 2919 2879 nobis
2954 2812 3226 2897 produci
3267 2814 3538 2898 colligit,
3584 2822 3651 2877 et
3683 2815 3750 2879 vi
3783 2814 4237 2898 germinativa,
4281 2833 4449 2895 quae

2486 2899 2557 2962 in
2602 2898 2791 2965 nobis
2835 2910 2968 2966 est:
3026 2901 3291 2966 tametsi
3337 2921 3421 2965 ex
3467 2902 3600 2965 vite
3657 2919 3804 2965 eam
3848 2906 3917 2963 et
3959 2899 4225 2966 coelesti
4268 2900 4447 2983 agri·

2485 2985 2630 3050 cola
2671 2988 3133 3069 acceperimus.
3224 2985 3302 3053 Si
3357 2985 3766 3051 voluntatem
3818 2984 4131 3068 intelligit
4171 2984 4363 3051 nobis
4408 3007 4449 3050 a

2485 3080 2728 3137 natura
2760 3070 3043 3142 inditam
3074 3095 3204 3157 qua
3238 3073 3539 3152 velimus,
3588 3070 3904 3139 iudicium
3939 3093 4067 3155 quo
4099 3071 4441 3157 eligamus,

2485 3157 2767 3223 conandi
2832 3161 3200 3242 potentiam
3270 3181 3401 3244 qua
3463 3179 3802 3237 conemur,
3884 3158 4054 3225 nihil
4118 3179 4443 3243 repugno:

2484 3242 2680 3309 modo
2715 3253 2783 3309 et
2803 3244 3182 3325 voluntatis,
3228 3261 3296 3310 et
3315 3244 3556 3322 iudicii,
3603 3253 3671 3310 et
3693 3252 3965 3311 conatus
3986 3244 4446 3311 rectitudinem

2484 3330 2628 3396 sola
2670 3331 2885 3415 gratia
2929 3351 3050 3395 nos
3086 3330 3382 3397 obtinere
3426 3331 3770 3415 (quoniam
3811 3330 3973 3397 haec
4013 3332 4142 3396 tria
4175 3339 4446 3395 natura-

2482 3416 2637 3481 liter
2687 3417 3017 3499 pravitate
3076 3424 3384 3501 corrupta
3438 3417 3576 3482 sint
3628 3419 3700 3482 in
3754 3416 3970 3501 nobis)
4037 3417 4234 3482 simul
4290 3438 4443 3482 con-

2483 3501 2690 3569 cedat.
2758 3500 2836 3568 Si
2879 3524 3077 3586 quam
3124 3523 3280 3569 vero
3319 3501 3537 3569 laudis
3582 3511 3837 3587 partem
3880 3505 3949 3568 in
3993 3503 4185 3569 bonis
4229 3506 4443 3585 operi·

2482 3591 2607 3656 bus
2660 3590 2848 3654 nobis
2891 3590 3368 3657 transscribere
3408 3587 3719 3668 intendit,
3776 3610 3861 3656 ne
3904 3596 4118 3654 totum
4163 3586 4293 3654 Dei
4337 3590 4444 3669 sit,

2483 3672 2752 3741 aliunde
2807 3697 3004 3760 quam
3058 3697 3143 3742 ex
3187 3675 3443 3742 Christi
3486 3675 3707 3743 verbis
3759 3677 4005 3741 erroris
4062 3677 4164 3740 sui
4219 3683 4444 3758 patro-

2482 3763 2733 3829 cinium
2752 3773 3042 3846 quaerat.
3112 3760 3338 3844 Quum
3359 3762 3539 3827 enim
3570 3763 3826 3827 fructus
3847 3771 4165 3827 vocentur
4198 3761 4445 3825 utrius-

2480 3871 2608 3933 que
2653 3849 2916 3933 generis
2959 3869 3189 3932 opera,
3251 3850 3375 3915 hoc
3420 3857 3552 3927 est,
3613 3858 3749 3913 tam
3794 3848 3967 3913 bona
4008 3868 4202 3930 quam
4248 3846 4443 3925 mala,

2481 3957 2602 4000 nos
2646 3934 2910 4017 quidem
2969 3933 3053 3999 ad
3111 3933 3451 4000 ferendum
3505 3935 3789 4000 fructum
3843 3941 4080 3997 natura
4130 3934 4287 3998 facti
4332 3955 4444 3997 su-

2481 4043 2652 4101 mus,
2698 4020 2813 4086 sed
2846 4041 2929 4085 ex
2975 4021 3164 4086 nobis
3207 4021 3677 4086 fructificamus
3710 4028 3974 4102 peccato
4020 4020 4092 4083 in
4128 4027 4438 4084 mortem:

2483 4115 2562 4172 ut
2605 4115 2828 4173 autem
2874 4105 2958 4173 ad
3002 4105 3424 4190 proferendos
3470 4108 3673 4173 bonos
3711 4107 3889 4171 vitae
3932 4105 4188 4171 fructus
4232 4105 4441 4172 simus

2480 4195 2733 4272 idonei,
2805 4194 3019 4276 gratia
3087 4214 3206 4258 nos
3259 4194 3404 4258 fieri
3467 4199 3740 4279 oportet.
3796 4177 4014 4288 §fisi-*go
4063 4200 4304 4257 natura
4358 4190 4444 4257 ad

2481 4280 2785 4346 ferendos
2827 4279 3033 4344 bonos
3085 4280 3339 4345 fructus
3383 4279 3576 4344 otiosi
3617 4299 3845 4345 sumus
3899 4300 3974 4343 ac
4015 4277 4298 4344 steriles:
4358 4276 4444 4343 ad

2481 4365 2691 4431 malos
2741 4386 2894 4430 vero
2952 4364 3104 4448 plus
3159 4365 3365 4429 nimio
3425 4363 3743 4430 foecundi.
3834 4364 3936 4429 Ac
3991 4365 4156 4430 scire
4210 4365 4442 4429 etiam-

2480 4473 2643 4517 num
2688 4472 2772 4516 ex
2815 4451 3058 4535 Pighio
3112 4450 3310 4516 velim
3331 4503 3346 4529 ,
3400 4471 3713 4516 omnesne
3770 4450 4163 4516 naturaliter
4205 4451 4440 4515 insitos

2482 4559 2623 4604 esse
2682 4537 2951 4602 Christo
3002 4546 3212 4620 putet:
3273 4558 3361 4602 an
3417 4535 3540 4603 hoc
3608 4557 3751 4602 esse
3818 4536 4149 4622 singulare
4195 4535 4442 4601 donum

2477 4625 2797 4701 fateatur,
2866 4630 3144 4689 naturae
3195 4623 3566 4689 conditione
3622 4622 4066 4689 excellentius.
4155 4621 4327 4685 Nam
4382 4623 4440 4687 si

2478 4710 2603 4776 hoc
2666 4707 3033 4775 secundum
3097 4717 3486 4793 extorqueO,
3562 4710 3731 4794 quod
3800 4730 4063 4775 necesse
4130 4716 4260 4784 est,
4323 4707 4439 4774 ubi

2481 4805 2681 4862 erunt
2732 4794 2890 4860 illae
2954 4799 3516 4878 praeparationes,
3583 4797 3652 4860 in
3719 4795 3955 4879 quibus
4018 4795 4233 4876 praeci
4287 4815 4438 4860 uam

2481 4885 2620 4949 vim
2682 4881 2874 4948 liberi
2928 4881 3186 4946 arbitrii
3241 4881 3455 4948 locare
3511 4881 3722 4948 solet?
3812 4882 3904 4945 Et
3970 4890 4178 4945 totam
4281 4882 4432 4946 uius

2478 4972 2575 5035 rei
2628 4967 3143 5036 controversiam
3206 4967 3459 5034 dirimit
3501 4968 3788 5045 Paulus,
3853 4989 4059 5050 quum
4108 4966 4433 5046 homines,

2478 5065 2828 5139 antequam
2882 5056 2953 5119 in
2995 5053 3335 5121 Christum
3358 5056 3786 5132 inserantur,
3848 5053 4144 5119 oleastris
4189 5054 4437 5120 similes

2476 5142 2633 5208 facit
2672 5141 2890 5224 (Rom.
2939 5147 3030 5218 ΙΙ,
3079 5143 3203 5223 17).
3274 5139 3530 5207 Verum
3563 5137 3734 5223 quod
3779 5140 3865 5205 ad
3896 5140 4435 5223 cooperationem,

2476 5248 2608 5309 qua
2663 5227 2794 5292 Dei
2844 5229 3128 5309 gratiam
3178 5228 3601 5311 subsequitur
3653 5226 3957 5292 voluntas
4017 5233 4270 5305 nostra,
4329 5227 4433 5290 vi-

2477 5313 2640 5377 cisse
2686 5312 2812 5378 sibi
2854 5310 3131 5379 videtur.
3199 5314 3371 5379 Nam
3416 5315 3471 5379 si
3515 5313 3768 5397 palmes
3808 5313 4100 5378 fructum
4144 5332 4278 5376 non
4318 5332 4433 5394 po·

2475 5405 2608 5465 test
2662 5399 2863 5475 ferre,
2922 5399 3054 5464 nisi
3107 5401 3176 5465 in
3233 5401 3372 5465 vite
3414 5401 3768 5466 manserit:
3825 5419 3982 5483 ergo
4036 5420 4121 5466 ex
4167 5418 4237 5462 se
4290 5397 4431 5480 ipso
