4999 6179
681 448 723 509 7
2377 437 2988 509 LEOEORJBUS.
4648 438 4690 505 8

676 633 939 699 utinam
981 654 1112 699 non
1155 632 1351 717 paulo
1391 640 1541 715 post
1581 630 1874 697 sentiant
1913 631 2033 697 filii
2075 630 2302 709 nostri,
2346 630 2552 696 fuisse
2596 629 2720 696 hoc
2760 650 2996 697 verum
3038 630 3257 713 potius
3298 628 3708 709 vaticinium,
3751 649 3949 713 quam
3991 628 4450 694 coniecturam.
4542 626 4691 710 Quo

676 744 892 830 magis
944 743 1413 811 elaborandum
1456 744 1645 810 nobis
1685 750 1813 823 est,
1868 751 1945 809 ut
1986 743 2475 827 qualescunque
2520 741 2847 808 ecelesiae
2872 741 3215 825 reliquias,
3272 762 3441 827 quae
3482 745 3634 824 post
3674 745 3952 807 mortem
3991 746 4287 807 nostram
4329 737 4689 818 restabunt,

676 855 785 920 vel
828 857 1031 922 etiam
1073 863 1432 941 emergent,
1478 855 1743 939 scriptis
1786 855 2028 921 nostris
2071 854 2474 939 colligamus.
2562 853 2658 919 Et
2697 853 2827 919 alia
2866 852 3132 937 quidem
3175 853 3569 937 scriptorum
3610 873 3885 936 genera,
3939 852 4087 936 quis
4125 860 4351 917 noster
4393 851 4691 917 omnium

672 966 876 1032 fuerit
914 968 987 1033 in
1029 967 1347 1052 religione
1382 987 1632 1048 sensus,
1677 966 2050 1033 ostendent:
2096 965 2214 1033 sed
2253 965 2611 1061 illustriore
2654 965 3058 1044 document0,
3104 986 3303 1049 quam
3345 966 3522 1031 inter
3564 985 3635 1031 se
3679 963 4032 1031 habuerint
4072 963 4382 1031 ecclesiae
4424 952 4690 1030 nostrae

616 1094 619 1101 '
675 1076 1014 1145 doctrinae
1057 1078 1502 1160 concordiam,
1544 1078 1826 1163 perspici
1868 1098 2002 1146 non
2043 1079 2303 1162 poterit,
2349 1097 2549 1161 quam
2587 1098 2671 1143 ex
2714 1076 3146 1143 catechismis.
3235 1077 3385 1142 Illic
3443 1077 3622 1143 enim
3676 1098 3809 1143 non
3861 1075 4057 1142 modo
4099 1075 4260 1160 quid
4313 1076 4516 1142 semel
4573 1074 4687 1142 do-

673 1189 888 1255 cuerit
934 1211 1111 1257 unus
1154 1190 1381 1270 homo,
1435 1196 1554 1256 aut
1595 1191 1791 1272 alter,
1848 1189 2219 1279 apparebit:
2267 1188 2382 1255 sed
2438 1188 2677 1272 quibus
2733 1210 2773 1253 a
2827 1189 3107 1271 pueritia
3150 1188 3547 1255 rudimentis
3588 1187 3826 1254 imbuti
3867 1194 4183 1272 perpetuo
4224 1188 4473 1255 fuerint
4517 1186 4689 1272 apud

669 1322 792 1369 nos
849 1298 1021 1367 docti
1074 1300 1271 1368 simul
1323 1308 1518 1386 atque
1571 1302 1848 1369 indocti:
1905 1309 1981 1367 ut
2037 1301 2356 1367 haberent
2410 1301 2535 1368 hoc
2590 1322 2818 1367 omnes
2874 1300 3101 1366 fideles
3114 1352 3133 1383 ,
3188 1301 3380 1384 quasi
3434 1299 3704 1366 solenne
3759 1299 4160 1367 christianae
4212 1299 4689 1367 communionis

672 1412 1063 1498 symbolum.
1153 1415 1378 1498 Atque
1429 1413 1593 1481 haec
1648 1433 1806 1480 sane
1863 1414 2211 1498 praecipua
2254 1412 2422 1479 mihi
2461 1414 2590 1477 fuit
2631 1411 2866 1478 edendi
2910 1412 3110 1479 huius
3155 1412 3535 1479 catechismi
3578 1413 3760 1478 ratio.
3851 1411 4087 1478 Valuit
4127 1423 4353 1478 tamen
4395 1433 4534 1479 non
4574 1433 4690 1497 pa-

668 1544 825 1589 rum
868 1524 1106 1610 haeo,²)
1150 1546 1406 1610 quoque
1448 1526 1676 1606 altera,
1721 1523 1894 1610 quod
1937 1545 2093 1591 eum
2136 1547 2177 1591 a
2218 1525 2525 1610 plurimis
2571 1523 2926 1591 desiderari
2970 1523 3336 1607 audiebam,
3380 1526 3534 1609 quia
3576 1524 3751 1591 lectu
3793 1545 3927 1590 non
3966 1524 4320 1609 indignum
4359 1526 4499 1591 fore
4544 1546 4691 1611 spe-

665 1644 911 1702 rarent.
978 1636 1318 1704 Iudicione
1360 1637 1432 1703 id
1473 1660 1560 1703 an
1603 1657 1844 1719 errore,
1880 1637 2317 1721 pronunciare
2357 1658 2491 1703 non
2536 1647 2638 1702 est
2677 1658 2917 1717 meum,
2962 1627 3078 1703 s‘ed
3121 1657 3349 1703 eorum
3383 1646 3607 1704 tamen
3649 1643 3803 1703 voto
3844 1656 4097 1702 morem
4140 1656 4371 1721 gerere
4410 1659 4692 1723 aequum

663 1747 811 1814 fuit.
901 1745 1087 1831 Quin
1141 1749 1344 1815 etiam
1397 1749 1642 1815 iniecta
1681 1749 1847 1815 mihi
1900 1747 2370 1832 propemodum
2427 1749 2782 1815 necessitas
2833 1756 3004 1829 erat,
3061 1771 3145 1815 ne
3202 1749 3431 1815 liceret
3481 1752 3753 1833 impune
3796 1747 4183 1815 detrectare.
4269 1748 4446 1814 Nam
4486 1772 4691 1834 quum

572 1908 598 1923 .
662 1868 820 1925 ante
863 1880 1072 1927 annos
1112 1867 1367 1943 septem
1418 1860 1597 1925 edita
1639 1882 1679 1926 a
1720 1882 1827 1928 me
1871 1868 2045 1926 esset
2083 1862 2305 1928 brevis
2347 1861 2687 1946 religionis
2732 1883 2992 1929 summa
3034 1862 3158 1928 sub
3202 1860 3584 1928 catechismi
3626 1858 3912 1939 nomine,
3957 1860 4237 1926 verebar
4278 1861 4411 1927 nisi
4451 1862 4579 1929 hoc
4618 1865 4690 1930 in

656 1970 957 2036 medium
997 1970 1254 2055 prolato
1309 1977 1808 2051 anteverterem,
1864 1993 1951 2038 ne
1992 1972 2126 2051 illa,
2171 1973 2344 2055 quod
2385 1972 2709 2053 nolebam,
2754 1996 3021 2040 rursum
3062 1952 3514 2040 excuderetur.
3585 1972 3776 2039 Bono
3812 1972 4021 2057 igitur
4054 1972 4315 2056 publico
4358 1976 4416 2039 si
4447 1974 4690 2042 vellem

663 2081 1055 2161 consultum,
1100 2104 1333 2150 curare
1373 2105 1480 2148 me
1523 2084 1841 2167 oportuit,
1887 2092 1963 2151 ut
2005 2084 2131 2165 bic,
2175 2107 2373 2169 quem
2416 2107 2540 2171 ego
2581 2087 3051 2169 praeferebam,
3093 2086 3312 2154 locum
3351 2093 3717 2170 occuparet.
3788 2085 4148 2150 Praeterea
4186 2084 4271 2150 ad
4314 2086 4691 2175 exemplum

664 2193 1003 2277 pertinere
1046 2195 1343 2275 arbitror,
1385 2215 1460 2261 re
1501 2197 1646 2279 ipsa
1687 2203 2007 2263 testatum
2048 2196 2198 2263 fieri
2240 2197 2510 2278 mundo,
2548 2220 2669 2264 nos
2712 2199 2824 2282 qui
2867 2199 3179 2266 ecclesiae
3225 2198 3711 2265 restitutionem
3752 2194 4086 2276 molimur,
4130 2194 4371 2280 ubique
4413 2200 4485 2264 in
4519 2197 4696 2266 hanc

667 2312 931 2389 partem
985 2304 1273 2372 fideliter
1325 2307 1736 2388 incumbere,
1792 2317 1868 2374 ut
1911 2309 2147 2375 saltem
2191 2309 2572 2376 catechismi
2625 2332 2785 2376 usus
2828 2312 2940 2394 qui
2999 2309 3248 2393 aliquot
3303 2309 3584 2376 antehac
3629 2307 3907 2374 saeculis
3950 2307 4074 2374 sub
4116 2316 4365 2392 papatu
4410 2309 4695 2378 abolitus

661 2417 818 2496 fuit,
875 2438 1054 2485 nunc
1096 2419 1283 2502 quasi
1326 2420 1729 2502 postliminio
1773 2419 2014 2486 redeat.
2104 2421 2171 2487 N
2171 2442 2280 2487 am
2322 2442 2537 2506 neque
2581 2422 2744 2487 satis
2786 2443 2906 2506 pro
2964 2443 3087 2489 sua
3140 2422 3424 2488 utilitate
3480 2418 3924 2488 commendari
3965 2428 4183 2504 potest
4224 2430 4526 2488 sanctum
4569 2422 4695 2489 hoc

661 2529 1077 2596 institutum·
1126 2551 1249 2598 nec
1291 2530 1567 2615 papistis
1611 2532 1773 2598 satis
1816 2533 2205 2615 exprobrari
2248 2539 2366 2615 [foL
2412 2540 2476 2617 5]
2523 2540 2662 2600 tam
2704 2535 3029 2620 flagitiosa
3071 2534 3460 2619 corruptela,
3506 2532 3679 2617 quod
3722 2528 3887 2597 illud
3929 2532 3996 2597 in
4042 2532 4329 2616 pueriles
4373 2532 4692 2601 vertendo

658 2640 948 2724 ineptias
965 2693 982 2721 ,
1044 2663 1182 2708 non
1237 2640 1431 2708 modo
1488 2643 1900 2709 sustulerunt
1940 2666 1978 2710 e
2022 2645 2257 2726 medio,
2302 2642 2419 2711 sed
2461 2667 2539 2711 eo
2582 2667 2837 2731 quoque
2880 2646 2962 2711 ad
3005 2647 3307 2731 impurae
3352 2653 3419 2711 et
3459 2645 3703 2729 impiae
3748 2645 4231 2731 superstitionis
4272 2654 4692 2730 praetextum

660 2753 949 2836 turpiter
1003 2760 1163 2847 sunt
1216 2755 1423 2821 abusi.
1511 2754 1977 2823 Adulterinam
2020 2758 2200 2824 enim
2250 2758 2436 2823 illam
2492 2758 3056 2825 confirmationem
3071 2807 3087 2837 ,
3144 2779 3345 2842 quam
3385 2759 3460 2822 in
3502 2757 3645 2823 eius
3688 2757 3906 2825 locum
3951 2759 4428 2842 subrogarunt,
4481 2759 4694 2823 instar

659 2864 1026 2929 meretricis
1059 2885 1302 2951 magno
1339 2869 1899 2934 caeremoniarum
1935 2868 2284 2954 splendore
2325 2868 2689 2954 multisque
2731 2890 3124 2954 pomparum
3157 2870 3326 2936 fucis
3368 2869 3512 2935 sine
3553 2867 3747 2934 modo
3781 2878 4048 2935 ornant:
4093 2870 4254 2953 quin
4290 2868 4492 2935 etiam
4533 2868 4695 2934 dum

657 2995 902 3041 ornare
946 2975 1177 3043 volunt
1190 3029 1208 3057 ,
1268 2977 1693 3045 exsecrandis
1751 2980 2177 3066 blasphemiis
2222 2979 2576 3062 adornant,
2635 2981 2794 3048 dum
2836 2990 3321 3048 sacramentum
3375 3002 3519 3047 esse
3560 2981 3810 3047 iactant
3860 2981 4186 3065 baptismo
4236 2980 4530 3064 dignius:
4578 3002 4690 3048 vo-

658 3094 946 3172 cantque
996 3091 1587 3172 semichristianos,
1649 3094 2020 3177 quicunque
2077 3094 2321 3160 foetido
2376 3116 2495 3160 suo
2555 3094 2698 3160 oleo
2751 3116 2888 3160 non
2944 3096 3191 3161 fuerint
3249 3093 3501 3160 infecti:
3557 3093 3828 3160 interim
3869 3115 4026 3160 vero
4071 3095 4222 3161 tota
4252 3114 4483 3159 eorum
4523 3095 4691 3159 actio

656 3206 829 3271 nihil
870 3227 1072 3290 quam
1114 3205 1529 3274 histrionicas
1573 3206 2111 3293 gesticulationes
2167 3205 2464 3274 continet
2477 3257 2495 3287 ,
2541 3205 2650 3273 vel
2705 3207 2923 3289 potius
2976 3206 3256 3273 lascivos
3310 3207 3652 3272 simiarum
3704 3205 3888 3272 lusus
3903 3256 3920 3284 ‚
3975 3207 4220 3290 absque
4269 3205 4411 3271 ulla
4464 3225 4690 3271 aemu-

655 3318 924 3385 lationis
967 3325 1128 3384 arte.

972 3430 1113 3498 Vos
1156 3437 1378 3497 autem
1418 3431 1658 3498 stati-es
1693 3429 1861 3496 mihi
1896 3431 1969 3496 in
2011 3429 2299 3495 Domino
2339 3431 2681 3513 carissimi,
2725 3431 2964 3516 quibus
2998 3432 3217 3515 ipsum
3261 3450 3735 3514 nuncuparem,
3781 3427 3928 3495 ideo
3969 3427 4158 3513 elegi,
4201 3429 4356 3511 quia
4396 3437 4689 3511 praeter-

656 3565 859 3628 quam
896 3542 1073 3627 quod
1107 3563 1215 3609 me
1258 3543 1467 3608 amari
1509 3562 1553 3606 a
1590 3542 1797 3625 vobis,
1843 3553 1911 3608 et
1953 3542 2299 3626 plerosque
2333 3542 2536 3608 etiam
2574 3549 2877 3610 vestrum
2919 3543 3182 3627 scriptis
3224 3544 3389 3610 meis
3437 3541 3749 3608 delectari
3783 3540 4086 3607 nonnulli
4120 3561 4206 3606 ex
4240 3545 4462 3606 vestro
4497 3546 4688 3604 coetu

654 3656 826 3723 mihi
872 3652 1347 3734 indicaverant,
1388 3653 1460 3720 id
1501 3674 1758 3738 quoque
1804 3653 2197 3718 nominatim
2238 3654 2654 3737 postularant
2689 3674 2732 3719 a
2771 3676 2879 3720 me
2921 3676 3042 3738 per
3084 3655 3330 3737 literas,
3375 3659 3452 3719 ut
3492 3654 3671 3719 hunc
3712 3652 4006 3719 laborem
4062 3673 4182 3718 sua
4225 3651 4439 3736 gratia
4481 3651 4688 3720 susci-

653 3788 902 3852 perem.
971 3766 1244 3850 Alioqui
1285 3785 1424 3831 una
1463 3765 1584 3833 illa
1631 3765 1792 3832 satis
1835 3766 2012 3831 iusta
2053 3765 2276 3832 futura
2319 3771 2462 3832 erat
2507 3766 2695 3848 ratio,
2736 3766 2910 3851 quod
2951 3765 3208 3850 pridem
3252 3788 3336 3834 ex
3378 3766 3642 3850 piorum
3684 3774 3752 3830 et
3792 3766 4098 3851 gravium
4132 3764 4430 3830 virorum
4470 3761 4689 3827 relatu

655 3902 738 3946 ea
782 3879 865 3946 de
900 3878 1087 3946 vobis
1131 3877 1450 3958 intellexi,
1495 3896 1662 3961 quae
1706 3877 2003 3942 animum
2040 3877 2229 3945 vobis
2271 3899 2495 3944 meum
2541 3878 2806 3962 penitus
2847 3877 3351 3964 obstringerent.
3438 3877 3637 3944 Nunc
3679 3898 3855 3957 vere,
3902 3875 4076 3962 quod
4117 3897 4235 3941 vos
4255 3876 4508 3958 ”sponte
4549 3874 4686 3941 fae-

655 3999 842 4058 turos
885 3989 1160 4070 confido,
1207 3996 1362 4075 peto
1401 3997 1628 4055 tamen
1660 4008 1703 4052 a
1744 3985 1932 4052 vobis
1975 3994 2050 4053 ut
2083 3988 2208 4056 hoc
2251 3988 2748 4056 benevolentiae
2788 4011 2948 4075 erga
2989 4012 3105 4058 vos
3146 4012 3332 4058 meae
3373 3988 3829 4055 testimonium
3871 3988 4027 4054 boni
4068 3987 4286 4054 velitis
4320 3984 4681 4051 consulere.

654 4101 914 4169 Valete.
1004 4102 1333 4167 Dominus
1384 4122 1505 4168 vos
1549 4098 1938 4184 sapientiae,
1991 4099 2410 4182 prudentiae,
2465 4101 2590 4167 zeli
2647 4108 2715 4168 et
2756 4103 3155 4169 fortitudinis
3200 4102 3437 4186 spiritu
3494 4101 3568 4166 in
3614 4100 3756 4168 dies
3808 4100 4019 4187 magis
4063 4120 4138 4166 ac
4180 4096 4395 4182 magis
4439 4102 4684 4182 augeat

652 4214 730 4282 in
769 4214 1082 4281 ecclesiae
1120 4234 1278 4280 suae
1322 4212 1859 4281 aedificationem.
1949 4210 2282 4279 Genevae.
2333 4218 2392 4278 4.
2441 4213 2772 4312 calendas
2813 4213 3223 4282 Decembris.
3275 4215 3461 4279 1545.

972 4532 1033 4600 1)
1071 4531 1225 4599 haec,
1261 4546 1365 4585 om.
1410 4529 1571 4599 Gall„
1607 4526 1760 4583 Bona
1793 4534 1843 4583 et
1878 4541 2019 4600 seqq.
