4999 6179
377 451 498 513 305

371 637 581 718 ipsam
637 638 1026 719 praeveniat
1081 638 1512 703 voluntatem:
1583 659 1750 719 quae
1817 637 1874 700 si
1943 658 2075 702 non
2140 644 2331 714 esset,

372 742 506 787 non
549 732 1059 806 praepararetur
1101 723 1412 788 voluntas
1455 742 1498 786 a
1538 723 1845 788 Domino.
1915 722 2090 787 Item
2126 743 2334 806 quum

374 807 533 873 alibi
575 808 978 892 scripsisset,
1038 810 1110 872 in
1152 817 1477 894 potestate
1519 816 1749 873 nostra
1785 829 1928 874 esse
1942 860 1958 886 ,
2017 808 2175 892 quid
2219 829 2333 873 ve-

371 894 587 972 limus,
634 902 948 959 retractat
989 895 1190 959 ctiam
1237 896 1360 960 hoc
1404 894 1626 958 modo:
1668 894 1718 976 ¹)
1777 894 1912 959 Sed
1957 894 2130 960 hanc
2174 915 2333 977 quo-

373 1001 498 1062 que
543 978 629 1045 ad
671 981 837 1045 bene
879 979 1242 1046 vivendum
1297 981 1577 1063 desuper
1635 980 1991 1062 accipimus
2042 988 2333 1062 potesta-

371 1076 527 1143 tem,
573 1086 779 1148 quum
837 1076 1269 1149 praeparatur
1322 1088 1361 1130 a
1405 1067 1695 1132 Domino
1758 1066 2078 1130 voluntas.
2167 1063 2331 1146 Qui-

370 1152 496 1217 bus
539 1151 804 1218 funibus
847 1151 1011 1218 haec
1054 1152 1260 1218 verba
1302 1152 1526 1217 trahet
1556 1151 1855 1235 Pighius,
1904 1161 1981 1215 ut
2013 1171 2166 1216 cum
2208 1153 2333 1214 im-

373 1239 481 1321 pio
560 1259 677 1302 suo
745 1250 1116 1303 commento
1186 1237 1625 1305 cohaereant?
1738 1237 2087 1302 Voluntati
2165 1236 2334 1301 nihil

375 1323 666 1390 ablatum
710 1345 853 1389 esse
899 1324 1045 1389 vult
1085 1345 1205 1407 per
1249 1323 1569 1408 originale
1602 1334 1963 1407 peccatum,
2011 1324 2140 1388 nisi
2186 1329 2332 1402 [pag.

381 1414 528 1488 101]
582 1408 944 1474 dominium
1000 1412 1071 1475 in
1134 1411 1433 1475 membra
1488 1408 1810 1491 corporis:
1879 1407 2055 1491 quod
2110 1417 2332 1474 autem

374 1494 456 1561 ad
511 1495 760 1559 malum
824 1517 1020 1577 quam
1088 1496 1170 1560 ad
1219 1498 1467 1563 bonum
1512 1496 1600 1559 sit
1641 1493 2054 1577 propensior,
2113 1494 2184 1559 id
2228 1514 2332 1560 so-

374 1580 596 1645 cordia
662 1594 731 1645 et
784 1582 1055 1664 ignavia
1121 1601 1454 1664 pravaque
1513 1579 1986 1646 consuetudine
2042 1582 2330 1657 evenire,

375 1687 506 1731 non
553 1669 710 1748 quia
751 1667 1099 1733 resistendi
1157 1667 1537 1734 facultatem
1580 1688 1711 1731 non
1755 1664 2012 1731 habeat.
2099 1669 2330 1750 Augu-

375 1753 588 1817 stinus
647 1774 803 1817 vero
859 1754 1196 1832 reclamat,
1267 1754 1510 1818 malam
1567 1773 1708 1817 esse
1763 1752 2197 1817 voluntatem:
2256 1773 2331 1817 ac

374 1840 589 1903 teneri
636 1838 760 1903 sub
814 1839 989 1903 malo
1044 1843 1372 1923 captivam
1419 1839 1625 1904 donec
1670 1837 2004 1903 liberetur.
2093 1838 2187 1902 Et
2229 1846 2332 1902 ta-

374 1945 530 1989 men
574 1934 711 1989 tam
754 1923 1129 2006 deploratae
1191 1924 1642 2009 impudentiae
1688 1932 1790 1989 est
1845 1922 1953 1988 hic
1997 1924 2179 1989 canis
2195 1973 2210 1999 ‚
2255 1932 2334 1987 ut

376 2010 752 2093 Augustino
815 2011 1249 2093 ignominiam
1316 2012 1486 2076 hanc
1538 2011 1808 2074 inurere
1876 2010 2077 2086 ausit,
2188 2010 2333 2074 uasi

375 2117 525 2160 eum
573 2097 849 2161 haberet
891 2117 1046 2162 suae
1090 2098 1446 2179 impietatis
1493 2106 1866 2179 patronum.
1957 2093 2133 2160 Dein
2182 2116 2218 2160 e
2260 2095 2333 2158 in

376 2181 844 2264 cupiditatibus
888 2183 1104 2249 carnis
1129 2182 1487 2259 vincendis,
1535 2182 1781 2263 primas
1813 2180 2139 2245 voluntati
2182 2200 2335 2263 par-

378 2283 478 2333 tes
533 2267 861 2346 concedit,
919 2271 1104 2351 quasi
1161 2269 1324 2333 haec
1387 2288 1684 2351 pugnam
1737 2268 2041 2350 incipiat:
2098 2266 2336 2331 deinde

378 2353 661 2437 gratiam
688 2354 819 2419 Dei
853 2354 1262 2433 adiutricem,
1305 2354 1496 2437 quasi
1528 2354 1600 2418 in
1644 2351 2029 2429 subsidium,
2076 2352 2171 2416 illi
2220 2351 2334 2417 ad-

377 2440 606 2523 iungit.
709 2439 970 2523 Ubique
1024 2451 1245 2506 autem
1303 2440 1619 2506 reclamat
1672 2439 2120 2522 Augustinus,
2166 2437 2365 2502 nihil·

375 2534 639 2609 praeter
680 2525 934 2590 malum
978 2527 1319 2610 concipere
1359 2525 1797 2601 voluntatem,
1847 2523 2053 2589 donec
2098 2524 2337 2606 spiritu

377 2612 820 2694 praevenitur.
923 2613 1144 2696 Atque
1199 2613 1298 2677 ita
1361 2613 1563 2676 etiam
1615 2611 1689 2675 in
1745 2610 2019 2676 concilio
2064 2610 2337 2674 Arausi-

379 2716 540 2762 cano
582 2697 920 2764 decretum
955 2709 1080 2763 est:
1130 2696 1210 2764 Si
1244 2699 1411 2781 quis,
1457 2709 1534 2761 ut
1574 2718 1614 2761 a
1647 2708 1912 2778 peccato
1949 2715 2335 2779 purgemur,

379 2782 786 2849 voluntatem
869 2794 1160 2848 nostram
1231 2785 1449 2849 Deum
1529 2790 1910 2865 exspectare
1977 2778 2334 2859 contendit,

380 2889 513 2934 non
558 2876 799 2948 autem,
846 2878 923 2933 ut
963 2889 1094 2952 pur
1141 2869 1242 2934 ari
1288 2869 1587 2946 velimus,
1633 2888 1754 2951 per
1810 2868 2082 2951 spiritus
2126 2866 2341 2932 sancti

379 2955 830 3037 operationem
886 2954 956 3019 in
1014 2976 1099 3019 no
1145 2956 1201 3019 is
1245 2956 1386 3020 fieri
1443 2955 1791 3020 confitetur
1807 3006 1821 3032 ,
1879 2974 2032 3018 eum
2077 2951 2341 3036 spiritui

382 3048 606 3116 sancto
666 3038 1018 3106 adversari.
1125 3039 1352 3122 Quum
1404 3048 1664 3105 tantum
1733 3061 1802 3106 se
1857 3038 2170 3105 ecclesiae
2225 3036 2337 3103 de-

381 3128 555 3192 ferre
609 3129 704 3191 fin
794 3139 847 3204 t,
903 3126 1061 3209 quid
1105 3148 1282 3192 nunc
1323 3127 1714 3209 subterfugii
1760 3127 2076 3204 inveniet,
2135 3144 2338 3207 quum

383 3213 465 3278 ab
510 3212 662 3277 orth
748 3232 877 3277 oxa
918 3211 1174 3296 synodo
1217 3211 1427 3277 hostis
1474 3212 1746 3295 spiritus
1789 3213 2000 3276 sancti
2043 3230 2338 3293 pronun-

383 3297 637 3366 cietur?
730 3298 986 3364 Deinde
1037 3300 1130 3365 sic
1188 3296 1493 3381 impediri
1537 3295 1946 3361 voluntatem
2004 3295 2341 3360 existimat

385 3386 599 3449 carnis
654 3385 1124 3468 repugnantia,
1189 3395 1265 3449 ut
1318 3384 1614 3465 superior
1669 3394 1894 3446 tamen
1953 3402 2094 3446 esse
2139 3389 2341 3462 queat

384 3473 455 3536 in
506 3471 894 3548 certamine,
956 3471 1013 3535 si
1067 3472 1243 3536 vires
1300 3489 1451 3535 suas
1507 3469 1951 3550 experiretur:
2013 3477 2082 3531 et
2134 3487 2341 3549 quum

387 3559 584 3622 etiam
628 3556 954 3622 illecebris
998 3558 1214 3621 carnis
1257 3563 1518 3620 tenetur
1558 3554 1813 3618 irretita
1852 3563 2148 3631 tantum,
2193 3550 2340 3616 ideo

387 3642 632 3726 requiri
689 3642 884 3727 fingit
940 3642 1263 3707 auxilium
1320 3642 1569 3724 gratiae
1627 3638 1713 3704 ad
1754 3660 1898 3704 eam
1950 3638 2025 3702 in
2067 3658 2339 3719 recupe-

387 3726 594 3796 rando
638 3748 758 3793 suo
799 3728 945 3793 iure
989 3725 1448 3804 adiuvandam,
1492 3726 1648 3807 quia
1690 3747 1823 3789 non
1864 3723 2056 3790 facile
2100 3723 2342 3805 alioqui

387 3816 593 3898 possit
666 3814 1010 3880 victoriam
1085 3814 1397 3880 obtinere.
1522 3812 1627 3876 De
1701 3811 2090 3876 necessitate
2155 3807 2340 3872 nulla

388 3901 650 3966 mentio.
741 3897 922 3981 Quid
966 3907 1188 3965 autem
1231 3897 1311 3962 de
1355 3918 1433 3962 ea
1477 3919 1550 3962 re
1592 3903 1994 3961 censuerunt
2036 3901 2293 3961 veteres
2308 3892 2340 3956 :⁷

388 3988 634 4053 Exstat
675 3985 1014 4052 decretum
1049 3984 1479 4051 Milevitanae
1522 3980 1756 4066 synodi
1798 3983 1869 4046 in
1914 3981 2078 4046 haec
2122 3979 2342 4059 verba,

389 4073 563 4157 quod
625 4074 694 4137 in
772 4070 1064 4138 conciliis
1152 4070 1456 4134 africanis
1533 4068 1883 4150 repetitur:
1952 4064 2346 4148 Quicunque

392 4158 662 4236 dixerit,
721 4156 867 4222 ideo
924 4156 1112 4221 nobis
1167 4155 1310 4221 dari
1364 4153 1851 4219 iustificationis
1908 4152 2226 4237 gratiam,
2270 4158 2348 4214 ut

392 4244 567 4330 quod
608 4241 913 4308 iubemur
953 4263 1071 4324 per
1119 4242 1398 4306 liberum
1436 4237 1802 4317 arbitrium,
1843 4238 2095 4303 facilius
2138 4237 2346 4319 possi-

389 4351 541 4395 mus
583 4350 702 4412 per
745 4329 1029 4414 gratiam
1071 4326 1365 4410 implere,
1411 4335 1724 4408 tanquam
1762 4326 1905 4389 sine
1942 4323 2156 4407 gratia
2196 4344 2346 4405 pos-

395 4416 637 4495 simus,
697 4416 820 4480 etsi
866 4413 1248 4491 difficulter,
1306 4411 1662 4477 anathema
1705 4410 1808 4474 sit.
1899 4409 2190 4474 Tametsi
2230 4407 2349 4472 illa

391 4503 744 4568 verborum
798 4499 1078 4564 fulmina
1135 4520 1264 4563 non
1317 4497 1596 4575 iaculor,
1652 4497 1889 4579 quibus
1945 4497 2016 4559 in
2068 4515 2190 4559 nos
2235 4492 2348 4558 de-

393 4589 607 4654 saevit
647 4585 959 4669 Pighius,
1017 4606 1208 4667 spero
1263 4595 1512 4665 tamen,
1540 4604 1625 4648 ex
1681 4582 1807 4648 hac
1851 4581 2144 4645 oratione
2188 4579 2350 4645 satis

391 4674 531 4738 fore
585 4671 1031 4756 perspicuum,
1102 4690 1299 4752 quam
1355 4670 1478 4734 hoc
1521 4689 1767 4734 novum
1812 4666 1956 4733 eius
2012 4670 2156 4744 [pag.
2201 4671 2348 4745 102]

395 4758 700 4824 delirium
756 4758 837 4823 ab
881 4756 1242 4842 Augustini
1299 4775 1494 4821 sensu
1546 4754 1836 4819 alienum
1888 4755 1976 4817 sit
2018 4773 2094 4817 ac
2135 4772 2351 4819 remo-

393 4853 569 4910 tum:
617 4845 808 4910 cuius
852 4844 1116 4908 nomine
1159 4840 1325 4906 illud
1368 4848 1768 4923 praetexere,
1804 4840 1976 4904 mira
2017 4837 2350 4904 confiden-

399 4932 511 5008 tia,
559 4928 774 4995 audet.

573 5013 996 5097 Quantopere
1053 5021 1278 5078 autem
1329 5033 1479 5077 cum
1532 5019 1673 5075 tota
1714 5012 2039 5092 scriptura
2082 5020 2349 5093 pugnet,

395 5121 636 5185 operae
704 5100 984 5183 pretium
1043 5097 1385 5164 ostendere
1439 5101 1636 5175 foret,
1707 5097 1831 5160 nisi
1898 5096 2069 5161 libro
2120 5097 2353 5177 quinto

545 5375 606 5440 1)
641 5374 878 5429 Reti-act.
916 5373 952 5427 1.
993 5373 1034 5426 1.

616 5459 837 5513 &alvini
866 5473 1048 5525 opera.
1131 5456 1243 5512 Vol.
1293 5453 1388 5509 VI.

1865 448 1994 513 DE
2030 446 2388 514 LIBERO
2432 443 2908 513 ARBI'I'RIO.

4281 451 4409 515 306

2439 643 2837 699 recurreret:
2882 634 2999 700 ubi
3039 636 3470 717 opportunior
3503 635 3631 699 erit
3670 635 3869 702 locus.
3939 633 4157 717 Quam
4200 636 4407 701 etiam

2441 720 2524 785 ob
2569 741 2863 797 caum,
2919 719 3092 803 quod
3137 718 3218 785 de
3269 731 3535 803 peccato
3579 722 3887 806 originali
3929 732 4251 805 nugatur,
4298 743 4407 785 re·-

2438 804 2666 869 fellere
2721 806 2792 869 in
2845 807 3223 888 praesentia
3276 806 3673 890 supersedeo
3686 859 3702 885 ,
3772 827 3860 871 ne
3914 807 4091 871 idem
4145 807 4247 873 bis
4299 806 4403 871 di-

2440 890 2725 957 cendum
2781 892 2884 957 sit.
2996 891 3145 957 Hoc
3201 913 3359 958 vero
3434 902 3654 960 tacere
3709 894 4177 975 disputationis
4242 894 4403 958 ordo

2440 999 2574 1042 non
2629 979 2907 1061 patitur,
2970 977 3145 1060 quod
3201 977 3371 1042 nihil
3425 987 3565 1043 tam
3620 977 3981 1044 absurdum
4037 978 4221 1058 dicit,
4292 981 4400 1044 cui

2439 1063 2858 1146 approbando
2914 1064 3274 1147 Augustini
3325 1064 3597 1129 titulum
3654 1086 3792 1130 non
3834 1064 4162 1129 obtendat.
4252 1064 4401 1129 Hoc

2441 1158 2575 1225 est,
2635 1150 2867 1233 inquit,
2923 1149 3095 1232 quod
3152 1149 3310 1216 dicit
3378 1150 3543 1215 libro
3595 1152 3791 1215 tertio
3849 1151 4400 1233 Hypognosticmv

2438 1235 2886 1319 Augustinus:
2930 1234 3296 1319 perdidisse
3329 1256 3451 1300 nos
3494 1236 3884 1313 libertatem,
3922 1257 4058 1300 non
4091 1235 4176 1300 ad
4210 1234 4404 1315 velle,

2439 1319 2556 1385 sed
2612 1342 2800 1403 posse
2814 1372 2829 1398 ,
2907 1332 3052 1385 aut⁴
3091 1322 3423 1403 perficere.
3538 1323 3842 1387 Primum
3918 1323 4051 1386 iam
4117 1320 4398 1400 ostendi,

2437 1406 2616 1471 aliud
2653 1408 2848 1472 toties
2893 1405 3124 1473 docere
3180 1408 3661 1490 Augustinum;
3720 1407 3955 1472 deinde
4008 1408 4168 1472 satis
4224 1409 4403 1472 inter

2438 1490 2730 1557 eruditos
2773 1493 3097 1567 convenit,
3146 1514 3277 1557 non
3314 1514 3458 1557 esse
3495 1493 3854 1575 Augustini
3891 1492 4136 1557 librum
4169 1491 4395 1570 illum:

2437 1580 2633 1643 tertio
2673 1598 3021 1661 perperam
3074 1579 3548 1662 interpretatur
3589 1579 3877 1662 Pighius
3920 1576 4092 1661 quod
4136 1577 4395 1661 allegat.

2439 1664 2622 1729 Dicit
2675 1663 2938 1745 quidem
3007 1666 3286 1746 scriptor
3341 1664 3486 1743 ille,
3554 1666 3927 1747 quicunque
3970 1664 4087 1742 sit,
4154 1664 4399 1729 amisso

2439 1749 2889 1831 possibilitatis
2942 1751 3110 1815 bono
3126 1802 3143 1829 ,
3201 1750 3415 1816 solum
3473 1750 3821 1815 arbitrium
3869 1747 3952 1813 ad
3998 1748 4166 1814 velle
4211 1748 4401 1814 nobis

2438 1834 2740 1900 relictum
2784 1855 2954 1909 esse,
3011 1834 3207 1919 idque
3260 1836 3706 1902 vulneratum.
3809 1834 3944 1901 Sed
4001 1855 4132 1918 quo
4177 1855 4398 1913 sensu,

2438 1942 2575 1985 non
2615 1922 2969 1987 obscurum
3014 1930 3139 1986 est:
3200 1922 3256 1986 si
3306 1923 3451 2005 quis
3508 1924 3895 2004 coniungat,
3951 1942 4117 2003 quae
4172 1928 4401 2003 postea

2440 2016 2829 2089 sequuntur.
2919 2006 3088 2071 Esse
3131 2007 3378 2071 fatetur
3413 2006 3697 2072 liberum
3731 2007 4098 2084 arbitrium,
4148 2006 4400 2073 habeus

2439 2092 2705 2175 quidem
2757 2090 3072 2158 iudicium
3127 2092 3435 2167 rationiS,
3503 2113 3640 2157 non
3695 2113 3816 2174 per
3876 2092 4054 2174 quod
4111 2094 4201 2156 sit
4257 2090 4401 2159 ido-

2438 2198 2661 2255 neum,
2721 2198 2888 2260 quae
2940 2176 3023 2241 ad
3067 2175 3287 2241 Deum
3332 2178 3696 2260 pertinent,
3756 2179 3900 2242 sine
3944 2179 4091 2243 Deo
4135 2186 4254 2243 aut
4294 2179 4401 2243 in·

2440 2264 2679 2329 choare
2736 2272 2855 2328 aut
2910 2265 3250 2345 perficere,
3307 2262 3422 2327 sed
3466 2269 3728 2326 tantum
3761 2263 3834 2327 in
3876 2262 4182 2345 operibus
4225 2265 4403 2330 vitae

2439 2350 2826 2431 praesentis.
2879 2347 3058 2430 Quid
3101 2358 3220 2427 est,
3265 2349 3548 2425 obsecr0,
3593 2349 3886 2431 incipere
3929 2349 3998 2411 in
4042 2347 4248 2413 libero
4294 2370 4401 2413 ar-

2442 2436 2640 2500 bitrio
2657 2486 2672 2513 ,
2730 2435 2859 2499 nisi
2912 2435 3166 2516 primus
3220 2433 3581 2499 voluntatis
3635 2432 3897 2498 motus?
4000 2431 4191 2498 Sicut
4252 2455 4403 2516 per·-

2443 2542 2670 2604 agere,
2718 2528 2820 2585 est
2874 2522 3141 2585 firmum
3194 2520 3603 2603 propositum
3646 2540 3796 2584 cum
3843 2519 4090 2584 efficaci
4140 2528 4400 2585 conatu.

2444 2605 2582 2672 Sed
2625 2607 2793 2672 forte
2831 2604 3130 2671 nondum
3164 2605 3515 2688 acquiescit
3550 2605 3850 2688 Pighius.
3915 2604 4187 2670 Faciam
4224 2626 4403 2688 erg0,

2442 2705 2518 2758 ut
2590 2713 2861 2774 prorsus
2929 2692 3378 2757 obmutescere
3452 2699 3741 2774 cogatur.
3855 2688 4237 2773 Subiungit·
4283 2691 4403 2756 ali-

2443 2786 2691 2863 quanto
2726 2788 2904 2861 post:
2964 2774 3191 2858 Quum
3234 2776 3316 2841 de
3359 2776 3564 2842 libero
3605 2776 3876 2841 arbitrio
3920 2777 4209 2859 agimus,
4266 2797 4403 2842 non

2444 2864 2527 2930 de
2579 2873 2767 2947 parte
2824 2863 3111 2928 hominis
3155 2864 3443 2948 agimus,
3491 2862 3608 2927 sed
3647 2860 3730 2928 de
3776 2870 3941 2926 toto:
3999 2862 4158 2944 quia
4200 2883 4404 2945 quum

2442 2951 2741 3035 peccavit
2775 2949 2971 3014 homo
3015 2950 3296 3032 primus,
3345 2969 3473 3013 non
3520 2958 3706 3031 parte
3751 2948 4000 3030 aliqua,
4047 2948 4165 3012 sed
4207 2956 4401 3027 totus,

2443 3056 2574 3119 qua
2616 3035 2917 3102 conditus
2962 3045 3063 3101 est
3107 3044 3346 3101 natura
3361 3086 3376 3113 ,
3434 3033 3725 3118 deliquit.
3817 3032 4033 3098 Audis
4077 3055 4210 3100 non
4251 3054 4404 3118 par-

2443 3133 2579 3188 tem
2633 3122 2922 3204 aliquam
2977 3122 3179 3187 fuisse
3223 3123 3291 3185 in
3350 3121 3619 3185 homine
3662 3120 3966 3184 vitiatam
4011 3120 4211 3201 (sicut
4251 3142 4404 3203 pro-

2442 3209 2598 3272 fana
2630 3206 3102 3290 imaginatione
3136 3205 3640 3289 philosophatur
3674 3203 3987 3289 Pighius)
4031 3203 4147 3270 sed
4189 3213 4406 3271 totam

2444 3293 2733 3359 hominis
2785 3300 3092 3357 naturam
3139 3291 3499 3356 subiectam
3541 3291 3742 3357 fuisse
3797 3290 4131 3374 pravitati.
4219 3289 4403 3373 Quid

2442 3378 2715 3462 postea?
2819 3378 3072 3443 Vitiato
3128 3377 3360 3461 igitur,
3407 3378 3646 3459 inquit,
3691 3377 3899 3442 libero
3942 3377 4243 3457 arbitrie,
4302 3386 4401 3443 to-

2443 3475 2552 3530 tus
2588 3465 2782 3529 homo
2827 3473 2929 3528 est
2974 3464 3273 3529 vitiatus:
3333 3483 3535 3546 quare
3593 3463 3839 3545 absque
3883 3461 4205 3527 adiutorio
4250 3484 4404 3548 gra-

2445 3552 2576 3616 tiae
2618 3550 2767 3629 Dei,
2813 3548 2993 3631 quod,
3027 3550 3173 3614 Deo
3219 3547 3488 3631 placeat,
3537 3553 3685 3627 [pag.
3729 3553 3877 3626 103]
3924 3569 4045 3613 nec
4088 3547 4268 3614 valet
4299 3550 4405 3614 in·-

2444 3638 2689 3720 cipere,
2746 3657 2869 3701 nec
2928 3637 3241 3717 perficere
3285 3635 3545 3700 sufficit.
3632 3634 3766 3700 Ubi
3807 3633 3925 3697 illa
3966 3633 4195 3717 Pighii
4236 3636 4406 3699 ima-

2444 3723 2726 3807 ginatio,
2793 3722 3283 3804 corruptionem
3346 3727 3555 3785 totam
3619 3719 3691 3784 in
3758 3740 4027 3802 corpore
4091 3720 4274 3785 velut
4331 3721 4406 3786 in

2446 3808 2666 3874 cloaca
2708 3807 3031 3872 inclusam
3078 3806 3262 3872 esse?
3351 3807 3737 3890 Pergamus
3806 3806 4251 3870 Praevenitur
4286 3826 4405 3872 au-

2447 3903 2585 3959 tem
2624 3890 2968 3970 medicina,
3015 3902 3091 3956 ut
3134 3900 3404 3959 sanetur
3444 3893 3515 3956 in
3558 3910 3634 3955 eo
3670 3902 3738 3955 et
3770 3898 4116 3972 reparetur
4150 3890 4404 3970 vitiata,

2447 3989 2644 4063 atque
2699 3985 3129 4062 praeparetur
3172 3977 3497 4044 voluntas.
3587 3975 3799 4041 Audis
3852 3976 3923 4039 in
3979 3978 4124 4057 ipsa
4165 3977 4406 4041 volun-

2447 4073 2587 4131 tate
2651 4063 2942 4129 residere
2999 4062 3278 4130 vitium?
3340 4061 3528 4128 audis
3584 4061 3755 4126 nihil
3805 4081 3996 4143 posse
4050 4080 4199 4125 eam
4252 4063 4410 4128 boni

2451 4151 2790 4233 concipere
2805 4201 2820 4227 ,
2880 4148 3084 4213 donec
3141 4156 3374 4213 sanata
3387 4196 3401 4225 ,
3461 4155 3765 4230 reparata
3779 4197 3796 4224 ,
3852 4168 3929 4212 ac
3973 4147 4174 4210 etiam
4217 4168 4410 4231 prae-

2450 4245 2682 4320 parata
2723 4233 2967 4300 fuerit?
3028 4234 3138 4298 ·De
3174 4254 3303 4316 qua
3346 4231 3839 4316 praeparatione
3883 4233 4209 4315 sequitur:
4255 4234 4319 4298 N
4322 4256 4411 4300 on

2451 4343 2610 4406 ergo
2664 4322 2862 4386 homo
2919 4319 3254 4386 voluntate
3306 4338 3427 4382 sua
3479 4317 3696 4383 adhuc
3736 4319 3810 4381 in
3854 4318 4015 4382 vitio
4068 4316 4258 4383 liberi
4302 4341 4410 4384 ar-

2451 4408 2633 4473 bitrii
2675 4406 3086 4472 claudicante
3141 4404 3486 4487 praevenit
3528 4404 3779 4480 Deum,
3832 4413 3908 4467 ut
3950 4413 4300 4487 cognoscat
4342 4414 4411 4470 et

2453 4509 2725 4576 quaerat
2777 4512 2923 4558 eam
2979 4491 3291 4574 gratiam,
3352 4501 3668 4572 tanquam
3715 4510 3836 4573 pro
3879 4490 4135 4553 meritis
4180 4509 4410 4572 accep-

2455 4588 2664 4658 turus,
2712 4577 2825 4643 sed
2869 4574 3230 4660 praecedit,
3277 4583 3354 4640 ut
3396 4576 3530 4640 iam
3576 4575 3745 4654 dixi,
3800 4573 4246 4639 misericordia
4289 4595 4413 4640 sua

2454 4664 2645 4730 Deus
2689 4663 3005 4740 hominis,
3051 4661 3350 4726 nondum
3393 4683 3462 4726 so
3504 4662 3913 4744 quaerentis,
3971 4659 4414 4726 voluntatem:

2455 4760 2533 4815 ut
2597 4770 2748 4815 eum
2811 4749 3008 4812 faciat
3064 4770 3134 4813 se
3191 4747 3357 4813 scire
3413 4758 3481 4812 et
3538 4765 3868 4829 quaerere.
3960 4742 4094 4826 Qui
4145 4766 4414 4812 omnem

2455 4834 3025 4919 praeparationem
3102 4833 3357 4898 homini
3443 4832 3635 4910 tollit,
3723 4828 3883 4914 quid
3947 4829 4129 4894 aliud
4204 4833 4412 4897 relin-

2457 4923 2604 5005 quit
2671 4941 2866 5004 quam
2953 4939 3333 5001 perversam
3412 4915 3868 4984 voluntatem?
3986 4913 4122 4980 Sed
4196 4918 4413 4983 adhuc

2457 5008 2700 5075 clarius
2741 5012 2971 5088 postea
3012 5005 3329 5088 explicat:
3373 5004 3480 5069 De
3524 5024 3657 5067 non
3695 5001 4021 5081 credente,
4058 5003 4292 5085 inquit,
4341 5015 4419 5070 ut

2460 5101 2809 5178 cognoscat
2853 5098 2921 5154 et
2962 5090 3216 5168 credat,
3277 5092 3350 5154 in
3392 5111 3517 5172 quo
3561 5088 3733 5153 bona
3774 5108 3976 5171 opera
4012 5088 4201 5153 nulla
4239 5098 4416 5169 sunt,
4525 5101 4529 5105 ’

2463 5179 2715 5245 dictum
2772 5184 2899 5242 est:
2956 5176 3021 5242 N
3023 5196 3110 5242 on
3172 5177 3473 5253 volentis,
3537 5193 3750 5257 neque
3806 5175 4133 5240 currentis
4192 5174 4416 5247 (Rom.

2463 5269 2524 5342 9,
2571 5268 2705 5348 16):
2764 5264 2915 5347 quia
2968 5264 3042 5328 in
3097 5263 3389 5329 vanitate
3443 5281 3712 5340 sensus,
3770 5268 3971 5344 atque
4011 5260 4082 5323 in
4122 5260 4416 5326 tenebris

2462 5350 2883 5417 obscuratum
2935 5347 3186 5415 habens
3240 5345 3648 5413 intellectum
3715 5345 3903 5411 liberi
3969 5345 4224 5411 arbitrii
4240 5397 4255 5424 ,
4309 5346 4421 5412 lu—

3935 5445 4008 5500 20
