4999 6179
1492 1662 1507 1675 ’
1618 1743 3056 1882 PRoLEooMENA.

2013 2019 2425 2109 CAPUT
2488 2022 2697 2107 XII.

1059 2240 1994 2340 OATECHISMUS
2050 2241 2837 2342 POSTERIOR.
2944 2238 3651 2342 1542—1545.

647 2445 1101 2513 Oatechismus
1143 2443 1258 2510 ille
1300 2465 1497 2527 quem
1540 2465 1740 2529 supra
1780 2444 2201 2512 laudavimus
2246 2446 2563 2531 cuiusque
2617 2448 2957 2532 exemplar
3013 2449 3328 2536 gallicum
3369 2452 3633 2518 nullum
3675 2461 3957 2522 aetatem
4003 2459 4176 2539 tulit,
4222 2459 4378 2526 lati·-

302 2570 317 2585 ·
336 2579 501 2625 num
545 2564 768 2625 autem
811 2558 928 2624 vix
972 2564 1185 2623 unum
1228 2564 1346 2623 aut
1387 2556 1689 2636 alterum,
1733 2572 1872 2629 nen
1916 2556 2078 2624 adeo
2122 2555 2236 2622 diu
2280 2556 2695 2625 Genevensis
2740 2560 3052 2627 ecelesiae
3096 2562 3323 2631 usibus
3363 2563 3745 2632 inserviisse
3789 2566 4086 2636 videtur.'
4148 2568 4378 2637 Calvi-

336 2692 463 2736 nus
507 2669 688 2735 enim
732 2669 814 2735 ab
855 2667 1090 2735 exsilio
1135 2668 1480 2736 Genevam
1527 2690 1832 2737 reversus
1878 2669 2083 2736 alium
2119 2688 2278 2735 mox
2319 2667 2527 2734 edidit
2567 2690 2742 2737 nova
2791 2672 3100 2739 methodo
3144 2674 3638 2755 concinnatum,
3700 2677 3945 2744 scilicet
3983 2701 4101 2762 per
4143 2702 4376 2767 quaes-

337 2783 551 2848 tiones
572 2788 664 2848 'et
706 2782 1164 2865 responsiones
1181 2831 1199 2861 ,
1259 2782 1371 2865 qui
1412 2780 1500 2847 ad
1542 2781 1729 2847 hunc
1763 2801 1973 2865 nsque
2019 2781 2193 2846 diem
2235 2781 2310 2846 in
2352 2780 2600 2847 talibus
2640 2780 2878 2850 libellis
2920 2804 3065 2853 mos
3120 2783 3436 2867 obtinuit,
3494 2786 3808 2871 disposita
3861 2793 4154 2859 materia.
4241 2793 4376 2860 Hic

336 2913 595 2978 quoque
636 2899 914 2977 utroque
958 2911 1260 2958 sermone
1303 2891 1387 2957 ab
1426 2900 1653 2959 autore
1697 2902 2009 2959 exaratus
2052 2900 2172 2972 est,
2217 2892 2392 2976 quod
2435 2894 2605 2965 citra
2646 2913 2842 2959 omne
2886 2894 3158 2962 dubium
3202 2897 3534 2963 affirmare
3568 2919 3939 2982 possumus,
3986 2923 4192 2986 quum
4215 2905 4376 2989 ipse

337 3005 528 3072 latini
571 3026 645 3071 se
690 3012 997 3071 autorem
1041 3001 1216 3070 dicat
1259 3004 1330 3087 in
1372 3004 1775 3087 praefatione
1817 3003 2033 3070 eidem
2074 3005 2371 3087 praefixa
2414 3004 2631 3088 ibique
2688 3004 2871 3094 haud
2924 3007 3198 3074 obscure
3253 3008 3561 3098 gallicam
3604 3007 3964 3079 editionem
4006 3022 4201 3080 antea
4241 3016 4379 3082 iam

339 3119 672 3186 exstitisse
713 3117 1059 3203 significet.
1147 3116 1405 3184 Verum
1446 3116 1530 3183 de
1575 3138 1749 3183 anno
1800 3117 2004 3183 natali
2062 3117 2285 3183 minus
2329 3124 2607 3184 constat.
2697 3118 3030 3186 Latinum
3061 3139 3149 3204 qu
3157 3119 3335 3187 idem
3378 3103 3719 3205 exemplar
3760 3143 3937 3190 anno
3986 3131 4014 3189 1
4027 3130 4149 3191 545
4192 3129 4376 3194 evul-

340 3237 571 3318 gatum
622 3229 825 3322 fuisse
887 3229 1253 3295 certissime
1309 3249 1394 3294 ex
1446 3228 1627 3294 illius
1681 3229 2105 3312 praefationis
2164 3227 2646 3312 subscriptione
2685 3234 2895 3311 patet,
2950 3229 3262 3314 gallicum
3302 3238 3529 3298 autem
3571 3234 4009 3317 antiquiorem
4050 3259 4377 3322 nusquam

338 3341 632 3428 reperire
686 3339 875 3410 nobis
929 3340 1234 3426 contigit,
1291 3360 1504 3424 neque
1560 3337 1921 3425 quidquam
1975 3342 2141 3406 certi
2184 3339 2265 3406 de
2321 3340 2447 3407 hac
2506 3361 2580 3406 re
2621 3340 2979 3408 memoriae
3019 3340 3454 3424 prodiderunt
3496 3345 3611 3427 qui
3653 3344 3812 3411 olim
3854 3348 4063 3414 vitam
4106 3349 4376 3418 calvini

338 3455 550 3522 literis
590 3453 997 3520 mandarunt
1010 3503 1024 3528 ‚
1071 3451 1248 3518 Beza
1297 3459 1365 3519 et
1409 3451 1813 3519 Colladonus
1826 3503 1852 3533 ,‚
1904 3449 2034 3518 nisi
2075 3450 2253 3535 quod
2294 3471 2429 3517 uno
2472 3471 2586 3516 ore
2632 3470 2861 3517 omnes
2906 3449 3263 3518 Calvinum
3301 3451 3710 3523 Oatechismi
3750 3460 4143 3543 genevensis
4187 3469 4376 3529 auto-

339 3585 479 3633 rem
527 3573 918 3656 agnoscunt.
1007 3562 1402 3631 Adscribere
1442 3570 1666 3630 tamen
1711 3564 1875 3630 libet
1913 3562 2037 3629 hoc
2078 3561 2217 3629 loeo
2261 3584 2428 3652 quae
2471 3561 2868 3647 paucissima
2910 3559 2996 3629 a‘d
3050 3584 3192 3629 rem
3232 3564 3539 3634 facientia
3583 3567 3786 3634 tradit
3827 3569 3969 3653 ipse
4013 3570 4261 3639 Noster
4304 3576 4380 3640 in

341 3677 650 3763 epistola,
706 3696 835 3761 qua
895 3675 1143 3743 latinae
1198 3675 1521 3743 versionis
1575 3676 1867 3744 eeclesiis
1920 3675 2180 3741 Frisiae
2235 3673 2572 3742 orientalis
2627 3674 2879 3740 dicatae
2934 3674 3282 3744 eonsilium
3330 3679 3619 3761 exponit.
3722 3679 4089 3765 Postquam
4144 3705 4376 3753 causas

278 3827 295 3842 -
342 3789 703 3856 declaravit
744 3789 984 3873 quibus
1028 3796 1244 3854 motus
1288 3808 1444 3853 eum
1484 3787 1783 3852 latinum-
1812 3787 2056 3865 fecerit,
2103 3787 2198 3853 sic
2241 3787 2490 3871 pergit:
2542 3785 2718 3852 Hae‘c
2747 3787 3098 3874 praecipua
3139 3787 3297 3853 milvi
3347 3789 3477 3870 fuit
3516 3771 3740 3857 edendi
3780 3775 3973 3858 haias
4016 3794 4376 3864 catechismi
4441 3813 4450 3818 ·

341 3903 526 3974 ratio.
631 3900 847 3966 Valuit
899 3906 1106 3966 tamen
1158 3920 1285 3966 non
1327 3918 1573 3981 parum
1627 3897 1776 3963 haec
1818 3917 2057 3980 qaoque
2099 3898 2330 3979 alte‘ra,
2384 3897 2549 3979 quod
2590 3917 2732 3964 eum
2774 3916 2817 3961 a
2848 3898 3151 3979 pha-ibus
3193 3899 3548 3965 desiderari
3589 3902 3954 3985 audiebam,
4011 3907 4170 3987 quia
4212 3907 4368 3974 lectu

342 4034 468 4080 non
509 4013 845 4097 indiynum
883 4012 1021 4093 fore
1061 4014 1401 4094 sperarent.
1492 4009 1819 4076 Iudicione
1862 4009 1935 4075 id
1978 4031 2065 4077 an
2107 4030 2334 4089 errore,
2365 4011 2797 4092 pronunciare
2837 4029 2963 4075 non
3002 4014 3092 4075 est
3130 4030 3364 4091 meunt,
3418 4012 3528 4077 sed
3569 4033 3783 4078 eorum
3823 4020 4030 4081 tamen
4070 4022 4204 4083 voto
4247 4038 4373 4083 mo-

341 4147 477 4192 rem
512 4145 724 4216 yerere
776 4144 1047 4206 aequum
1095 4124 1237 4206 fuit.
1334 4122 1505 4204 Quin
1558 4122 1745 4188 etiam
1770 4123 2013 4188 .inieeta
2055 4120 2218 4187 mihi
2261 4122 2716 4203 propomam
2768 4121 3102 4188 necessitas
3145 4127 3308 4202 erat,
3364 4144 3441 4188 ne
3483 4122 3693 4189 liceret
3726 4125 3984 4207 imptme
4024 4127 4373 4196 detrectare.

348 4238 522 4302 Nam
552 4243 770 4319 'quum
825 4240 965 4301 ante
1020 4255 1220 4301 annos
1277 4239 1503 4316 septem
1546 4233 1713 4299 edita
1767 4256 1811 4300 a
1851 4253 1948 4300 me
2007 4238 2164 4299 esset
2215 4231 2421 4297 brevis
2478 4233 2807 4316 religionis
2860 4249 3110 4298 summa
3168 4232 3283 4298 sub
3348 4231 3719 4301 Gatechismi
3768 4239 4044 4319 nomine,
4098 4240 4370 4319 verebar,

342 4350 475 4414 nisi
516 4348 626 4415 hoe
670 4349 742 4412 in
795 4348 1070 4413 medium
1100 4345 1355 4429 prolato
1399 4349 1864 4426 ante-verterem,
1908 4365 1985 4411 ne
2028 4344 2179 4441 illa,
2224 4343 2389 4425 quod
2422 4343 2728 4425 nolebam,
2768 4363 3029 4409 rwrsum
3062 4344 3480 4444 excuderetwr.
3568 4345 3752 4418 Bono
3794 4348 3989 4431 iyitur
4018 4349 4269 4431 publico
4311 4353 4374 4418 si

340 4459 553 4526 vellem
594 4459 961 4539 consultum,
1004 4478 1225 4525 curare
1262 4477 1360 4523 me
1402 4458 1701 4539 oportuit,
1744 4462 1814 4523 ut
1855 4457 1972 4537 hie,
2017 4476 2203 4539 quem
2254 4475 2358 4538 eqo
2390 4454 2858 4536 praeferebam,
2902 4455 3100 4521 locum
3144 4461 3496 4539 occuparet,
3552 4465 3713 4523 caet.
3804 4457 3994 4540 Quae
4052 4461 4110 4527 si
4153 4468 4370 4528 atten-

344 4572 477 4638 tius
519 4570 928 4655 expenderis,
976 4591 1094 4653 pro
1138 4577 1316 4636 certo
1360 4569 1632 4636 habebis
1674 4571 1982 4654 primum,
2030 4567 2409 4635 catechismi
2449 4565 2645 4632 latini
2680 4588 2852 4632 anno
2893 4571 3057 4632 1538
3103 4567 3400 4654 evulgati
3434 4567 3689 4658 nullam
3723 4570 4079 4637 editionem
4113 4583 4373 4655 praeter

342 4683 528 4749 illam
586 4683 952 4766 principem
1001 4702 1298 4764 unquam
1339 4682 1702 4760 exstitiss03
1758 4679 1993 4748 deinde
2037 4679 2421 4757 Calvinum,
2475 4698 2682 4776 quum
2724 4699 2968 4744 novam
3013 4700 3053 4744 a
3110 4677 3411 4770 pluribus
3467 4679 3824 4747 desiderari
3876 4680 4133 4749 videret
4175 4692 4374 4769 atque

344 4794 502 4861 huie
546 4793 870 4861 desiderio
912 4813 1165 4859 morem
1210 4814 1438 4878 gerere
1482 4791 1659 4877 apud
1704 4814 1774 4859 se
1817 4794 2295 4872 constituisset,
2354 4811 2491 4856 non
2534 4789 2714 4855 illam
2772 4791 3059 4872 priorem
3110 4790 3338 4856 recudi
3394 4791 3692 4871 iussisse,
3750 4790 3866 4858 sed
3909 4792 4112 4862 alium
4155 4798 4374 4878 potius

344 4908 776 4972 recentiorem
830 4904 1099 4984 librum,
1158 4925 1386 4988 quem
1439 4902 1989 4988 praeferebat,
2045 4905 2249 4970 latine
2304 4901 2701 4970 vertendum
2753 4907 3039 4986 putasse.
3140 4901 3477 4970 Gallicum
3532 4903 3738 4988 igitur
3790 4903 4131 4986 exemplar
4184 4906 4373 4975 latini

344 5017 597 5082 fontem
638 5017 840 5083 fuisse
876 5009 1017 5082 iion
1061 5016 1205 5083 sine
1248 5015 1503 5081 ratione
1546 5015 1968 5100 praesumere
2011 5016 2198 5082 nob'is
2240 5013 2565 5081 videmu‘r.
2651 5012 2799 5078 Iam
2842 5033 3044 5095 quum
3088 5012 3408 5079 Calvinus
3453 5033 3522 5078 se
3580 5015 3798 5097 ipsum
3841 5014 4032 5080 latini
4075 5023 4372 5084 autorem

344 5128 759 5213 profiteatur,
813 5128 1087 5193 minime
1145 5146 1302 5195 vero
1360 5128 1648 5193 alienum
1691 5150 1853 5213 opus
1896 5126 2313 5193 transtulisse
2354 5123 2691 5210 putandus
2736 5125 2855 5205 sit,
2897 5113 3240 5207 sequitur,
3301 5131 3653 5209 utrumque
3708 5132 3967 5191 textum
4010 5127 4186 5192 inter
4230 5131 4371 5196 eius

347 5260 547 5323 opera
585 5238 1037 5323 recipiendum
1096 5260 1254 5306 esse.
1346 5238 1722 5322 Utrumque
1775 5241 1982 5325 igitur
2023 5238 2173 5318 tibi,
2218 5237 2539 5304 benevole
2581 5236 2816 5317 lector,
2863 5255 3333 5319 proponemus,
3380 5236 3663 5303 alterum
3707 5259 3743 5304 e
3788 5240 4056 5323 regione
4101 5238 4372 5307 alterius

350 5353 751 5437 descriptum
794 5353 1194 5430 σννοπτικῶς,
1239 5358 1315 5415 ut
1370 5349 1623 5418 facilius
1665 5371 1796 5433 qua
1848 5352 2100 5416 ratione
2142 5351 2320 5415 inter
2364 5370 2436 5415 se
2477 5355 2835 5415 teneantur
2852 5399 2866 5426 ,
2914 5348 3021 5414 vel
3065 5348 3530 5413 convenientes
3545 5400 3561 5428 ,
3606 5349 3719 5416 vel
3761 5349 4224 5432 discrepantes,
4271 5352 4378 5417 di·-

558 5453 781 5512 wne
812 5470 1001 5524 opera.
1077 5454 1191 5512 Vol.
1236 5453 1335 5510 VI.
2821 5509 2832 5518 ,
3880 5450 3929 5508 Β
