4999 6179
445 411 564 472 521

441 606 675 664 notum
720 610 821 668 est
871 600 1040 667 illud
1091 607 1237 682 [pag.
1282 608 1430 684 118]
1472 603 1819 672 Ieremiae:
1878 605 2130 670 frustra
2180 605 2404 671 verbis

440 683 865 753 mendacibus
918 687 1186 772 gloriari
1231 689 1468 774 impios
1513 690 1913 770 sacerdotes,
1971 689 2131 757 dum
2175 691 2403 757 clami-

440 779 614 837 tant:
661 773 986 857 templum
1028 775 1330 855 Domini,
1377 777 1696 861 templum
1740 777 2034 857 Domini,
2079 777 2401 861 templum

438 858 742 924 Domini:
789 881 992 943 quum
1036 882 1119 927 ex
1163 860 1408 946 templo
1452 862 1728 928 Domini
1772 863 2154 947 speluncam
2199 863 2402 929 latro-

437 967 601 1011 num
641 945 918 1013 fecerint
959 947 1116 1031 (Ier.
1159 952 1216 1028 7,
1255 949 1345 1033 4).

611 1030 933 1099 Similiter
964 1033 1274 1100 ecclesiae
1307 1035 1628 1100 unitatem
1646 1087 1664 1115 ,
1714 1035 1927 1119 qualis
1960 1056 2000 1100 a
2026 1036 2237 1103 Paulo
2287 1037 2401 1103 de-

436 1119 771 1198 scribitur,
815 1128 1138 1187 testamur
1183 1121 1372 1187 nobis
1395 1142 1539 1199 0666
1582 1129 2082 1202 sacrosanctam,
2130 1129 2197 1187 et
2238 1143 2399 1190 ana-

435 1206 663 1272 thema
704 1208 1221 1289 pronunciamus
1265 1205 1582 1274 adversus
1625 1228 1872 1286 01111166,
1917 1209 2031 1292 qui
2072 1231 2221 1274 eam
2261 1210 2399 1275 ullo

434 1292 630 1358 modo
681 1293 1099 1360 violaverint.
1187 1294 1294 1360 Ab
1348 1293 1473 1359 hoc
1528 1294 1752 1378 itaque
1808 1294 2130 1379 principio
2175 1296 2396 1361 unita-

436 1387 573 1444 tem
630 1379 813 1445 ducit
866 1379 1148 1460 Paulus,
1205 1378 1381 1463 quod
1421 1400 1597 1445 unus
1641 1381 1730 1446 sit
1764 1379 1984 1461 Deus,
2031 1403 2166 1447 una
2209 1380 2394 1462 fides,

433 1486 648 1530 unum
688 1466 1050 1551 baptisma:
1097 1466 1273 1551 quod
1315 1485 1489 1532 unus
1535 1466 1623 1532 sit
1666 1467 1959 1532 omnium
2003 1475 2222 1551 pater,
2282 1468 2396 1551 qui

431 1573 553 1618 nos
606 1554 681 1618 in
733 1574 919 1636 spem
972 1575 1177 1619 unam
1235 1552 1571 1619 vocaverit
1616 1552 1884 1637 (Ephes.
1926 1559 1985 1633 4,
2026 1556 2114 1638 5).
2205 1554 2394 1621 rPuno

429 1658 588 1722 ergo
633 1661 844 1705 unum
887 1640 1134 1705 erimus
1174 1660 1442 1724 corpus,
1487 1644 1566 1703 ut
1608 1661 1783 1705 unus
1827 1638 2121 1723 spiritus,
2167 1661 2393 1723 quem-

430 1724 784 1791 admodum
837 1726 975 1793 illic
1028 1725 1379 1810 praecipit,
1446 1726 1503 1790 si
1547 1726 1667 1791 uni
1711 1726 1858 1790 Deo
1894 1723 2391 1807 adhaereamuS,

425 1810 623 1894 idque
664 1811 818 1877 fidei
873 1812 1048 1878 nodo
1103 1814 1280 1877 inter
1324 1832 1445 1877 nos
1489 1811 1798 1895 colligati.
1887 1811 2099 1877 Porro
2142 1833 2392 1878 memo-

424 1897 526 1963 ria
566 1898 1001 1982 repetendum
1045 1898 1219 1983 quod
1263 1896 1420 1964 alibi
1466 1896 1649 1964 dicit:
1706 1896 1907 1962 fidem
1951 1919 2094 1963 esse
2136 1919 2217 1963 ex
2260 1899 2394 1965 Dei

425 1982 628 2049 verbo
693 1985 916 2069 (Rom.
977 1990 1073 2065 10,
1130 1984 1260 2070 17).
1352 1981 1460 2050 Sit
1524 2001 1683 2068 crgo
1748 1983 1873 2048 hoc
1939 1987 2389 2065 constitutum,

423 2076 586 2136 tuno
630 2079 931 2137 constare
974 2073 1150 2137 inter
1188 2092 1310 2136 nos
1353 2077 1649 2137 sanctam
1686 2070 2027 2149 unitatem,
2073 2092 2275 2154 quum
2318 2073 2391 2137 in

421 2175 596 2239 pura
636 2155 936 2224 doctrina
977 2157 1463 2225 consentientes
1499 2157 1571 2221 in
1614 2177 1828 2222 unum
1864 2154 2208 2224 Christum
2243 2179 2393 2225 coa--

423 2241 751 2309 lescimus.
836 2245 933 2309 Et
974 2265 1162 2325 sane,
1219 2245 1276 2310 si
1309 2245 1379 2308 in
1424 2242 1783 2327 quamlibet
1817 2241 2180 2310 doctrinam
2236 2266 2391 2312 con-

423 2328 679 2412 spirare
707 2331 1055 2411 sufficeret,
1103 2352 1228 2415 quo
1266 2331 1402 2396 iam
1445 2327 1687 2395 indicio
1720 2328 2000 2412 amplius
2033 2349 2073 2393 a
2093 2332 2389 2415 profanis

422 2415 779 2499 impiorum
845 2417 1237 2484 factionibus
1300 2417 1431 2482 Dei
1509 2416 1780 2482 ecclesia
1857 2413 2386 2484 discerneretur?

424 2500 874 2583 Quamobrem
916 2504 1112 2587 paulo
1148 2511 1296 2588 post
1326 2500 1671 2587 subiungit
1692 2501 2045 2586 apostolus,
2092 2504 2175 2569 ad
2209 2504 2387 2571 aedi-

421 2588 797 2654 ficationem
840 2590 1148 2656 ecclesiae
1193 2590 1571 2655 institutum
1615 2608 1759 2653 esse
1803 2609 1842 2652 a
1878 2586 2147 2657 Christo
2191 2591 2387 2655 mini-

421 2676 719 2756 sterium,
768 2674 975 2742 donec
1017 2676 1489 2759 perveniamus
1536 2677 1608 2740 in
1650 2672 1806 2741 fidei
1849 2674 2200 2758 unitatem,
2261 2678 2385 2745 hoc

422 2769 558 2841 est,
617 2762 1022 2847 agnitionem
1063 2763 1183 2829 filii
1224 2762 1385 2828 Dei:
1445 2781 1531 2827 ne
1575 2761 1784 2828 simus
1842 2760 2129 2844 amplius
2172 2765 2382 2847 pueri,

419 2848 539 2931 qui
564 2848 1109 2915 circumferamur
1155 2848 1450 2933 quolibet
1470 2855 1668 2915 vento
1714 2845 2070 2929 doctrinae,
2107 2848 2223 2916 6611
2266 2872 2384 2917 ve-

416 2933 685 2999 ritatem
742 2942 1067 3001 sectantes
1122 2935 1196 3000 in
1254 2935 1556 3014 caritate,
1627 2953 2003 3000 crescamus
2062 2936 2133 3000 in
2191 2936 2385 3001 illum

416 3021 532 3105 qui
592 3030 694 3085 est
753 3027 949 3106 caput
1012 3022 1287 3107 (Ephes.
1338 3027 1399 3103 4,
1453 3022 1578 3103 14).
1666 3020 2029 3085 Poteratne
2095 3026 2383 3107 apertius

415 3119 622 3172 totam
679 3108 989 3175 ecclesiae
1045 3111 1370 3174 unitatem
1426 3107 1760 3173 includere
1836 3107 1910 3171 in
1985 3118 2213 3174 sancta
2267 3133 2381 3178 ve-

415 3214 533 3259 rae
587 3193 923 3261 doctrinae
979 3194 1354 3275 concordia,
1411 3214 1610 3277 quam
1665 3194 1824 3259 dum
1882 3193 1968 3261 ad
2015 3194 2379 3278 Christum,

416 3278 504 3345 ad
545 3280 776 3362 fidem,
823 3287 971 3362 [pag.
1015 3287 1163 3362 119]
1211 3302 1375 3365 quae
1420 3281 1561 3346 eius
1607 3281 1941 3364 agnitione
1983 3282 2378 3363 continetur,

416 3366 502 3431 ad
544 3368 847 3434 veritatis
891 3367 1330 3433 obedientiam
1374 3366 1682 3436 revocat?
1772 3367 2006 3452 Neque
2052 3389 2211 3453 vero
2254 3370 2379 3457 hoo

413 3453 618 3538 longa
662 3452 1220 3520 demonstrat-ione
1264 3475 1429 3539 opus
1475 3453 1676 3520 habet
1719 3452 1894 3537 apud
1939 3474 2068 3534 eos,
2116 3456 2229 3537 qui
2274 3478 2379 3523 ec-

411 3540 684 3606 clesiam
727 3541 1022 3625 cogitant
1064 3539 1235 3608 ovile
1278 3539 1444 3606 illud
1487 3562 1648 3620 esse,
1695 3541 1803 3606 cui
1845 3540 2022 3607 solus
2068 3540 2379 3609 Clu-istus

409 3635 700 3710 praeest:
760 3628 874 3697 ubi
915 3649 1049 3693 una
1091 3627 1233 3693 eius
1277 3648 1411 3693 vox
1445 3626 1715 3702 auditur
1755 3636 1825 3692 et
1858 3626 2254 3693 discernitur
2294 3630 2377 3695 ab

414 3713 784 3779 alienorum
837 3735 1015 3781 voce.
1108 3716 1172 3780 A
1244 3736 1329 3781 ue
1382 3713 1454 3778 id
1497 3735 1750 3798 quoque
1808 3713 1965 3780 alibi
2008 3716 2375 3796 confirmat,

411 3820 617 3883 quum
659 3821 779 3884 pro
821 3801 1144 3865 Romanis
1258 3822 1410 3866 eum
1463 3808 1796 3882 precatur,
1852 3807 1928 3864 ut
1970 3822 2179 3866 unum
2223 3824 2373 3868 sen-

411 3885 587 3951 tiant
629 3907 876 3965 omnes,
923 3885 1039 3953 sed
1083 3885 1448 3954 secundum
1492 3885 1867 3951 Christum:
1915 3894 1992 3951 ut
2023 3888 2373 3955 unanimes

406 3970 737 4037 honorent
777 3974 1001 4038 Deum
1072 3972 1264 4038 Rom.
1310 3976 1408 4052 15,
1435 3973 1538 4055 ὅ).

581 4058 875 4125 Proinde
914 4057 999 4124 ad
1091 4058 1376 4125 hristum
1410 4056 1726 4124 accedant
1758 4058 2121 4124 adversarii
2161 4062 2372 4126 nostri

406 4148 726 4229 primum,
783 4152 851 4211 et
894 4153 1054 4210 tunc
1096 4167 1241 4212 reos
1287 4143 1657 4212 schismatis
1701 4165 1823 4209 nos
1863 4145 2138 4226 faciant,
2199 4146 2372 4229 quod

409 4233 491 4298 ab
547 4232 711 4316 ipsis
765 4231 837 4297 in
892 4232 1192 4298 doctrina
1250 4228 1567 4296 dissidere
1626 4230 1772 4295 ausi
1825 4231 2049 4297 61111116.
2141 4230 2370 4312 Quum

405 4338 566 4385 vero
610 4320 743 4384 iam
790 4318 1066 4402 planum
1108 4318 1407 4396 fecerim,
1461 4315 1893 4401 profligatum
1947 4339 2089 4383 6666
2135 4317 2368 4385 Chris-

405 4411 551 4470 tum
586 4426 671 4470 ex
705 4426 931 4470 eorum
961 4404 1406 4483 contubernio,
1445 4403 1951 4483 exterminatam
1985 4424 2128 4470 6666
2164 4425 2367 4471 evan-

404 4491 560 4576 gelii
603 4491 746 4557 eius
789 4489 1172 4569 doctrinam,
1216 4490 1342 4555 hoc
1386 4497 1647 4575 tantum
1689 4490 1761 4553 in
1805 4488 1993 4554 nobis
2038 4498 2364 4571 accusant,

401 4576 578 4661 quod
620 4577 887 4645 Christo
931 4577 1148 4662 potius
1206 4575 1710 4655 adhaereamus,
1764 4596 1964 4659 quam
2004 4573 2145 4642 sibi.
2238 4576 2366 4643 Cui

401 4664 613 4745 enim,
682 4663 982 4743 obsecro,
1048 4659 1519 4746 persuadeant,
1588 4661 1963 4746 quicunque
2023 4659 2258 4729 abduci
2324 4686 2365 4730 a

398 4748 669 4817 Christo
713 4749 985 4833 eiusque
1024 4749 1304 4815 veritate
1336 4755 1661 4826 recusent,
1707 4754 1784 4812 ut
1808 4769 1880 4813 se
1913 4748 1986 4812 in
2017 4748 2364 4815 hominum

1793 412 2521 481 REFORMANDAE
2566 415 3113 486 ECCLESIAE.

4346 441 4472 504 522

2510 605 2936 689 perturbatio,
2980 610 3108 675 nisi
3147 613 3467 678 autoritas
3511 614 3843 682 deferatur
3872 617 3956 687 iis
3989 623 4100 705 qui
4133 635 4470 708 praesunt.

2512 690 2791 759 Constet
2847 715 3004 779 ergo
3061 716 3218 763 suus
3283 700 3654 781 pastoribus
3708 702 3955 772 honor:
4018 709 4134 774 sed
4199 712 4318 792 ita,
4385 736 4471 782 ne

2511 777 2666 860 quid
2720 780 3074 846 imminuat
3117 804 3201 847 ex
3256 805 3513 852 summo
3568 786 3819 855 Christi
3865 791 4165 877 imperio:
4233 800 4337 864 cui
4405 807 4472 866 et

2511 864 2681 943 illos,
2720 873 2789 931 et
2828 887 3056 932 omnes
3081 868 3163 933 ad
3190 890 3417 949 unum,
3465 872 3735 941 subesse
3769 885 4043 962 oportet.
4116 882 4266 950 Hac
4292 888 4469 953 enim

2512 949 2890 1018 conditione
2957 963 3027 1019 se
3086 954 3248 1021 olim
3323 958 3714 1026 israeliticae
3780 964 4092 1032 ecclcsiae
4167 972 4469 1055 regimen

2511 1034 2769 1104 dedisse
2825 1042 2975 1118 [pag.
3030 1045 3201 1121 120]'
3233 1044 3705 1127 sacerdotibus,
3763 1055 4050 1117 testatur
4104 1052 4292 1121 Deus
4348 1080 4468 1142 per

2510 1123 2910 1190 Malachiam
2984 1125 3074 1210 (2,
3128 1131 3226 1212 7),
3293 1137 3371 1194 ut
3435 1131 3648 1198 factae
3716 1156 3868 1201 cum
3932 1137 4065 1206 illis
4147 1142 4467 1224 pactionis

2504 1207 2705 1274 fidem
2758 1219 3190 1294 praestarent.
3276 1215 3563 1300 Nempe,
3617 1226 3697 1284 ut
3750 1222 3926 1289 labia
3978 1245 4209 1290 eorum
4252 1237 4467 1296 custo-

2507 1294 2723 1361 dirent
2755 1297 3117 1377 scientiam,
3163 1307 3240 1364 ut
3270 1301 3489 1386 legem
3520 1306 3757 1392 populo
3793 1319 4214 1394 exponerent.
4285 1315 4465 1383 Huic

2501 1382 2787 1465 pactioni
2830 1405 3036 1468 quum
3077 1386 3352 1452 minime
3396 1395 3554 1455 tunc
3595 1399 3852 1458 starent
3895 1396 4283 1480 sacerdotes,
4327 1402 4463 1467 foe-

2502 1466 2626 1533 dus
2669 1489 2884 1550 suum,
2928 1470 3195 1537 illorum
3237 1474 3513 1557 perfidia
3556 1477 3962 1565 abrogatum,
4006 1483 4268 1567 iamque
4310 1487 4463 1553 irri-

2503 1561 2647 1620 tum
2703 1574 2881 1635 esse,
2939 1560 3349 1641 pronunciat.
3438 1562 3829 1646 Falluntur,
3896 1569 3952 1634 si
4003 1570 4133 1635 alia
4189 1593 4261 1637 se
4313 1573 4462 1658 lege

2499 1640 2843 1708 collocatos
2896 1643 2971 1708 in
3027 1644 3337 1711 ecclesiae
3392 1649 3711 1733 regimine
3763 1652 4205 1736 arbitrantur,
4263 1680 4462 1742 quam

2499 1732 2578 1790 ut
2621 1729 2924 1794 veritatis
2964 1729 3097 1795 Dei
3149 1732 3442 1798 ministri
3497 1736 3631 1801 sint
3684 1758 3760 1804 ao
3814 1747 4034 1807 testes.
4124 1740 4462 1823 Quamdiu

2501 1834 2688 1897 ergo,
2749 1823 2981 1880 contra
3024 1817 3221 1882 officii
3264 1820 3371 1884 sui
3413 1819 3631 1906 legem
3674 1836 3750 1890 ac
3792 1825 4165 1908 formulam,
4209 1829 4461 1897 bellum

2501 1917 2651 1964 cum
2685 1901 2815 1966 Dei
2852 1902 3128 1969 veritate
3164 1925 3394 1989 gerere
3434 1916 3729 1992 pergent,
3776 1932 3862 1976 ne
3897 1912 4023 1977 sibi
4063 1921 4459 1998 potestatem

2499 1994 2854 2078 usurpent,
2914 2008 3111 2071 quam
3154 1990 3342 2058 Deus
3386 2013 3520 2058 non
3566 1994 3696 2059 nisi
3751 1995 3871 2062 sub
3928 2017 4006 2062 ea
4047 2021 4244 2083 quam
4289 2002 4459 2068 dixi-

2496 2092 2647 2138 mus
2700 2073 3099 2153 conditione,
3167 2076 3279 2141 vel
3345 2077 3503 2143 olim
3570 2079 4044 2164 sacerdotibus,
4110 2085 4216 2152 vel
4280 2110 4460 2156 nunc

2493 2158 2709 2242 episco
2756 2159 2812 2225 is
2854 2162 3148 2226 contulit.

2736 2266 2952 2327 erum,
3018 2247 3175 2330 quia
3238 2248 3549 2316 ecclesiae
3614 2256 4143 2322 communionem
4205 2259 4281 2324 in
4343 2261 4457 2327 illo

2492 2329 2836 2413 regiminis
2871 2353 3131 2417 genere,
3179 2334 3352 2417 quod
3386 2336 3515 2420 ipsi
3557 2338 3683 2403 sibi
3726 2341 4086 2423 finxerunt,
4130 2345 4457 2414 inclusam

2497 2437 2641 2481 esse
2696 2419 2995 2500 persuasi
3064 2428 3250 2499 sunt,
3321 2441 3398 2486 eo
3453 2422 3592 2487 solo
3661 2425 3894 2492 vicisse
3948 2428 4072 2494 sibi
4124 2430 4456 2514 videntur,

2495 2523 2703 2584 quum
2747 2504 2936 2571 nobis
2982 2505 3451 2573 alienationem
3495 2530 3535 2574 a
3592 2531 3868 2578 romana
3916 2513 4069 2581 sede
4118 2514 4455 2586 obiiciunt.

2491 2587 2700 2653 Nobis
2743 2611 2901 2656 vero
2956 2591 3037 2656 de
3080 2593 3370 2675 primatu
3424 2615 3736 2663 romanae
3790 2596 3991 2680 sedis,
4049 2623 4180 2685 quo
4234 2610 4453 2671 tanto-

2490 2696 2647 2758 pere
2714 2675 3110 2760 gloriantur,
3181 2701 3316 2744 non
3371 2687 3472 2746 est
3523 2680 3805 2749 difficilis
3869 2689 4226 2770 responsio.
4317 2689 4454 2757 Sed

2494 2781 2643 2825 eam
2699 2761 3242 2846 disputationem,
3299 2771 3443 2831 tum
3497 2768 3652 2851 quia
3706 2770 3906 2837 nimis
3961 2773 4220 2856 prolixa
4263 2777 4452 2859 foret,

2493 2853 2635 2913 tum
2676 2849 2829 2932 quia
2882 2850 3138 2932 copiose
3186 2859 3466 2918 tractata
3519 2862 3619 2919 661
3661 2877 3702 2921 6
3754 2859 3997 2925 nostris
4051 2859 4452 2945 hominibus,

2494 2932 2602 2999 hic
2643 2955 2774 2999 non
2833 2935 3190 3020 ingrediar.
3279 2939 3565 3003 Tantum
3601 2940 3726 3007 hoc
3771 2964 3811 3007 a
3852 2944 4040 3010 vobis
4085 2947 4451 3030 postulabo,

2489 3018 2922 3087 invictissime
2978 3021 3225 3089 Caesar
3299 3031 3366 3089 61
3428 3024 3855 3095 illustrissimi
3919 3030 4292 3117 Principes,
4374 3043 4453 3102 ut

2489 3104 2903 3191 Cyprianum
2927 3109 3210 3175 audiatis
3232 3110 3681 3193 disserentem,
3718 3136 3803 3179 ex
3828 3136 3955 3198 quo
3976 3119 4194 3202 potius
4219 3119 4451 3188 ordine

2489 3192 2899 3260 aestimanda
2977 3195 3065 3260 sit
3136 3197 3324 3262 vobis
3413 3218 3575 3263 vera
3648 3200 3958 3267 606166166
4056 3207 4448 3288 communio,

2494 3299 2691 3361 quam
2772 3279 2856 3343 ad
2932 3280 3146 3348 solum
3220 3303 3565 3349 romanum
3689 3287 4022 3353 ontificem
4089 3291 4454 3359 adversarii

2487 3365 2703 3430 nostri
2743 3374 3074 3433 revocant.
3163 3368 3339 3433 Nam
3388 3368 3501 3434 ubi
3545 3391 3655 3437 ecc
3685 3372 4023 3440 esiasticae
4070 3376 4452 3445 concordiae

2485 3450 2739 3515 fontem
2795 3453 3137 3518 constituit
3190 3454 3267 3518 in'
3320 3455 3457 3520 solo
3503 3453 3758 3523 Christi
3801 3460 4208 3545 episcopatu,
4263 3466 4450 3531 ouius

2485 3559 2525 3602 a
2561 3537 2840 3622 singulis
2882 3539 2952 3604 in
2995 3538 3280 3605 solidum
3322 3547 3579 3624 partem
3624 3546 3838 3611 teneri
3871 3547 4176 3628 affirmat,
4220 3558 4452 3632 postea

2483 3623 2851 3709 subiungit:
2884 3628 2933 3710 ¹)
2992 3625 3292 3693 Ecclesia
3347 3649 3486 3693 una
3541 3633 3691 3708 [pag.
3751 3637 3897 3710 121]
3957 3640 4088 3714 est,
4152 3656 4318 3719 quae
4376 3636 4449 3702 in

2482 3709 2979 3776 multitudinem
3020 3712 3217 3780 latius
3258 3713 3667 3782 incremento
3709 3717 4171 3785 foecunditatis
4214 3728 4448 3786 exten-

2483 3795 2695 3862 ditur:
2742 3818 2869 3880 quo
2912 3797 3108 3863 modo
3152 3798 3306 3866 solis
3349 3799 3515 3865 radii
3558 3802 3752 3868 multi
3794 3801 3912 3867 sed
3951 3804 4177 3870 lumen
4211 3828 4445 3888 unum,

2480 3882 2653 3947 rami
2710 3883 2960 3950 arboris
3015 3885 3213 3951 multi
3268 3886 3385 3952 sed
3436 3887 3640 3952 robur
3694 3910 3898 3953 unum
3952 3892 4168 3956 tenaci
4227 3890 4448 3961 radice

2479 3966 2861 4048 fundatum,
2925 3976 2991 4034 61
3050 3969 3130 4036 116
3187 3972 3367 4037 fonte
3422 3993 3556 4037 uno
3611 3974 3739 4041 rivi
3794 3974 4063 4058 plurimi
4117 3975 4444 4046 defluunt:

2478 4055 2923 4120 numerositas
2987 4054 3143 4121 licet
3195 4054 3435 4123 diffusa
3500 4056 3803 4125 videatur
3875 4060 4275 4130 exundantis
4339 4086 4446 4131 co-

2476 4139 2625 4223 piae
2647 4139 2972 4224 largitate,
3012 4141 3235 4207 unitas
3259 4148 3482 4210 tamen
3504 4150 3732 4210 manet
3753 4146 3824 4210 in
3856 4148 4128 4232 origine.
4200 4150 4442 4217 Avelle

2477 4225 2739 4291 radium
2785 4225 2941 4292 solis
2977 4249 3016 4292 a
3050 4246 3337 4312 corpore,
3383 4229 3773 4296 divisionem
3811 4233 4033 4299 unitas
4068 4256 4203 4301 non
4244 4237 4438 4320 capit.

2474 4311 2583 4378 Ab
2641 4311 2872 4378 arbore
2925 4313 3160 4396 frange
3219 4327 3509 4397 ramum,
3568 4317 3823 4383 fruetus
3878 4321 4252 4404 germinare
4305 4343 4439 4388 non

2520 4398 2737 4463 oterit.
2827 4401 2893 4465 A
2934 4400 3115 4465 fbnte
3157 4401 3460 4484 praecide
3503 4402 3756 4484 rivum,
3799 4407 4137 4489 praecisus
4180 4409 4437 4474 arescit.

2473 4420 2589 4552 gie
2621 4492 2688 4549 et
2719 4484 2992 4552 ecclesia
3012 4487 3288 4552 Domini
3326 4486 3472 4553 luce
3505 4490 3771 4572 perfusa
3812 4513 3933 4576 per
3952 4498 4169 4557 totum
4213 4494 4439 4560 orbem

2469 4571 2867 4656 porrigitur:
2940 4594 3143 4638 unum
3198 4580 3421 4638 tamen
3480 4574 3704 4641 lumen
3765 4584 3892 4658 est,
3956 4577 4129 4661 quod
4195 4576 4438 4663 ubique

2470 4656 2885 4738 diffunditur,
2931 4679 3054 4724 nec
3097 4661 3385 4744 corporis
3427 4662 3651 4727 unitas
3696 4671 4056 4747 separatur.
4143 4663 4437 4732 Proinde

2468 4743 2777 4810 haereses
2823 4750 2891 4809 et
2944 4745 3301 4812 schismata
3356 4745 3509 4812 inde
3565 4747 3725 4812 oriri
3775 4749 4200 4832 pronunciat,
4257 4750 4434 4835 quod

396 4837 669 4902 tradant
710 4843 1129 4920 potestatem,
1176 4854 1289 4899 eos
1333 4832 1768 4912 schimaticos,
1815 4842 1883 4899 et
1926 4833 2007 4900 ab
2052 4835 2361 4902 ecclesiae
2467 4828 2553 4894 ad
2593 4829 2891 4896 veritat-is
2914 4831 3259 4915 -originem
3302 4852 3439 4897 non
3481 4831 3767 4914 reditur,
3827 4856 3951 4901 nec
3996 4843 4194 4920 eaput
4234 4858 4433 4920 quae-

396 4922 729 4990 consortio
787 4922 1132 5005 tranfugas
1199 4918 1383 4986 esse?
1471 4919 1718 4984 Fateor
1774 4926 1978 5000 certe,
2046 4919 2360 4988 honorem
2464 4916 2656 4993 ritur,
2694 4937 2816 4981 nec
2838 4916 3136 4983 coelestis
3168 4917 3473 5002 magistri
3495 4917 3793 4984 doctrina
3824 4929 4142 4989 servatur.
4202 4922 4435 4989 Talem

395 5008 780 5075 habendum
824 5028 967 5074 esse
1013 5004 1487 5086 sacerdotibus,
1530 5013 1598 5071 et
1639 5025 1957 5089 magnum
2000 5027 2142 5072 esse
2184 5010 2359 5092 peri-

392 5095 623 5161 culum
667 5095 741 5160 in
785 5092 1098 5178 despectu
1142 5090 1510 5158 ordinariae
1551 5092 1911 5175 potestatis.

392 5202 536 5247 non
587 5189 837 5247 temere
888 5180 1261 5246 ordinariae
1325 5177 1638 5264 potestati
1701 5177 2146 5243 resistendum
2175 5226 2182 5231 κ
2211 5201 2353 5249 6666

386 5265 705 5349 dixerint,
747 5288 887 5333 non
928 5265 1281 5335 difficulter
1322 5262 1811 5332 subscribimus.
1897 5262 2131 5348 Neque
2171 5267 2348 5334 enim

387 5355 598 5422 rudes
641 5354 802 5422 adeo
845 5376 1091 5437 sumus,
1136 5354 1295 5438 quin
1327 5350 1668 5420 videamus
1709 5356 1959 5435 quanta
1992 5351 2080 5416 sit
2118 5355 2343 5425 futura

2465 5003 2655 5069 nobis
2697 5002 3141 5069 hierarchiam
3176 5005 3232 5069 si
3268 5003 3649 5069 exhibeant:
3694 5005 3765 5070 in
3798 5028 3927 5090 qua
3969 5008 4078 5075 610·
4097 5009 4433 5074 emineant

2002 5090 2254 5174 Quare,
2299 5099 2359 5162 si
2468 5089 2786 5176 episcopi,
2845 5096 2922 5154 ut
2977 5088 3246 5156 Christo
3303 5088 3575 5155 subesse
3628 5111 3763 5157 non
3813 5102 4143 5160 recusent:
4212 5101 4286 5160 ut
4350 5093 4433 5161 ab

2615 5371 2675 5440 1)
2710 5370 2795 5425 De
2829 5371 3169 5441 simplicitate
3202 5369 3589 5440 praelatorum.
