4999 6179
1949 466 2693 537 PROLEGOMENA.
4104 469 4357 538 XXXI

621 662 999 744 Antequam
1042 659 1366 726 editiones
1409 659 1567 727 libri
1608 678 2084 739 recenseamus,
2128 659 2425 743 singulas
2470 658 2614 724 eius
2656 666 2909 742 panse,
2974 658 3252 726 diversis
3297 659 3701 743 temporibus
3756 666 3832 726 ut
3875 659 4166 726 diximus
4211 684 4365 728 con-

314 774 622 857 scriptas,
661 791 1050 838 enumerare
1092 772 1283 851 libet,
1327 792 1455 855 quo
1497 771 1784 851 facilius,
1830 792 2062 837 earum
2106 771 2362 854 origine
2406 779 2473 836 et
2518 776 2732 837 aetate
2777 771 3068 855 cognita,
3125 792 3253 855 quo
3293 771 3488 836 modo
3532 771 3799 839 tandem
3845 773 3916 838 in
3960 793 4172 839 unum
4216 796 4368 840 sen·-

319 887 447 952 sim
494 885 804 952 volumen
846 884 1233 962 coaluerint,
1277 882 1631 968 intelligas.

626 993 682 1061 1.
772 996 1053 1062 Initium
1096 995 1251 1062 fecit
1296 1015 1471 1060 anno
1523 999 1683 1059 1543
1729 993 1994 1061 libellus
2037 992 2155 1059 De
2198 994 2570 1060 vitandis
2616 994 3367 1079 superstitionibus
3409 997 3672 1079 proprie
3708 995 3803 1062 sic
3847 996 4081 1075 dictus,
4129 998 4366 1082 gallico

321 1129 626 1176 sermone
670 1115 982 1173 exaratus
996 1159 1013 1188 ,
1069 1106 1195 1173 hoc
1237 1106 1462 1172 titulo:
1528 1105 1694 1172 Petit
1735 1105 1954 1171 traicte
1995 1110 2347 1172 monstrant
2386 1128 2507 1189 que
2561 1110 2705 1172 c’est
2747 1127 2865 1188 que
2906 1107 3037 1172 doit
3074 1105 3247 1188 faire
3290 1127 3380 1171 un
3433 1106 3671 1172 homone
3715 1107 3922 1189 fidele,
3979 1112 4369 1191 coynoissant

322 1221 392 1287 la
436 1219 625 1286 verite
666 1220 743 1286 cle
784 1219 1160 1304 l'Evanyile,
1205 1218 1423 1301 quand
1462 1218 1515 1282 il
1556 1224 1648 1283 est
1678 1223 1848 1283 entre
1891 1217 1979 1282 les
2009 1218 2316 1300 papistes.

631 1331 723 1397 H.
815 1330 945 1396 Oui
1000 1331 1355 1398 subiuncta
1408 1328 1755 1413 legebatur
1811 1329 1944 1394 iam
2000 1330 2074 1393 in
2127 1327 2415 1395 editione
2472 1329 2772 1413 principe
2818 1328 3092 1395 calvini
3135 1329 3526 1413 Epistola
3569 1330 3840 1415 gallica,
3888 1331 3947 1396 d.
3997 1331 4055 1397 d.
4105 1334 4368 1418 Argen-

323 1446 524 1509 torati
574 1446 669 1507 12.
719 1440 904 1526 Sept.
958 1447 1140 1521 1540,
1199 1440 1285 1506 ad
1340 1442 1627 1508 amicum
1692 1440 2023 1524 quendam
2064 1461 2501 1526 anonymum,
2545 1442 2673 1528 ⁴qui
2735 1441 2809 1505 in
2853 1440 3101 1506 ditione
3155 1442 3496 1525 papisticis
3551 1444 3755 1510 sacris
3798 1441 4057 1508 addicta
4101 1445 4365 1530 degens,

322 1554 577 1622 autoris
642 1554 988 1620 consilium
1045 1554 1553 1639 efflagitaverat,
1619 1574 1748 1636 quo
1815 1553 2093 1619 disceret
2170 1555 2311 1619 sine
2366 1554 2568 1620 'vitae
2630 1551 3082 1637 libertatisque
3154 1552 3532 1618 discrimine
3602 1557 4039 1623 conscientiae
4103 1557 4367 1641 legibus

326 1668 720 1733 satisfacere.

636 1777 765 1843 III.
855 1777 1135 1843 Duobus
1180 1778 1284 1843 his
1327 1779 1588 1860 scriptis
1634 1797 1840 1860 quum
1883 1776 2086 1841 nimis
2128 1795 2357 1841 severe
2399 1775 2482 1841 de
2526 1776 2608 1840 iis
2662 1774 2986 1840 iudicasse
3031 1774 3387 1857 videretur,
3433 1778 3546 1860 qui
3590 1778 3779 1843 salva
3821 1781 4222 1847 conscientia
4263 1802 4370 1847 saa·

326 1890 454 1955 luti
507 1909 667 1955 suae
719 1889 1065 1955 consulere
1121 1910 1192 1954 30
1248 1910 1441 1972 posse
1499 1886 2003 1967 existimabant,
2029 1906 2037 1915 ·
2060 1887 2372 1954 ecclesiae
2416 1886 2775 1954 catholicae
2820 1886 3056 1952 ritibus
3126 1909 3270 1953 sese
3322 1887 3917 1970 accommodantes,
3976 1913 4255 1976 eumque
4297 1895 4370 1959 in

328 2002 533 2067 finem
570 1999 915 2066 Nicodcmi
965 1999 1381 2084 synedristae
1435 1998 1812 2083 exemplum
1876 1998 2330 2083 proferebant,
2390 1998 2504 2082 qui
2548 1998 2719 2065 clam
2761 2004 2961 2063 noctu
3004 1998 3230 2064 Iesum
3274 1999 3465 2080 adiit,
3514 2000 3805 2067 interdiu
3847 2004 4050 2069 sacris
4091 2003 4370 2071 iudaicis

330 2113 667 2191 intererat,
713 2133 888 2177 anno
932 2113 1231 2195 sequenti
1279 2115 1444 2176 1544
1492 2112 1774 2177 alterum
1816 2110 2118 2176 libellum
2163 2108 2395 2189 edidit,
2455 2130 2654 2192 quem
2696 2110 3345 2175 Excusationem
3389 2111 3483 2177 ad
3527 2112 4369 2180 Pseudo-Nicodemi-

331 2231 459 2289 tas
515 2223 902 2308 appellavit,
964 2224 1088 2291 hoc
1146 2223 1368 2289 titulo:
1427 2223 1684 2289 Eoeouse
1728 2222 1771 2287 ὰ
1815 2221 2169 2289 Messieurs
2213 2222 2301 2287 les
2346 2220 2793 2300 Nicodemites,
2854 2241 2994 2286 sur.
3025 2221 3091 2285 la
3144 2221 3544 2303 complainete
3587 2222 3781 2305 qu'ils
3818 2225 3954 2306 font
3994 2227 4073 2293 de
4114 2248 4190 2293 sa
4232 2232 4370 2310 trop

328 2336 554 2419 yram?
599 2337 877 2419 riyueur.

649 2446 836 2529 Quae
880 2454 1111 2529 postea
1154 2445 1381 2512 addita
1422 2453 1580 2511 sunt
1618 2444 1999 2529 appendicis
2038 2445 2185 2511 vice
2220 2445 2290 2510 in
2327 2443 2800 2511 recentioribus
2836 2443 3233 2510 editionibus
3268 2445 3637 2513 luculenter
3678 2446 4037 2515 introducit
4071 2449 4374 2517 Historia

325 2558 749 2625 ecclesiarum
805 2558 1193 2644 gallicarum
1250 2578 1420 2641 quae
1477 2555 1679 2641 vulgo
1736 2556 1954 2622 Bezae
1999 2557 2313 2623 tribuitur
2370 2555 2475 2621 his
2530 2556 2751 2622 verbis
2806 2555 2960 2641 (Ed.
3009 2559 3227 2624 Antw.
3284 2560 3449 2621 1580
3494 2578 3640 2642 pag.
3680 2563 3780 2623 48.
3881 2559 4007 2626 Ed.
4066 2561 4147 2625 de
4193 2560 4371 2627 Lille

331 2674 492 2735 1841
556 2671 628 2736 Τ.
676 2670 729 2736 I.
777 2692 838 2754 p.
889 2670 1034 2751 30):
1104 2668 1182 2735 Il
1237 2673 1520 2736 s'esmeut
1578 2670 1709 2736 lors
1762 2689 1887 2733 une
1944 2669 2227 2751 question
2284 2673 2450 2734 entre
2501 2668 2797 2750 quelques
2837 2670 2978 2749 {uns
3035 2670 3113 2735 de
3155 2670 3393 2750 qualite
3433 2675 3628 2753 ayant
3667 2673 4144 2754 conynoissance
4185 2673 4261 2739 de
4303 2672 4371 2739 la

328 2782 542 2860 verite,
590 2781 633 2846 ὰ
681 2780 896 2861 Paris,
945 2782 989 2846 ὰ
1031 2782 1353 2848 l'occasion
1398 2781 1474 2847 de
1518 2801 1582 2846 ce
1625 2802 1742 2863 que
1786 2779 1948 2847 Iecm
1995 2778 2244 2860 Calvin,
2301 2778 2601 2861 spuebant
2641 2778 2918 2845 oombien
2958 2779 3010 2846 il
3052 2801 3094 2862 y
3137 2801 3213 2846 en
3258 2782 3428 2846 avoit
3469 2783 3582 2863 qui
3624 2802 3693 2847 se
3733 2783 4035 2862 flattoient
4077 2804 4153 2848 en
4198 2784 4369 2852 lewrs

326 2892 689 2975 infit-mites,
750 2895 1006 2976 iusques
1066 2894 1109 2959 ὰ
1164 2915 1231 2959 33
1272 2894 1543 2976 pellaeo·
1584 2895 1649 2959 33
1705 2892 2159 2957 abominatione
2210 2892 2288 2958 de
2338 2891 2603 2976 l’quise
2649 2892 2960 2958 Romaine
2974 2944 2988 2973 ,
3045 2894 3133 2960 les
3187 2894 3354 2959 avoit
3408 2898 3588 2959 taz-ez
3645 2914 3722 2960 en
3762 2915 3852 2959 un
3894 2896 4128 2961 certain
4169 2896 4369 2976 escrit,

324 3011 464 3089 trop
506 3006 843 3089 aiyrement
884 3006 927 3070 ὰ
970 3005 1104 3069 leur
1148 3006 1403 3088 appetit.
1494 3004 1619 3075 Les
1660 3024 1786 3069 uns
1827 3004 2000 3083 donc,
2058 3007 2236 3085 qu’on
2298 3003 2550 3085 appella
2602 3004 2830 3085 depuis
2879 3003 3318 3083 Nicodemaes,
3376 3005 3832 3087 mmenoyent
3886 3011 4069 3087 qu’on
4112 3007 4380 3087 pouvoit

328 3119 489 3185 aller
533 3118 576 3182 ὰ
618 3118 684 3184 la
729 3117 939 3184 Messe
954 3169 968 3198 ,
1013 3138 1268 3200 pom-vu
1311 3135 1426 3200 que
1473 3118 1529 3183 le
1570 3137 1737 3182 coeur
1775 3120 1881 3199 n’y
1923 3118 2251 3182 consentiet
2293 3117 2478 3197 point
2495 3163 2513 3190 ,
2559 3121 2616 3181 et
2658 3136 2800 3181 avec
2843 3119 2905 3181 ie
2946 3137 3022 3182 ne
3063 3137 3212 3199 scay
3255 3117 3489 3198 quelles
3533 3118 3893 3183 conditione.
3986 3118 4112 3184 Les
4156 3124 4370 3184 autres

328 3252 419 3298 au
462 3230 772 3296 cona-aire
818 3230 1085 3295 disoiemt
1138 3230 1297 3312 qu’il
1345 3229 1553 3310 falloil
1607 3229 1806 3294 servir
1850 3228 1892 3293 ἁ
1934 3227 2108 3292 Dieu
2152 3232 2487 3309 purement
2537 3226 2613 3292 de
2655 3247 2821 3292 eoeur
2861 3233 2917 3292 et
2960 3227 3035 3292 de
3077 3247 3259 3309 corps
3313 3233 3367 3292 et
3408 3249 3476 3292 se
3513 3230 3748 3312 yorder
3799 3231 3875 3296 de
3928 3233 4122 3296 tontes
4163 3232 4372 3314 pollu-

324 3343 508 3410 tione.
613 3339 693 3407 03
748 3341 1037 3423 different
1089 3340 1191 3422 fut
1244 3360 1428 3406 cause
1479 3345 1672 3422 qu’un
1724 3339 1964 3404 homme
2022 3359 2242 3421 expres
2292 3339 2395 3422 fut
2448 3339 2671 3422 envoy&
2725 3359 2850 3404 non
2904 3339 3233 3404 seulement
3277 3339 3320 3402 ἀ
3369 3340 3610 3405 Geneve
3664 3348 3723 3407 et
3766 3363 3840 3406 en
3887 3341 4111 3408 Sui-sse
4130 3393 4146 3422 ,
4201 3345 4372 3410 mais

330 3455 512 3521 aussi
552 3454 595 3518 ὰ
642 3451 1017 3536 8ὑνα3ὂοιιν9
1068 3458 1125 3517 et
1178 3453 1434 3534 iusques
1479 3473 1555 3519 en
1616 3450 1813 3532 Saeve,
1870 3457 1929 3516 et
1976 3453 2192 3533 starent
2243 3451 2469 3534 depuis
2512 3456 2706 3517 tondes
2747 3451 2838 3515 les
2879 3470 3209 3533 respon-ses
3251 3452 3615 3532 imprimees
3667 3454 3984 3520 ensemble.
4082 3455 4174 3522 Or
4213 3475 4372 3523 com-

328 3567 469 3633 bien
510 3586 629 3648 que
672 3585 806 3647 par
863 3565 1071 3630 icelles
1125 3563 1217 3630 les
1256 3564 1592 3632 Allemans
1632 3563 2062 3631 necorde-ssent
2115 3563 2374 3645 quelque
2416 3563 2590 3630 chose
2632 3563 3026 3647 dadvantaye
3070 3584 3190 3645 que
3223 3564 3314 3630 les
3357 3569 3601 3645 autres,
3662 3565 3714 3630 il
3762 3566 3866 3647 fut
3906 3566 4224 3648 toutesfois
4267 3588 4371 3633 ω·-

331 3679 497 3745 reste
537 3679 693 3743 d‘un
732 3697 1018 3744 commun
1061 3677 1308 3756 accord,
1365 3678 1549 3759 qu’on
1589 3697 1666 3742 ne
1710 3681 1863 3758 peut
1907 3676 2112 3741 servir
2152 3676 2195 3739 ὰ
2235 3675 2405 3741 deux
2447 3677 2760 3742 maistres,
2854 3673 2936 3742 Ge
2978 3677 3090 3759 qui
3140 3675 3348 3758 ferma
3389 3677 3456 3741 la
3496 3676 3720 3743 bouehe
3750 3698 3920 3763 pour
3959 3677 4088 3744 lors
4133 3678 4176 3742 ὰ
4218 3697 4371 3744 ceux

332 3793 446 3874 qui
486 3811 522 3856 3
524 3790 811 3874 'estoyent
853 3789 1040 3855 voulu
1083 3790 1336 3856 couvrir
1377 3788 1531 3854 d’un
1576 3809 1684 3854 sae
1724 3788 2012 3853 mouille.-
2055 3793 2112 3852 et
2149 3788 2252 3871 fut
2294 3808 2479 3854 cause
2523 3809 2586 3854 ce
2629 3789 2913 3871 different
2953 3789 3013 3853 ‹1’
3016 3809 3104 3854 un
3162 3789 3491 3873 tresqrand
3534 3789 3704 3871 bien,
3753 3791 4086 3873 plusieurs
4119 3810 4154 3854 3
4157 3791 4375 3856 'estant

334 3904 544 3971 resolu
589 3902 664 3967 cle
706 3922 773 3967 33
814 3901 1065 3968 desdier
1108 3901 1198 3965 du
1240 3905 1375 3966 tout
1415 3901 1457 3966 ὰ
1500 3900 1693 3981 Dieu,
1740 3902 1855 3982 qui
1893 3922 1926 3965 3
1926 3900 2377 3985 ’endomoyent
2419 3923 2507 3966 au
2541 3905 2862 3982 par-avant
2905 3900 3071 3966 dans
3112 3900 3400 3966 onrdure

646 4013 854 4079 Vides
899 4033 1064 4097 quae
1118 4014 1319 4079 fuerit
1370 4015 1555 4099 origo
1600 4011 2163 4079 Consiliorum
2205 4013 2347 4078 sive
2393 4031 2859 4094 responsorum
2902 4033 3068 4094 quae
3114 4035 3153 4077 a
3211 4012 3416 4078 variis
3471 4010 3796 4098 theologis
3840 4012 3920 4076 de
3965 4011 4196 4078 eadem
4235 4033 4375 4077 ma—

330 4128 505 4193 teria
560 4126 927 4208 conscripta
981 4131 1212 4208 postea
1265 4125 1459 4209 bigae
1523 4123 1897 4190 libellorum
1952 4123 2471 4190 calvinianorum
2525 4124 2872 4191 subiuncta
2924 4125 3213 4189 fuerunt.
3317 4122 3497 4190 Sunt
3565 4144 3645 4188 ea
3703 4122 3824 4188 IV.
3879 4122 4178 4207 Philippi
4231 4125 4377 4189 Me-

223 4323 229 4334 ·
328 4237 783 4316 lanchthonis,
830 4235 1059 4302 datum
1105 4236 1162 4300 d.
1218 4241 1314 4300 17.
1363 4236 1617 4320 Aprilis
1669 4239 1853 4315 1545,
1899 4232 2072 4319 quod
2115 4234 2316 4301 etiam
2360 4242 2581 4301 exstat
2635 4258 2839 4302 manu
2883 4236 3202 4319 scriptum
3247 4235 3316 4300 in
3362 4234 3675 4301 Archivis
3718 4235 4030 4300 ecclesiae
4073 4235 4378 4301 Beruen-

335 4352 429 4417 sis
473 4359 542 4417 et
585 4350 993 4428 Turicensis,
1053 4356 1121 4414 et
1161 4349 1232 4413 in
1288 4348 1669 4415 collectione
1716 4347 2117 4414 Simleriana
2158 4348 2340 4412 Tom.
2392 4353 2492 4412 56.
2584 4348 2666 4412 V.
2715 4348 2994 4413 Martini
3050 4347 3324 4425 Buceri,
3384 4345 3615 4412 datum
3661 4345 3720 4411 d.
3769 4350 3826 4411 8.
3874 4346 4040 4411 Maii
4082 4346 4376 4413 eiusdem

335 4464 520 4544 anni,
565 4471 632 4527 et
674 4460 798 4527 VI.
843 4461 1032 4527 Petri
1096 4461 1416 4546 Martyris
1482 4459 1879 4544 (Vermilii),
1944 4460 2087 4525 sine
2141 4457 2246 4524 die
2303 4465 2372 4522 et
2422 4460 2721 4538 consule,
2778 4481 3013 4528 verum
3066 4458 3297 4525 eodem
3355 4461 3634 4525 fortasse
3690 4466 3983 4543 tempore
4038 4459 4371 4541 scriptum,

333 4596 543 4660 quum
586 4574 886 4641 Bucerus
946 4579 1014 4637 et
1067 4571 1222 4637 huic
1279 4593 1473 4638 suum
1525 4591 1769 4637 nomen
1821 4572 2296 4655 subscripserit.
2387 4571 2616 4636 Etiam
2671 4572 2756 4637 ad
2812 4571 3186 4638 Lutherum
3243 4571 3471 4636 literas
3529 4568 3799 4636 dederat
3841 4569 4163 4635 Calvinus
4208 4589 4264 4633 a.
4313 4568 4371 4634 d.

334 4686 503 4753 XII.
553 4685 694 4753 Cal.
740 4684 935 4752 Febr.
993 4687 1190 4763 1545,
1234 4683 1431 4748 simul
1475 4683 1697 4749 missis
1743 4682 1995 4749 duobus
2050 4683 2187 4749 suis
2230 4682 2499 4763 libellis,
2556 4694 3037 4769 rogaver-atque
3091 4691 3168 4748 ut
3223 4684 3622 4749 sententiam
3665 4702 3852 4748 suam
3898 4681 3979 4746 de
4019 4678 4134 4745 illa
4177 4701 4377 4765 quae-

334 4799 554 4866 stione
596 4797 1001 4864 rescriberet.
1095 4795 1306 4862 Ouius
1349 4793 1695 4879 epistolae,·
1727 4816 1860 4860 non
1905 4817 2037 4860 uno
2079 4803 2341 4861 tantum
2386 4796 2654 4862 nomine
2695 4797 2985 4862 maxime
3029 4795 3492 4874 memorabilis,
3538 4815 3741 4878 quum
3782 4814 3918 4885 iam
3964 4792 4227 4877 saepius
4269 4802 4377 4879 ty-

333 4911 442 4995 pis
485 4907 664 4977 edita
701 4908 792 4973 sit
838 4907 1017 4993 (vide
1061 4909 1237 4973 inter
1281 4905 1413 4971 alia
1453 4906 1712 4990 Henry,
1760 4907 1833 4971 Τ.
1885 4906 1977 4971 II.
2025 4909 2198 4992 App.
2242 4929 2304 4992 p.
2351 4909 2505 4994 106)
2549 4908 2673 4973 hoc
2711 4907 2853 4974 loco
2896 4909 3056 4974 satis
3109 4908 3429 4974 habemus
3473 4906 3877 4971 mentionem
3924 4904 4170 4971 fecisse.
4260 4906 4375 4972 In-

337 5022 525 5088 clusa
579 5027 725 5087 erat
768 5019 931 5085 haec
975 5017 1238 5085 Calvini
1303 5017 1579 5100 epistola
1622 5017 1736 5082 alii
1791 5018 1874 5084 ad
1918 5018 2505 5085 Melanchthonem
2561 5020 2873 5103 scriptae,
2939 5040 3137 5103 quem
3182 5018 3502 5086 Calvinus
3547 5037 3740 5082 suum
3785 5014 3962 5099 apud
4003 5015 4378 5082 Lutherum

334 5143 692 5220 patronum
736 5139 804 5196 et
846 5131 1235 5198 advocatum
1278 5150 1422 5196 esse
1461 5129 1744 5208 volebat,
1790 5151 1876 5195 ne
1920 5130 2003 5196 ob
2044 5130 2503 5214 praecedentia
2548 5131 2818 5198 dissidia
2863 5150 3059 5197 causa
3100 5152 3220 5196 sua
3263 5128 3611 5196 excideret.
3692 5125 4173 5195 Melanchthon
4217 5149 4376 5193 vero

336 5246 467 5314 hoc
508 5244 851 5329 negotium
894 5243 1226 5327 suscipere
1262 5242 1613 5321 recusavit,
1658 5248 1726 5306 et
1767 5241 1992 5307 literas
2039 5241 2303 5309 Oalvini
2346 5244 2650 5310 Luthero
2689 5265 2827 5308 non
2872 5241 3160 5320 tradidit,
3209 5262 3404 5324 quem
3450 5240 3710 5306 dicebat
3750 5241 3962 5305 multa
4003 5239 4132 5303 iam
4178 5239 4379 5304 nimis

341 5357 699 5440 suspiciose
745 5356 1057 5439 accipere,
1103 5363 1173 5419 et
1217 5376 1372 5420 suas
1416 5352 1879 5437 responsiones
1924 5351 2004 5418 de
2048 5353 2293 5421 talibus
2334 5356 2832 5438 quaestionibus
2877 5354 3051 5421 nolle
3094 5352 3518 5417 circumferri.
