4999 6179
651 429 775 491 367

649 616 752 682 dis
793 616 1058 683 contriti
1104 626 1173 683 et
1217 619 1442 684 afflicti
1483 619 1875 686 sacrificium
1914 618 2136 685 David
2180 620 2355 684 canit
2399 619 2605 703 (Psal.

652 709 750 779 51,
797 705 922 784 19).
1013 705 1272 769 Verum
1313 704 1483 769 illud
1537 727 1792 788 quoque
1835 705 2002 771 scire
2044 727 2280 788 operae
2323 707 2611 787 pretium

646 798 764 866 est,
809 789 986 855 unde
1029 790 1145 854 illa
1177 812 1372 874 quam
1417 791 1740 875 propheta
1783 792 1875 858 sic
1912 791 2343 870 commendat,
2390 792 2610 856 humi-

645 875 816 956 litas,
873 897 948 941 ac
994 896 1370 942 sermonum
1417 878 1542 942 Dei
1586 880 1976 943 reverentia.
2069 878 2344 943 Certum
2386 889 2610 944 autem

647 969 775 1039 est,
834 962 1143 1046 superbia
1202 970 1270 1028 et
1326 981 1519 1029 caeca
1573 963 1971 1029 confidentia
2025 985 2287 1048 semper
2342 973 2608 1048 turgere

645 1068 759 1113 cor
803 1048 1108 1125 hominis,
1156 1047 1361 1115 donec
1404 1050 1643 1132 spiritu
1690 1052 1814 1116 Dei
1861 1049 2185 1115 domitum
2230 1051 2609 1116 subactum-

644 1155 771 1217 que
838 1133 921 1199 ad
973 1135 1365 1200 modestiam
1442 1143 1509 1200 et
1564 1137 2066 1202 submissionem
2122 1157 2192 1201 se
2259 1138 2607 1219 componit.

645 1220 875 1303 Neque
918 1242 1074 1285 vero
1123 1221 1241 1287 hoc
1285 1220 1476 1286 modo
1519 1223 1897 1306 praeparari
1937 1223 2270 1287 hominem
2317 1223 2400 1288 ad
2443 1224 2608 1287 reci-

647 1304 957 1389 piendum
1026 1307 1312 1372 iustitiae
1397 1307 1645 1373 donum
1713 1329 2064 1392 negamus:
2146 1308 2262 1373 sed
2333 1311 2608 1391 spirit-us

642 1393 849 1459 sancti
896 1391 1278 1481 directione,
1333 1414 1468 1458 non
1512 1416 1629 1460 suo
1683 1396 1968 1477 ingenio.
2061 1395 2210 1460 Non
2254 1396 2383 1459 nisi
2428 1395 2607 1461 labo-

643 1486 869 1544 rantes
942 1478 1024 1543 ad
1082 1500 1153 1545 se
1208 1486 1276 1544 et
1340 1491 1646 1546 oneratos
1705 1481 2017 1547 Christus
2088 1489 2280 1546 vocat
2332 1481 2604 1565 (Matth.

649 1570 744 1641 ll,
787 1567 927 1649 2s):
976 1586 1225 1643 verum,
1268 1572 1346 1630 ut
1389 1587 1556 1631 onus
1602 1574 1902 1632 nostrum
1936 1567 2318 1645 sentiamus,
2366 1587 2442 1632 ac
2484 1567 2605 1633 sub

641 1672 718 1716 eo
762 1671 1122 1735 gemamus,
1166 1654 1309 1734 ipse
1353 1654 1553 1717 etiam
1591 1655 1762 1718 facit.
1824 1654 2146 1718 Fatemur
2183 1653 2606 1718 verissimum

642 1758 785 1803 esse
842 1737 1114 1822 vulgare
1169 1738 1623 1820 proverbium:
1694 1740 1964 1804 unicum
2034 1760 2178 1804 esse
2245 1739 2606 1805 curationis

637 1824 1055 1908 principium,
1100 1821 1215 1888 ubi
1251 1825 1522 1890 morbus
1566 1826 1964 1910 agnoscitur.
2032 1826 2213 1909 Ergo
2256 1833 2332 1890 ut
2373 1847 2443 1891 se
2486 1826 2607 1892 tibi

641 1909 969 1976 medicum
1005 1907 1320 1974 exhibeat
1352 1909 1679 1989 Christus,
1725 1911 2029 1977 morbum
2065 1920 2252 1976 tuum
2285 1932 2605 1996 moscas

638 2006 911 2079 oportet.
1001 1995 1219 2061 Morbi
1265 2016 1459 2079 porro
1502 1998 1751 2081 agnitio
1797 1996 1882 2063 ad
1926 1997 2367 2063 humilitatem
2409 2000 2605 2063 timo-

639 2103 910 2165 remque
954 2082 1110 2160 Dei,
1170 2082 1254 2147 ad
1297 2081 1519 2148 iudicii
1564 2091 1815 2149 metum
1862 2090 2056 2167 atque
2098 2084 2468 2164 horrorem,
2521 2085 2606 2150 ad

639 2171 738 2233 tui
796 2167 1310 2253 displicentiam,
1377 2180 1443 2233 te
1497 2169 1770 2255 rediget.
1860 2170 2057 2236 Nunc
2124 2192 2214 2235 an
2279 2171 2605 2237 eiusmodi

639 2255 948 2320 affectum
992 2256 1332 2338 concipere
1369 2256 1761 2321 naturaliter
1792 2256 2047 2339 possint
2087 2256 2405 2335 homines,
2447 2278 2603 2322 con-

635 2339 1013 2407 sideremus.
1104 2340 1362 2406 Verum
1416 2352 1483 2405 et
1535 2341 1682 2425 ipsa
1726 2342 2139 2426 experientia
2181 2342 2425 2409 clamat
2466 2364 2603 2408 non

635 2426 766 2494 huc
820 2439 976 2493 ante
1028 2425 1293 2505 adduci,
1353 2448 1550 2510 quam
1592 2435 1806 2493 totum
1850 2434 2128 2493 naturae
2171 2450 2439 2494 sensum
2487 2429 2600 2493 de-

631 2514 1004 2597 posuerint:
1030 2518 1098 2578 et
1116 2515 1446 2596 scriptura
1467 2513 1643 2579 idem
1665 2514 1908 2596 ubique
1929 2521 2228 2580 testatur.
2267 2520 2416 2595 [pag.
2448 2530 2472 2579 1
2486 2520 2597 2595 87]

634 2598 936 2684 Castiget
980 2619 1138 2684 ergo
1182 2619 1304 2664 nos
1348 2598 1677 2665 Dominus
1732 2620 2000 2666 necesse
2057 2611 2184 2681 est,
2237 2610 2315 2666 ut
2358 2601 2601 2667 eruditi

635 2685 1022 2751 reddamur:
1070 2706 1276 2767 quum
1319 2706 1400 2750 ex
1446 2684 1636 2751 nobis
1681 2686 1887 2751 simus
1931 2695 2248 2770 tanquam
2292 2688 2599 2752 indomiti

632 2772 849 2849 vituli,
895 2773 1068 2836 sicut
1101 2770 1259 2836 dicit
1279 2771 1598 2838 Ieremias
1642 2774 1777 2857 (31,
1825 2777 1916 2836 18.
1965 2773 2093 2855 19).
2177 2775 2278 2840 Ac
2322 2796 2407 2840 ne
2450 2773 2597 2857 quis

635 2857 724 2922 de
759 2866 1036 2923 externa
1077 2857 1268 2942 virga
1311 2857 1487 2941 loqui
1532 2860 1832 2942 excipiat,
1878 2880 2067 2925 secus
2110 2860 2250 2943 ipse
2289 2880 2448 2924 mox
2491 2860 2596 2923 in-

634 2950 1069 3028 terpretatur:
1130 2942 1462 3010 Converte
1518 2964 1627 3011 me
1671 2946 1983 3019 Domine,
2040 2945 2282 3029 inquit,
2329 2954 2397 3011 et
2439 2966 2594 3011 conÎ‡

632 3038 870 3096 vertar.
945 3030 1310 3116 Postquam
1353 3052 1458 3098 me
1498 3031 1897 3113 convertisti,
1944 3032 2048 3118 egi
2093 3033 2590 3116 poenitentiam:

632 3125 977 3203 postquam
1039 3117 1384 3184 ostendisti
1446 3118 1639 3197 mihi,
1707 3119 1998 3201 percussi
2074 3120 2290 3184 femur
2350 3141 2592 3199 meum,

630 3205 947 3271 confusus
984 3226 1131 3270 sum
1163 3213 1231 3270 et
1263 3204 1514 3270 erubui.
1583 3205 1769 3272 Haec
1804 3206 2028 3271 omnia
2063 3206 2314 3288 peccati
2349 3205 2592 3286 odium,

630 3291 864 3355 mortis
905 3289 1275 3366 horrorem,
1333 3290 1623 3356 dolorem
1670 3313 1750 3356 ex
1797 3292 2078 3368 offensa,
2124 3292 2377 3376 gratiae
2421 3292 2593 3358 desi-

630 3375 887 3441 derium
902 3428 917 3454 ,
974 3397 1139 3460 quae
1193 3376 1277 3441 ad
1327 3376 1599 3442 humani
1656 3379 1912 3444 arbitrii
1966 3380 2333 3462 potentiam
2389 3380 2594 3445 refert

629 3461 937 3547 Pighius,
1013 3463 1198 3529 vides
1251 3473 1328 3528 ut
1382 3465 1526 3530 Deo
1606 3473 1875 3549 accepta
1937 3465 2260 3548 propheta
2327 3465 2590 3531 referat.

630 3547 1032 3632 Quanquam
1088 3549 1260 3616 hanc
1312 3550 1741 3616 obiectionem
1786 3551 2117 3616 subtiliter
2160 3551 2284 3617 sibi
2329 3549 2594 3617 videtur

628 3656 975 3717 occupare,
1017 3656 1221 3718 quum
1267 3635 1544 3702 subinde
1589 3657 1707 3700 nos
1751 3639 2093 3720 provocari
2136 3657 2213 3702 ae
2255 3637 2593 3702 sollicitari

629 3744 669 3788 a
702 3722 848 3787 Deo
886 3722 1147 3798 fatetur,
1192 3722 1308 3787 sed
1345 3723 1400 3787 si
1435 3721 1630 3786 modo
1664 3744 1980 3790 conemur
2002 3723 2147 3806 ipsi,
2195 3723 2588 3802 laboremus,

627 3829 843 3891 neque
886 3807 1175 3873 desimus
1218 3808 1449 3873 obviae
1484 3815 1552 3873 et
1590 3808 1896 3876 adiuti-ici
1938 3811 2077 3875 eius
2122 3809 2391 3892 gratiae.
2451 3807 2591 3874 Ve-

627 3917 777 3960 rum
822 3916 1028 3977 quum
1073 3914 1149 3958 eo
1183 3893 1395 3970 modo,
1442 3895 1618 3960 inter
1647 3895 1867 3961 Deum
1912 3909 1980 3962 et
2016 3893 2351 3960 hominem
2397 3894 2589 3957 dimi-

628 3981 790 4058 diet,
846 3983 977 4046 imo
1031 4002 1234 4065 quum
1277 4001 1478 4063 penes
1523 3982 1858 4048 hominem
1904 4003 1983 4047 ea
2025 3979 2384 4062 relinquat,
2442 3981 2590 4062 qui-

628 4067 749 4133 bus
783 4081 920 4133 tota
953 4068 1398 4152 poenitentiae
1415 4067 1515 4133 vis
1543 4068 1933 4146 continetur,
1961 4068 2245 4151 qualiter
2280 4067 2403 4133 hoc
2439 4088 2590 4133 cum

627 4154 989 4237 prophetae
1027 4154 1247 4219 verbis
1289 4152 1645 4218 convenire
1673 4155 1928 4237 poterit,
1976 4174 2143 4237 quae
2188 4161 2389 4218 totam
2436 4175 2588 4237 poe-

628 4240 974 4305 nitentiam
993 4292 1008 4318 ,
1064 4238 1353 4323 adeoque
1407 4240 1695 4322 primum
1740 4242 1883 4306 eius
1929 4239 2306 4316 exordium,
2365 4263 2406 4305 a
2449 4239 2588 4306 solo

625 4326 769 4391 Deo
812 4326 1136 4409 proficisci
1183 4326 1581 4392 ostendunt?
1671 4326 1885 4405 Nulli,
1934 4327 2164 4410 inquit,
2211 4323 2393 4391 deest
2435 4349 2588 4412 gra-

625 4415 745 4490 tia,
821 4413 949 4477 nisi
1004 4414 1118 4494 qui
1175 4410 1357 4477 deest
1409 4412 1549 4494 ipse
1604 4412 1746 4478 sibi.
1837 4415 2084 4479 Fateor
2135 4432 2319 4477 sane:
2390 4413 2586 4479 modo

623 4499 788 4565 mihi
832 4498 1122 4565 vicissim
1165 4496 1503 4572 concedat,
1548 4505 1617 4562 et
1657 4501 1829 4567 bona
1872 4503 2212 4569 voluntate
2256 4498 2471 4578 defici,
2519 4510 2586 4566 et

623 4588 868 4651 virtute
912 4585 1180 4650 destitui
1225 4603 1481 4661 omneS,
1539 4586 1665 4651 nisi
1723 4587 1961 4670 quibus
2004 4596 2355 4671 utrumque
2397 4588 2584 4654 Deus

623 4671 1107 4739 subministrat:
1166 4691 1317 4735 eum
1370 4690 1563 4752 porro
1617 4673 1732 4754 qui
1777 4680 1845 4739 et
1886 4675 2054 4741 bene
2098 4674 2272 4752 vult,
2330 4683 2399 4740 et
2441 4676 2582 4741 effi-

624 4760 863 4825 caciter
904 4765 1201 4836 conatur,
1248 4756 1372 4822 sibi
1419 4776 1554 4820 non
1599 4756 1842 4825 deesse.
1931 4763 2300 4840 Neminem,
2347 4762 2580 4847 inquit,

625 4844 947 4909 violenter
999 4844 1191 4928 cogit.
1281 4841 1495 4909 Sane:
1565 4843 1680 4909 sed
1734 4855 1809 4911 ut
1873 4849 2277 4916 voluntarios
2343 4847 2584 4920 habeat

624 4948 869 5006 servos,
916 4930 1028 5014 qui
1074 4939 1306 5014 sponte
1338 4935 1698 5013 sequantur
1740 4931 1824 4997 ad
1856 4935 2261 5020 obsequium,
2307 4954 2419 5000 cor
2461 4957 2581 5004 no-

623 5037 788 5081 vum
843 5016 914 5081 in
968 5015 1100 5082 illis
1154 5023 1363 5096 creat,
1425 5026 1491 5081 et
1534 5017 1838 5100 spiritlun
1891 5031 2144 5089 rectum
2188 5023 2467 5089 innovat
2507 5026 2580 5092 in

621 5102 981 5170 visceribus
1024 5124 1251 5168 eorum
1297 5102 1498 5189 (Psal.
1540 5107 1640 5183 51,
1685 5105 1812 5190 12).

795 5191 1037 5256 Postea
1089 5198 1314 5255 tamen
1372 5191 1791 5275 aliquatenus
1846 5196 1996 5262 vela
2048 5199 2313 5283 colligit.
2404 5200 2468 5266 N
2470 5221 2581 5267 am

620 5275 944 5363 triplicem
990 5277 1244 5361 gratiae
1285 5276 1607 5356 effectum,
1652 5301 1784 5365 quo
1827 5285 2154 5354 Dominus
2195 5289 2460 5371 proprie
2507 5311 2583 5356 ac

623 5364 993 5446 specialiter
1036 5384 1192 5431 suos
1249 5364 1490 5431 electos
1543 5377 1807 5449 praeter
1847 5378 2156 5440 naturam
2200 5394 2579 5442 commune-

1951 422 2484 497 RESPONSIO
2531 422 2909 492 CONTRA
2952 425 3371 493 PIGHIUM

4555 438 4680 498 368

2716 635 2840 696 que
2883 614 3079 679 liberi
3121 615 3375 682 arbitrii
3437 617 3684 683 donum
3728 619 3999 685 adiuvat
4042 643 4118 687 ac
4161 634 4531 705 promovet,
4578 622 4681 687 in-

2714 700 2943 765 venire
2997 722 3068 766 se
3124 701 3344 767 tradit.
3450 703 3722 771 Primus
3775 712 3911 787 est,
3965 728 4095 791 quo
4150 707 4678 774 iustificationem

2715 788 3079 869 praevenit,
3126 798 3193 851 et
3235 786 3512 854 eandem
3556 799 3630 855 ut
3673 791 4136 873 desideremus,
4183 815 4303 860 nos
4346 806 4678 877 provocat,

2716 872 3104 939 conantibus
3158 873 3241 938 ad
3286 875 3562 940 eandem
3620 898 3891 943 manum
3936 878 4323 947 adiutricem
4378 882 4675 965 porrigit,

2714 958 3162 1025 laborantibus
3229 962 3569 1026 succurrit.
3674 962 3855 1043 Quid
3912 965 4148 1031 audio?
4241 964 4316 1032 Si
4375 966 4459 1031 ad
4507 966 4677 1032 desi-

2715 1042 3075 1109 derandam
3117 1046 3399 1129 gratiam
3444 1068 3906 1130 provocamur,
3964 1057 4111 1130 [pag.
4156 1057 4301 1130 188]
4346 1051 4452 1117 ubi
4495 1052 4677 1133 illud,

2714 1130 2890 1212 quod
2955 1130 3264 1197 vicesimo
3332 1143 3485 1197 ante
3551 1155 3752 1199 versu
3830 1137 4180 1219 posuerat?
4280 1137 4505 1203 Deum
4567 1140 4678 1205 beâ€”

2714 1217 2916 1299 nigno
2961 1238 3079 1282 suo
3124 1227 3394 1300 aspectu
3441 1219 3701 1304 dignari
3746 1223 4110 1304 neminem,
4158 1225 4286 1289 nisi
4331 1226 4444 1306 qui
4488 1246 4678 1290 aver-

2713 1323 2827 1366 sus
2892 1301 2972 1366 ab
3030 1303 3412 1386 iniquitate,
3482 1305 3675 1371 corde
3730 1310 4013 1374 contrito
4067 1322 4135 1375 et
4188 1310 4538 1375 humiliato
4593 1311 4677 1377 ad

2712 1390 2928 1470 ipsum
2974 1411 3349 1469 conversus,
3394 1393 3536 1457 eius
3579 1393 4095 1460 misericordiam
4129 1396 4455 1480 imploret,
4494 1408 4676 1480 petat

2712 1476 3004 1553 veniam,
3067 1486 3285 1559 speret
3345 1476 3900 1544 misericordiam?
3972 1479 4139 1562 Quis
4182 1504 4317 1547 non
4357 1482 4532 1548 dicat
4573 1484 4676 1547 ni-

2712 1561 2838 1624 mis
2893 1561 3287 1627 obliviosum
3342 1583 3514 1639 esse,
3574 1564 3683 1630 cui
3737 1573 3878 1630 tam
3922 1566 4203 1632 adversa
4259 1570 4437 1633 inter
4492 1590 4563 1633 se
4608 1581 4673 1634 et

2710 1648 3078 1730 pugnantia
3122 1669 3255 1712 uno
3298 1650 3437 1713 fere
3491 1661 3829 1715 momento
3875 1650 4228 1718 excidant?
4319 1653 4519 1721 Oerte
4565 1655 4674 1721 beÎ‡

2711 1733 2912 1817 nigno
2972 1744 3240 1816 aspectu
3297 1754 3449 1799 eum
3501 1735 3636 1800 iam
3690 1735 4004 1820 dignatus
4059 1746 4161 1812 est
4203 1738 4422 1819 Deus,
4476 1763 4672 1824 quem

2710 1818 2792 1882 ad
2836 1820 2948 1902 pia
2991 1828 3346 1903 sanctaque
3389 1819 3713 1887 desideria
3767 1824 4028 1890 excitat.
4119 1825 4267 1892 Hoc
4309 1835 4531 1891 autem
4577 1828 4673 1911 ipÎ‡-

2710 1926 2857 1969 sum
2901 1904 3059 1987 quid
3103 1905 3284 1971 aliud
3328 1914 3456 1983 est,
3504 1928 3701 1990 quam
3747 1930 3975 1975 omnes
4025 1910 4226 1977 bonos
4273 1911 4488 1977 cordis
4534 1934 4671 1979 moÎ‡
4760 1958 4769 1965 Î‡

2710 2000 2818 2055 tus
2875 1991 3308 2074 praevenire?
3410 1994 3779 2078 Pergamus
3836 2003 4076 2061 tamen.
4156 1997 4351 2064 Hanc
4365 2050 4381 2077 ,
4437 2000 4671 2082 inquit,

2709 2078 3250 2160 praevenientem
3337 2079 3623 2162 gratiam
3701 2082 3869 2147 sacri
3950 2080 4247 2149 doctores
4319 2084 4669 2167 appellant.

2708 2163 3112 2245 Loquuntur
3171 2163 3273 2228 illi
3329 2164 3591 2246 quidem
3637 2185 3833 2249 saepe
3876 2167 3958 2233 de
4016 2170 4487 2251 praeveniente
4523 2193 4671 2256 gra-

2710 2249 2828 2314 tia:
2878 2247 2995 2314 sed
3038 2250 3233 2334 longe
3278 2251 3410 2316 alio
3453 2249 3663 2316 modo.
3721 2252 3954 2336 Neque
3996 2256 4174 2319 enim
4218 2255 4340 2322 hae
4378 2257 4671 2323 inchoari

2706 2335 2803 2400 ita
2844 2336 3111 2420 fingunt
3150 2337 3224 2401 in
3267 2337 3459 2402 nobis
3504 2337 3916 2403 voluntatem
3951 2340 4212 2419 bonam,
4260 2352 4335 2407 ut
4376 2364 4497 2409 nos
4541 2346 4669 2409 iam

2707 2441 3137 2504 cooperemur
3182 2422 3386 2504 (sicut
3430 2422 3824 2506 persuadere
3869 2425 4016 2491 vult
4056 2426 4388 2512 Pighius),
4434 2429 4553 2496 sed
4595 2430 4672 2494 il-

2706 2506 2836 2573 lius
2896 2508 2962 2572 in
3019 2507 3304 2573 solidum
3372 2509 3495 2575 hoc
3553 2530 3717 2594 opus
3773 2531 3917 2576 esse
3981 2512 4379 2595 praedicant.
4484 2515 4668 2581 Nihil

2705 2593 2849 2659 sine
2884 2594 3089 2673 nobis,
3126 2595 3342 2677 inquit
3372 2595 3677 2679 Pighius.
3735 2596 4162 2681 Augustinus
4197 2608 4436 2678 autem,
4482 2622 4671 2684 pror-

2707 2701 2820 2745 sus
2876 2684 3021 2746 sine
3062 2680 3268 2746 nobis.
3359 2680 3547 2747 Haec
3602 2681 3782 2746 enim
3837 2691 3995 2748 sunt
4046 2685 4387 2769 utriusque
4431 2689 4665 2754 verba:

2704 2765 2855 2830 Non
2898 2775 3163 2831 tantum
3207 2788 3290 2832 ex
3334 2766 3710 2834 nolentibus
3754 2770 3897 2834 fieri
3935 2769 4247 2848 volentes,
4294 2770 4410 2838 sed
4445 2794 4532 2840 ex
4566 2796 4667 2839 re-

2703 2851 3150 2935 pugnantibus
3193 2850 3641 2935 obsequentes,
3687 2850 3877 2919 docet
3919 2856 4356 2940 Augustinus.
4386 2860 4437 2942 Â¹)
4518 2860 4663 2937 Hic,

2700 2945 2777 3001 ut
2811 2938 3271 3018 assentiamur,
3305 2939 3376 3003 in
3412 2938 3601 3005 nobis
3636 2940 3838 3005 situm
3873 2961 4019 3006 esse
4055 2943 4411 3009 contendit.
4468 2945 4664 3011 Hanc

2702 3023 2986 3109 gratiam
3028 3032 3228 3109 negat
3273 3026 3691 3110 Augustinus
3735 3026 4038 3093 invenire
4074 3028 4278 3094 bonas
4322 3029 4664 3098 hominum

2700 3110 3108 3189 voluntates,
3165 3111 3283 3177 sed
3340 3113 3573 3178 facere.
3593 3114 3652 3196 Â²)
3742 3112 3915 3178 Item
3970 3113 4154 3178 alibi:
4186 3114 4245 3198 8)
4336 3113 4506 3197 Quis
4549 3140 4662 3183 au-

2701 3204 2838 3262 tem
2874 3197 3167 3282 confugit
3202 3197 3286 3263 ad
3330 3198 3630 3282 gratiam,
3669 3198 3797 3262 nisi
3837 3218 4042 3280 quum
4081 3220 4122 3264 a
4155 3198 4445 3269 Domino
4480 3225 4663 3288 gres-

2699 3305 2811 3349 sus
2878 3283 3167 3350 hominis
3222 3281 3646 3367 diriguntur?
3727 3283 3829 3348 Ac
3880 3303 4002 3364 per
4047 3285 4197 3365 hoc,
4243 3287 4446 3353 etiam
4492 3288 4661 3355 desiÎ‡

2700 3368 2933 3434 derare
2988 3370 3311 3434 auxilium
3365 3369 3646 3452 gratiae,
3715 3369 3849 3433 iam
3913 3370 4175 3435 initium
4233 3374 4489 3457 gratiae
4543 3391 4657 3442 est.

2697 3454 2982 3539 Pighius
3027 3456 3285 3518 nullum
3330 3454 3584 3537 gratiae
3628 3455 3934 3520 effectum
3979 3458 4290 3540 agnoscit,
4332 3460 4465 3524 nisi
4509 3484 4550 3527 a
4592 3482 4660 3530 se

2696 3543 2840 3622 ipso
2884 3540 3052 3604 bene
3074 3538 3237 3605 velit
3280 3540 3491 3604 home.
3558 3537 3738 3621 Quid
3783 3561 3959 3625 ergo,
4004 3543 4086 3607 ob
4128 3542 4339 3610 solam
4379 3546 4660 3613 nudam-

2697 3646 2824 3707 que
2866 3625 3052 3690 verbi
3094 3624 3610 3704 similitudinem,
3658 3626 3859 3709 impio
3903 3648 4020 3693 suo
4064 3639 4436 3697 commento
4479 3643 4659 3700 vete-

2698 3731 2847 3775 rum
2904 3732 3149 3776 nomen
3248 3712 3532 3776 raetexit
3546 3762 3560 3789 â€š
3617 3734 3658 3777 a
3706 3713 3944 3795 quibus
3999 3713 4073 3778 in
4124 3715 4224 3780 rei
4280 3715 4658 3786 definitione

2697 3816 2783 3860 ex
2825 3794 3147 3861 diametro
3240 3796 3504 3862 â€˜ssidetâ€˜P
3572 3797 3862 3863 Perinde
3905 3800 4085 3864 enim
4124 3809 4242 3880 est,
4289 3823 4366 3868 ac
4408 3804 4468 3870 si
4512 3806 4657 3888 quis

2695 3881 2916 3947 Deum
2961 3903 3104 3948 esse
3158 3882 3430 3949 definiat
3495 3905 3881 3967 corporeum
3920 3905 3997 3951 ac
4054 3887 4333 3954 mortale
4377 3891 4653 3957 animal:

2696 3977 2923 4050 postea
2977 3968 3240 4034 adiiciat
3297 3969 3366 4033 id
3423 3990 3591 4046 esse,
3652 3969 3826 4052 quod
3882 3972 4050 4037 sacri
4095 3971 4392 4041 doctores
4434 3976 4653 4043 Deum

2696 4055 3050 4136 appellant.
3152 4052 3468 4138 Sequitur
3523 4055 3691 4120 alter
3749 4055 4021 4122 effectus
4075 4057 4497 4127 iustificantis
4516 4114 4533 4140 ,
4590 4073 4654 4129 et

2695 4141 2924 4206 tertius
2969 4142 3344 4207 coronantis
3387 4142 3666 4225 gratiae:
3724 4141 3798 4205 in
3841 4141 4077 4224 quibus
4122 4145 4527 4227 explicandis
4569 4170 4651 4214 ne

2692 4226 2847 4309 quid
2915 4225 3035 4291 sibi
3101 4226 3314 4293 simile
3367 4225 3648 4304 accidat,
3707 4226 3823 4292 vix
3880 4229 4007 4293 tria
4058 4231 4262 4297 verba
4329 4232 4650 4300 balbutire

2692 4312 2906 4378 audet.
2996 4312 3292 4378 Hoccine
3332 4322 3434 4378 est
3476 4311 3792 4378 definire?
3838 4334 3914 4379 ac
3952 4336 4083 4380 non
4125 4316 4345 4399 potius
4388 4327 4648 4386 contur-

2691 4399 2849 4463 bare
2912 4418 2987 4465 ac
3042 4397 3442 4464 confundere
3495 4399 3743 4476 omnia,
3804 4402 3952 4479 [pag.
3998 4408 4140 4480 189]
4198 4424 4365 4486 quae
4420 4426 4539 4489 per
4581 4427 4647 4473 se

2689 4483 2851 4549 alias
2896 4484 3060 4550 satis
3104 4484 3273 4550 bene
3317 4483 3630 4551 distincta
3672 4484 3904 4550 erant?

2861 4570 3049 4637 Nihil
3086 4579 3307 4637 tamen
3343 4569 3521 4636 aliud
3556 4571 3806 4636 sentire
3840 4592 3911 4637 se
3947 4572 4036 4636 all
4161 4581 4205 4653 t,
4245 4594 4444 4657 quam
4478 4574 4643 4660 quod

2688 4656 2834 4722 istis
2888 4655 3255 4723 Ezechielis
3313 4657 3535 4723 verbis
3591 4658 3993 4723 continetur:
4120 4660 4244 4726 abo
4303 4662 4494 4727 vobis
4534 4683 4640 4729 cor

2688 4762 2933 4807 novum
2948 4794 2964 4820 ,
3023 4750 3090 4808 et
3142 4743 3447 4825 spiritum
3490 4763 3737 4808 novum
3778 4743 3850 4808 in
3892 4745 4080 4811 vobis
4129 4765 4376 4828 ponam
4421 4755 4489 4813 et
4529 4769 4636 4814 auÎ‡

2684 4828 2892 4893 feram
2936 4849 3047 4894 cor
3090 4827 3422 4911 lapideum
3476 4828 3557 4895 de
3600 4849 3798 4896 carne
3841 4837 4092 4909 vestra,
4139 4841 4207 4897 et
4250 4832 4417 4899 dabo
4461 4834 4636 4900 vobis

2687 4934 2799 4980 cor
2837 4933 3176 4993 carneum,
3235 4915 3600 4999 faciamque
3639 4923 3716 4981 ut
3757 4916 3829 4980 in
3872 4919 4237 5002 praeceptis
4291 4920 4459 4985 meis
4504 4939 4635 4985 am-

2658 4999 2927 5066 â¸buletis
2969 5000 3241 5084 (Ezech.
3287 5006 3384 5080 ll,
3430 5006 3504 5065 19
3540 5010 3608 5067 et
3642 5006 3744 5079 36,
3784 5002 3916 5086 26).
3998 5002 4194 5070 Hanc
4236 5005 4418 5070 enim
4449 5025 4632 5089 prae-

2685 5086 3062 5152 venientem
3116 5088 3398 5171 gratiam
3456 5089 3935 5172 interpretatur
3949 5140 3966 5168 ,
4040 5097 4116 5155 ut
4167 5091 4240 5156 in
4300 5099 4630 5174 peccatore

2825 5256 2885 5322 Î¹)
2922 5257 3004 5339 oq
3039 5261 3217 5329 gratia
3250 5267 3307 5314 ot
3341 5239 3515 5314 uberi>
3555 5257 3778 5312 arbitrio
3816 5255 3900 5312 1â·.

2822 5325 2884 5463 á¼“Î¾
2920 5326 3383 5467 &dccciii-{paone
3420 5401 3477 5450 et
3510 5394 3703 5464 gratia.
