4999 6179
601 441 727 503 291

606 646 732 708 que
800 623 963 688 (1606
1028 643 1112 687 ex
1176 621 1449 687 testium
1527 641 1795 686 suorum
1860 619 2155 705 catalogo
2233 628 2573 704 expungat

606 708 886 794 Pighius
940 713 1217 792 oportet.
1309 704 1448 772 Sex
1475 706 1522 789 ¹)
1580 705 1796 772 adhuc
1848 712 2131 772 restant:
2192 728 2277 771 ex
2332 707 2571 789 quibus

607 795 757 873 duc,
803 794 1198 861 Ambrosius
1241 799 1304 857 et
1349 792 1658 870 Basilius,
1702 793 2072 872 minimum,
2126 793 2259 858 imo
2299 812 2572 875 prorsus

607 881 775 946 nihil
817 881 960 946 eius
1005 900 1272 945 causam
1327 877 1660 945 adiuvant.
1749 878 1878 943 Illa
1935 878 2143 958 enim,
2202 899 2401 961 quam
2454 898 2570 962 po-

491 1039 502 1051 ,
607 973 800 1045 nunt,
851 974 1131 1031 naturae
1173 964 1501 1031 humanae
1546 963 1925 1047 descriptiO,
1989 963 2147 1048 quid
2163 964 2221 1049 ²)
2267 964 2352 1029 ad
2394 964 2571 1029 hanc

609 1052 911 1119 vitiatam
956 1060 1023 1115 et
1081 1050 1473 1134 degenerem
1519 1056 1826 1115 naturam
1843 1102 1859 1129 ,
1923 1071 2107 1133 quae,
2166 1057 2243 1115 ut
2301 1049 2572 1134 reliquis

610 1139 738 1203 Dei
791 1137 980 1202 donis
1034 1137 1129 1201 ita
1181 1136 1484 1202 libertate
1529 1137 1730 1201 etiam
1797 1136 2091 1219 spoliata,
2150 1144 2572 1220 praesentem

608 1245 740 1308 qua
786 1225 1111 1305 premitur
1154 1223 1442 1306 inopiam
1496 1243 1684 1287 suam
1726 1222 2066 1305 deplorare
2109 1223 2328 1307 potius
2373 1242 2572 1305 quam

609 1309 936 1392 perditam
1002 1310 1318 1375 virtutem
1385 1309 1632 1373 iactare
1699 1307 1910 1373 debet.
2020 1308 2328 1374 Libertas
2394 1308 2573 1371 enim

608 1395 973 1461 voluntatis
1019 1394 1269 1459 sanitas
1310 1401 1429 1459 est.
1518 1394 1583 1458 N
1586 1415 1716 1459 unc
1758 1414 1914 1477 ergo
1959 1394 2074 1477 qui
2115 1394 2392 1459 liberam
2427 1392 2574 1459 vult

607 1482 822 1546 facere
866 1480 1309 1558 voluntatem,
1368 1480 1716 1544 sanitatem
1771 1480 1869 1544 illi
1914 1479 2167 1545 reddat.
2258 1477 2574 1561 Sequitur

609 1567 965 1650 Origenes,
1027 1567 1213 1630 cuius
1269 1566 1584 1648 suffragio
1640 1574 1962 1648 quantum
2015 1567 2105 1630 sit
2146 1567 2218 1630 in
2264 1564 2572 1630 ecclesiae

609 1651 1028 1736 dogmatibus
1072 1649 1514 1728 tribuendum,
1561 1670 1765 1733 penes
1810 1651 2300 1736 Hieronymum
2341 1651 2429 1715 sit
2468 1651 2571 1714 iu-

609 1735 871 1807 dicium.
962 1738 1056 1802 At
1100 1759 1234 1802 non
1278 1744 1381 1801 est
1424 1736 1760 1815 credibile,
1807 1735 1887 1802 de
1929 1758 2002 1802 re
2046 1746 2185 1802 tam
2229 1735 2572 1800 familiari-

611 1829 714 1889 ter
758 1845 878 1888 660
922 1822 1181 1888 6660610
1224 1828 1412 1900 nota,
1460 1822 1583 1888 hoe
1628 1829 1759 1900 est,
1807 1822 1887 1887 (16
1931 1821 2178 1905 insigni
2221 1821 2377 1886 fidei
2419 1841 2573 1885 606-

609 1915 752 1974 trae
816 1909 1173 1985 axiomate,
1237 1908 1528 1989 potuisse
1581 1908 1866 1972 mentiri.
1957 1905 2176 1988 Quid?
2266 1908 2377 1971 An
2434 1927 2573 1971 non

610 1993 776 2059 haec
810 2000 968 2059 sunt
1004 2013 1086 2057 ex
1121 1992 1489 2076 praecipuis
1524 1992 1674 2057 fidei
1718 2000 1984 2058 nostrae
2021 1992 2387 2075 capitibus?
2455 1992 2571 2056 Fi-

609 2077 779 2143 lium
823 2100 863 2144 a
907 2085 1093 2162 patre
1135 2080 1433 2161 genitum
1484 2099 1654 2156 esse,
1716 2079 1913 2143 unius
1957 2100 2106 2144 cum
2151 2085 2336 2161 patre
2379 2087 2575 2142 natu-

609 2184 743 2243 rae,
790 2164 1097 2246 spiritum
1142 2172 1444 2229 sanctum
1490 2163 1685 2229 unius
1727 2185 1873 2229 esse
1918 2186 2071 2229 cum
2113 2174 2300 2246 patre
2337 2170 2405 2228 et
2437 2163 2573 2228 filio

608 2250 1002 2328 divinitatis,
1063 2249 1235 2314 hanc
1286 2250 1500 2331 ipsam
1550 2269 1817 2315 carnem
1874 2270 2075 2332 quam
2131 2268 2309 2313 nunc
2352 2256 2573 2333 gesta-

606 2357 755 2401 mus
796 2344 1338 2413 resurrecturam,
1385 2345 1453 2399 et
1496 2335 1753 2400 similia.
1821 2335 1918 2399 At
1953 2333 2280 2418 Origenes
2321 2335 2572 2400 factum

605 2443 743 2487 non
785 2422 1086 2505 genitum
1110 2422 1116 2426 ’
1142 2419 1356 2485 filium
1414 2419 1635 2499 docet;
1691 2421 1940 2485 bonum
1984 2441 2128 2485 esse
2173 2427 2413 2485 natura
2456 2442 2570 2484 ne-

605 2514 739 2592 gat,
787 2514 856 2573 et
899 2528 983 2571 ex
1027 2528 1098 2572 se
1142 2507 1313 2588 ipso;
1359 2503 1440 2569 de
1485 2504 1726 2588 spiritu
1761 2511 1988 2569 sancto
2024 2527 2156 2571 606
2193 2506 2386 2571 611161
2421 2527 2571 2571 sen-

605 2594 689 2657 tit
732 2613 930 2676 quam
974 2591 1058 2655 de
1101 2612 1138 2655 0
1187 2591 1479 2655 eratione
1521 2588 1705 2654 nuda
1714 2614 1731 2669 ;
1788 2611 2052 2655 carnem
2105 2598 2312 2674 putat*
2345 2593 2414 2656 in
2466 2592 2570 2656 ni-

603 2677 818 2742 hilum
864 2676 1004 2742 redi
1053 2698 1134 2742 en
1183 2696 1322 2751 am,
1381 2676 1494 2741 ubi
1539 2675 1846 2742 Christus
1892 2678 2286 2760 apparuerit.
2375 2677 2572 2743 Nunc

606 2783 799 2828 suum
853 2765 988 2827 istu
1090 2779 1394 2825 acroama
1449 2761 1504 2824 si
1564 2763 1818 2828 occinat
1871 2762 2185 2846 Pighius:
2254 2782 2391 2827 non
2451 2783 2569 2845 po-

607 2848 812 2913 tuisse
859 2847 940 2913 de
980 2846 1176 2912 rebus
1212 2846 1374 2911 adeo
1409 2847 1582 2912 notis
1618 2848 1885 2914 mentiri
1923 2846 2302 2933 origenem,
2343 2866 2569 2914 nonne

607 2932 846 3018 dignus
891 2934 1033 3011 erit,
1080 2938 1227 3013 [pag.
1267 2938 1376 3010 82]
1420 2933 1608 2999 cuius
1652 2933 1727 2998 in
1768 2953 1839 2999 06
1885 2954 2114 2999 061666
2159 2932 2565 3016 conspuant?

603 3019 828 3085 Habet
870 3025 1094 3084 tamen
1139 3017 1354 3083 adhuc
1391 3016 1743 3099 Hilarium,
1790 3019 1912 3084 sed
1943 3020 2134 3084 cuius
2168 3019 2566 3102 sententiam

605 3107 685 3171 ab
731 3106 1097 3171 orthodoxo
1147 3104 1421 3170 concilio
1466 3104 1843 3171 damnatam
1897 3107 2102 3173 fuisse
2158 3106 2567 3172 demonstra·

601 3193 862 3259 vimus(
908 3189 1132 3255 Habet
1172 3190 1680 3275 Hieronymum,
1732 3193 1846 3274 qui
1889 3192 2011 3258 sub
2055 3199 2421 3258 extremam
2464 3213 2567 3258 se-

603 3282 939 3343 nectutem
994 3298 1034 3340 a
1082 3275 1357 3361 Pelagio
1425 3278 1923 3363 expergefactus
1996 3278 2334 3361 aliquanto
2393 3285 2565 3343 -tan-

603 3362 755 3428 dem
799 3360 1196 3427 moderatius
1231 3361 1407 3445 loqui
1442 3363 1671 3446 coepit.
1738 3363 1964 3430 Habet
1997 3362 2563 3449 Chrysostomum,

648 3470 798 3515 uem
844 3468 1105 3530 semper
1145 3448 1481 3514 confessus
1535 3470 1686 3514 sum
1739 3449 1810 3513 in
1863 3447 2238 3515 extollenda
2277 3449 2567 3515 hominis

708 3535 914 3600 ultate
968 3534 1169 3599 fuisse
1220 3533 1664 3600 immodicum.
1753 3533 1893 3600 Nec
1946 3556 2101 3600 vero
2143 3534 2566 3601 Bernardum

604 3622 899 3705 proferre
956 3619 1113 3684 alibi
1168 3618 1451 3684 dubitat:
1512 3620 1696 3685 cuius
1752 3618 2023 3686 arbitrio
2081 3622 2138 3685 si
2193 3620 2567 3686 definienda

603 3715 780 3773 esset
820 3705 1289 3780 controversia,
1336 3706 1392 3768 si
1438 3726 1571 3770 non
1616 3725 1886 3788 prorsus
1928 3713 2147 3770 totum
2178 3706 2564 3783 obtinerem,

607 3794 799 3877 longo
843 3801 1068 3855 tamen
1112 3789 1465 3856 intervallo
1509 3811 1720 3856 essem
1765 3792 2077 3874 superior.
2144 3792 2275 3857 Ubi
2321 3800 2421 3857 est
2451 3791 2565 3856 ille

604 3877 766 3943 adeo
811 3885 1216 3943 contestatus
1262 3887 1632 3959 temporum
1672 3879 1965 3941 omnium
2010 3898 2395 3956 consensus,
2454 3878 2568 3960 qui

606 3984 722 4046 pro
767 3970 947 4029 certa
974 3971 1039 4027 et
1076 3962 1350 4027 indubia
1371 3962 1679 4028 ecclesiae
1704 3961 2056 4028 traditione
2079 3962 2325 4042 haberi,
2371 3962 2563 4027 adco-

605 4070 731 4132 que
790 4049 914 4113 Dei
971 4047 1170 4113 verbo
1227 4049 1547 4130 praeferri
1614 4048 1694 4113 ob
1764 4048 2226 4114 certitudinem
2284 4047 2561 4114 debeat?

605 4134 738 4201 Ubi
782 4134 1197 4199 mendacium
1242 4134 1406 4198 illud
1461 4143 1599 4198 tam
1656 4134 1962 4216 capitale,
2021 4135 2209 4201 0111116
2263 4156 2370 4199 616
2426 4134 2563 4199 evi-

607 4220 838 4285 denter
879 4220 1251 4284 convictum
1298 4227 1637 4303 tantopere
1691 4219 2052 4300 gloriatur?
2151 4220 2333 4298 Dixi,
2378 4228 2563 4285 vete·

608 4327 713 4371 res
757 4305 910 4388 plus
950 4307 1121 4368 iusto
1165 4305 1442 4369 liberum
1487 4306 1830 4369 arbitrium
1875 4304 2217 4385 extollere,
2271 4305 2563 4372 Graecos

603 4392 1018 4474 praesertim,
1066 4399 1258 4472 atquc
1302 4391 1371 4454 in
1420 4390 1520 4454 his
1561 4390 1946 4454 nominatim
1994 4389 2562 4476 Chrysostomum.

607 4476 854 4541 Addidi
892 4485 1133 4550 tamen,
1180 4476 1272 4540 sic
1317 4476 1660 4557 perplexe,
1709 4484 1823 4540 aut
1866 4475 2164 4554 obscure,
2224 4485 2339 4541 aut
2383 4478 2566 4542 varie

605 4562 780 4645 ipsos
825 4561 1021 4643 loqui,
1067 4571 1138 4624 ut
1180 4562 1339 4625 certi
1386 4559 1628 4642 aliquid
1675 4562 1916 4626 referre
1959 4585 2040 4626 cx
2086 4582 2312 4626 eorum
2359 4562 2564 4644 scrip-

607 4649 693 4712 tis
737 4668 870 4710 non
915 4646 1104 4711 facile
1146 4646 1250 4712 sit.
1343 4645 1545 4710 Varie
1589 4646 1763 4728 loqui
1807 4647 1877 4710 in
1923 4648 2101 4714 hunc
2145 4668 2414 4714 sensum
2456 4670 2564 4713 ac-

606 4732 777 4814 cepi:
824 4730 994 4812 quod
1041 4732 1148 4797 hic
1195 4731 1370 4813 plue,
1430 4731 1542 4795 ille
1595 4734 1813 4796 minus
1868 4731 2075 4798 libero
2129 4735 2399 4800 arbitrio
2443 4734 2564 4798 tri-

609 4814 789 4894 buat;
838 4817 945 4880 hic
991 4816 1359 4880 libertatem
1404 4818 1759 4883 constituat
1803 4839 1935 4883 una
1978 4820 2047 4884 in
2091 4828 2294 4903 parte,
2340 4819 2451 4884 ille
2492 4820 2566 4884 in

606 4900 846 4966 altera:
902 4901 997 4965 sic
1042 4909 1118 4965 ut
1160 4901 1467 4968 collectae
1510 4904 1685 4968 inter
1725 4925 1797 4970 se
1840 4907 2135 4970 omnium
2179 4906 2563 4981 sententiae,

608 4985 775 5050 nihil
821 5005 1017 5068 quam
1060 5007 1450 5068 suspensum
1496 5001 1716 5055 tenere
1759 4990 2095 5056 hominem
2130 5005 2389 5073 queant.
2458 4990 2568 5054 Ita

659 5159 898 5166 -—--—-—-——

747 5274 803 5340 1)
847 5274 1116 5345 Princeps
1151 5278 1402 5332 mendose
1438 5281 1653 5333 scrae‘bit:
1693 5280 1803 5333 sed.

742 5342 804 5409 2)
846 5341 938 5399 Sic
981 5346 1112 5400 bene
1146 5362 1357 5417 omnes,
1399 5355 1695 5415 praeeunte
1736 5346 2001 5402 Gallonio.
2059 5346 2354 5415 Princeps.-
2398 5347 2560 5416 quod.

1912 429 2286 500 RESPON
2287 428 2442 497 8Ιο
2488 428 2868 497 CONTRA
2907 427 3324 496 PIGHIUM

4504 424 4627 487 292

2672 617 2956 702 Pighius
2998 618 3502 701 interpretatur,
3561 616 3750 700 quasi
3795 615 4074 681 dixerim
4117 633 4346 679 eorum
4388 629 4631 676 unum-

2673 725 2998 787 quemque
3041 723 3264 770 secum
3308 702 3641 771 dissidere.
3733 700 3871 769 86(1
3912 701 4058 784 quis
4101 697 4406 784 putidum
4452 697 4633 762 hunc

2674 789 3214 856 calumniatorem
3257 788 3468 855 ferat?
3537 787 3831 855 Obscure
3866 808 4026 854 vero
4069 794 4137 853 et
4178 783 4494 868 perplexe
4533 781 4631 847 lo-

2674 875 2786 959 qui
2831 897 2948 942 cur
2986 897 3119 941 11011
3164 876 3420 955 dixero,
3477 876 3592 959 qui
3650 875 3731 940 de
3784 874 4052 939 homine
4104 872 4198 938 sic
4253 870 4632 953 loquuntur,

2673 962 2861 1045 quasi
2902 961 2975 1026 16
3021 982 3140 1027 sua
3180 961 3318 1026 inte
3406 963 3562 1027 'tate
3602 959 3821 1026 adhuc
3864 966 4089 1037 staret,
4135 977 4341 1041 quum
4373 956 4447 1020 in
4482 974 4633 1039 gra-

2674 1069 2827 1114 vem
2870 1048 3132 1114 ruinam
3167 1050 3301 1114 ceci
3348 1048 3489 1126 erit,
3536 1045 3712 1112 unde
3748 1066 4021 1129 surgere
4055 1064 4178 1110 sua
4212 1043 4460 1110 virtute
4496 1060 4633 1106 606

2675 1132 2938 1215 potest?
2995 1134 3108 1216 qui
3161 1131 3351 1199 liberi
3407 1132 3661 1198 arbitrii
3704 1131 4067 1215 potentiam
4110 1132 4205 1196 sic
4248 1129 4320 1194 in
4364 1126 4633 1192 homine

2676 1221 3108 1298 constituant,
3175 1220 3362 1302 quasi
3396 1218 3542 1302 'per
3593 1219 3855 1300 lapsum
3917 1237 4057 1281 non
4110 1214 4354 1281 amissa
4411 1211 4630 1278 esset?

2675 1306 2934 1369 Verum
2976 1307 3129 1388 quia
3163 1304 3245 1370 de
3286 1305 3413 1370 hac
3456 1326 3529 1370 re
3570 1305 3835 1387 litigare
3876 1303 4076 1367 nimis
4120 1303 4395 1385 longum
4441 1306 4633 1378 esset,

2676 1390 2846 1454 nihil
2900 1391 3137 1456 addam
3182 1392 3494 1475 amplius:
3551 1391 3678 1455 nisi
3722 1387 3894 1471 quod
3949 1388 4118 1455 scire
4159 1409 4243 1452 ex
4287 1406 4364 1450 eo
4408 1384 4631 1463 velim,

2677 1496 2804 1559 quo
2845 1498 3045 1542 sensu
3090 1477 3246 1542 alibi
3269 1478 3320 1562 l)
3359 1476 3609 1560 prodat,
3656 1483 3808 1541 ante
3843 1482 4144 1540 exortam
4177 1471 4439 1555 Pelagii
4472 1470 4632 1535 hae-

2676 1562 2870 1627 resim
2889 1613 2904 1640 ,
2953 1570 3208 1629 veteres
3270 1584 3498 1627 omnes
3554 1562 3835 1627 liberum
3889 1560 4236 1627 arbitrium
4288 1557 4632 1623 indistinc-

2676 1647 2809 1714 tius
2853 1648 3183 1714 extulisse.
3274 1646 3352 1714 Si
3409 1647 3671 1713 sublata
3713 1648 3970 1731 gratiae
4011 1647 4142 1712 Dei
4186 1652 4254 1710 et
4303 1644 4633 1708 humanae

2677 1734 2942 1799 virtutis
2986 1733 3400 1801 distinctione
3454 1734 3663 1800 facilis
3721 1737 3870 1812 [pag.
3909 1737 4018 1811 83]
4069 1738 4171 1797 est
4217 1738 4283 1795 et
4325 1727 4635 1811 expedita

2676 1820 3140 1902 perspicuitas,
3208 1840 3465 1886 errasse
3519 1841 3624 1885 me
3680 1821 3907 1884 fateor.
3999 1816 4125 1884 816
4178 1837 4337 1882 vero
4391 1816 4461 1879 in
4517 1813 4635 1879 illa

2675 1906 3057 1972 confusione
3100 1906 3411 1972 lectorem
3451 1906 3727 1970 haerere
3774 1925 4039 1971 necesse
4083 1912 4202 1980 est,
4247 1900 4525 1966 dubium
4567 1905 4636 1964 et

2677 1991 2968 2071 anxium,
3010 2000 3327 2073 quantum
3371 1993 3515 2058 Deo
3558 1990 3954 2069 adscribere,
4012 1995 4336 2072 quantum
4377 1984 4635 2050 homini

2677 2075 3049 2159 relinquere
3093 2078 3357 2158 debeat,
3421 2097 3539 2143 cur
3584 2079 3706 2157 ita,
3761 2097 3965 2159 quum
4009 2075 4180 2141 nihil
4225 2072 4630 2155 deliquerim,

2677 2163 2985 2227 atrociter
3025 2164 3273 2229 vexor?

3148 2419 3251 2485 IN
3293 2419 3669 2487 LIBRUM
3710 2417 4151 2485 TERTIUM.

2848 2588 3167 2674 Sequitur
3220 2590 3457 2656 tertius
3511 2589 3708 2668 liber,
3755 2611 3954 2673 quem
4001 2595 4214 2655 totum
4257 2587 4638 2672 Augustino

2673 2676 3044 2743 destinavit.
3133 2676 3308 2742 Nam
3361 2677 3513 2759 quia
3560 2676 3750 2741 illum
3795 2697 4005 2740 unum
4053 2696 4137 2740 ex
4189 2674 4465 2739 aliorum
4511 2694 4639 2737 nu-

2672 2783 2853 2827 mero
2897 2782 3313 2844 exceperam,
3357 2782 3496 2827 non
3538 2760 3730 2827 modo
3776 2781 3929 2827 eum
3972 2760 4139 2826 mihi
4182 2761 4462 2843 eripere,
4522 2756 4639 2824 sed

2672 2849 2874 2913 etiam
2916 2848 2990 2912 in
3033 2868 3187 2913 6666
3227 2854 3450 2929 partes
3491 2846 3876 2931 pertrahere
3920 2854 4217 2913 conatur.
4306 2845 4488 2922 Hoc,
4534 2844 4637 2908 in-

2671 2953 2897 3017 quam,
2953 2932 3144 2997 initio
3195 2935 3569 3017 profitetur:
3638 2931 3755 2999 sed
3808 2931 3924 2999 ubi
3967 2931 4309 3015 paululum
4364 2929 4438 2994 in
4495 2951 4639 2994 rem

2670 3020 2882 3104 ipsam
2936 3019 3279 3103 ingressus
3335 3026 3452 3098 est,
3499 3039 3693 3102 saepe
3738 3019 4001 3083 rostitat
4045 3026 4113 3082 et
4154 3018 4410 3094 haeret,
4454 3037 4636 3083 nunc

2670 3106 3078 3190 subterfugia
3120 3107 3462 3187 quaeritat,
3509 3127 3686 3172 nunc
3728 3105 3947 3188 palam
3989 3107 4225 3187 ipsum,
4270 3123 4467 3187 quem
4510 3102 4639 3169 sibi

2669 3193 3027 3277 adiungere
3116 3197 3515 3275 reposuerat,
3559 3191 4011 3274 Augustinum
4053 3189 4374 3274 repudiat.
4454 3186 4639 3270 Quid

2669 3287 2891 3344 autem
2948 3298 3067 3361 pro
3114 3285 3242 3355 est,
3311 3278 3555 3343 inflatis
3608 3277 3828 3344 buccis
3902 3264 4071 3341 nihil
4134 3297 4269 3341 6011
4320 3275 4637 3358 polliceri,

2670 3372 2815 3430 tum
2857 3365 2970 3430 ubi
3023 3362 3347 3429 lectorum
3391 3359 3789 3429 desiderium
3842 3362 4039 3428 simul
4095 3370 4163 3427 et
4204 3363 4636 3426 attentionem

2670 3450 2940 3528 acueris,
2984 3450 3246 3514 hiantes
3287 3450 3463 3532 ipsos
3507 3446 3883 3514 dimittere?
3966 3448 4113 3531 Ego
4157 3468 4313 3513 vero
4357 3448 4637 3514 efficiam

2669 3537 2957 3619 primum
2993 3542 3069 3600 ut
3108 3534 3509 3617 perspiciant
3543 3554 3771 3599 omnes
3805 3534 4048 3618 integri
4081 3532 4323 3613 iudicii,
4372 3545 4440 3598 et
4475 3552 4639 3616 erga

2670 3622 3014 3687 veritatem
3060 3641 3197 3685 non
3249 3620 3421 3684 male
3478 3620 3697 3686 affecti
3745 3619 4054 3698 lectores,
4120 3620 4439 3704 Pighium
4497 3629 4635 3683 non

2672 3728 2892 3772 amore
2949 3726 3147 3771 sanae
3216 3705 3578 3784 doctrinae,
3646 3704 3761 3771 sed
3827 3707 4200 3788 importuno
4258 3712 4326 3770 et
4389 3705 4635 3770 furioso

2670 3794 2881 3858 nostri
2922 3791 3101 3871 odic,
3148 3792 3232 3856 ad
3275 3791 3449 3856 hanc
3491 3813 3756 3857 causam
3798 3792 4177 3857 accessisse:
4224 3792 4296 3856 in
4340 3812 4417 3855 ea
4461 3798 4635 3855 trac·

2668 3877 2871 3943 tanda
2914 3900 3047 3943 non
3089 3878 3233 3944 veri
3273 3876 3658 3961 inveniendi
3699 3875 3945 3956 studi0,
3999 3875 4115 3942 sed
4157 3877 4512 3942 ambitione
4557 3897 4635 3941 ac

2669 3964 2934 4030 rixandi
2977 3962 3247 4028 libidine
3302 3962 3412 4046 agi
3456 3971 3653 4045 atque
3704 3963 3970 4045 impelli.
4059 3964 4405 4029 Postremo
4461 3959 4637 4027 nihil

2669 4051 2920 4116 sincere
2964 4058 3081 4114 aut
3123 4048 3398 4113 candide
3434 4068 3647 4132 agere,
3695 4047 3810 4114 sed
3857 4049 4017 4114 satis
4061 4048 4323 4128 habere,
4367 4050 4422 4114 si
4468 4069 4632 4131 quo-

2670 4137 2770 4202 vis
2812 4135 3005 4200 modo
3049 4135 3411 4217 legentium
3455 4134 3676 4200 oculos
3719 4136 4141 4218 perstringat,
4192 4134 4322 4199 imo
4366 4134 4635 4200 laudem

2668 4244 2751 4286 ex
2806 4221 3166 4287 calliditate
3231 4227 3298 4284 et
3360 4219 3632 4284 fallendi
3688 4220 3924 4301 peritia
3988 4230 4270 4302 captare.
4369 4217 4634 4286 Deinde

2668 4306 2840 4391 quod
2883 4326 3093 4371 unum
3145 4305 3382 4370 saltem
3438 4326 3522 4370 ex
3567 4304 3900 4370 veteribus
3942 4306 4399 4390 Augustinum
4443 4301 4636 4372 nobis

2668 4393 3018 4475 suffragari
3076 4392 3356 4465 asserui,
3413 4390 3613 4455 fidem
3666 4399 3743 4456 ut
3794 4393 3864 4456 in
3909 4414 3985 4457 eo
4028 4411 4246 4457 meam
4288 4399 4483 4475 atque
4527 4393 4634 4456 in-

2668 4479 3073 4562 genuitatem
3116 4484 3490 4559 agnoscant.

2840 4564 3177 4640 Primum,
3240 4561 3550 4643 abruptas
3594 4583 3701 4627 me
3760 4582 3881 4627 660
3932 4562 4304 4629 intellectas
4359 4584 4443 4628 ex
4483 4565 4629 4628 Au·-

2669 4650 2929 4733 gustino
2975 4648 3339 4713 sententias
3382 4648 3583 4712 citare
3627 4655 3952 4714 causatur.
4022 4650 4116 4713 At
4157 4648 4366 4732 quas?
4429 4647 4635 4729 Quod

2667 4735 2895 4801 scribit
2934 4753 3071 4797 non
3116 4753 3257 4797 esse
3296 4732 3572 4798 liberam
3611 4736 3753 4800 sine
3795 4735 4032 4817 spiritu
4072 4734 4357 4799 hominis
4391 4733 4635 4800 volun-

2669 4827 2890 4896 tatem,
2937 4839 3141 4901 quum
3184 4819 3650 4900 cupiditatibus
3704 4820 4120 4886 vincentibus
4173 4827 4240 4884 et
4281 4819 4635 4897 vincienti-

2668 4906 2792 4970 bus
2844 4912 3167 4969 teneatur.
3267 4905 3511 4969 Notavi
3565 4906 3808 4972 locu'm:
3880 4905 3948 4969 in
4018 4905 4294 4988 epistola
4346 4912 4482 4970 144.
4539 4905 4633 4970 ad

2670 4990 3101 5055 Anastasium
3150 4987 3219 5052 id
3273 4990 3571 5056 habetur.
3663 4989 3842 5072 Quid
3894 4997 4042 5070 [pag.
4080 4997 4190 5071 84]
4234 4991 4342 5057 hic
4385 4992 4633 5075 abrup-

2669 5084 2810 5140 tum
2857 5084 2975 5140 aut
3016 5075 3408 5141 obscurum?
3497 5077 3699 5155 Item,
3747 5076 3919 5159 quod
3961 5078 4035 5142 in
4079 5077 4299 5144 libello
4349 5076 4429 5143 de
4470 5098 4631 5161 per-

2806 5348 2862 5411 1)
2897 5347 3044 5403 Libr.
3080 5347 3129 5401 3.
3165 5351 3309 5404 circa
3341 5350 3673 5418 principium.
