4999 6179
550 434 676 498 623

1717 417 1728 428 ⁰
1789 429 1920 495 DE
1965 425 2418 495 VITANDIS
2455 423 3378 495 SUPERSTITIONIBUS.

4454 431 4583 495 624

539 621 725 704 firmi
779 624 943 686 sunt.
1031 617 1189 699 His,
1241 622 1312 684 ut
1364 617 1666 704 aeqrotis,
1725 639 1849 685 non
1891 617 2077 684 aliud
2116 619 2322 685 dicere
2350 635 2510 701 pos·
2614 633 2682 680 se
2735 613 3109 699 adtunyere:
3166 617 3323 697 quia
3367 635 3493 682 non
3532 616 3631 682 ita
3666 615 4042 701 fuqiendum
4083 621 4198 697 est,
4256 624 4327 684 ut
4359 622 4581 701 postea

546 727 720 787 siun,
783 706 918 773 nisi
962 709 1035 770 ut
1090 704 1573 773 imbecillitatem
1638 711 2000 791 amioscant‚
2070 711 2128 772 et
2180 704 2510 788 deplorent,

547 798 606 859 et
644 792 968 876 paulatim
1029 791 1196 858 vires
1259 792 1645 874 confirment,
1711 797 1771 857 et
1826 792 2048 874 aliqua
2101 791 2361 858 subinde
2427 789 2511 855 il-

2610 699 2794 766 vivas
2836 702 2907 765 in
2945 699 3307 781 solitudine,
3365 705 3479 767 aut
3531 701 3816 784 latebris,
3871 707 3987 769 aut
4042 702 4217 769 solus
4268 704 4402 772 tuis
4441 705 4582 787 qui-

2616 785 2883 852 busdam
2934 786 3493 869 imaqinationibus
3541 787 3822 870 fruaris,
3895 793 4008 854 aut
4056 788 4268 874 finqas
4318 789 4583 857 subinde

551 878 856 946 wstriora
921 878 1278 945 testimonia
1357 879 1763 962 confessionis
1836 877 2039 943 edant.
2154 874 2298 944 Soio
2379 895 2514 942 rem
2612 891 2812 938 novas
2864 871 3215 954 opiniones,
3286 874 3449 939 sicut
3502 875 3687 941 multi
3753 874 3863 942 hoc
3919 881 4186 957 tempore
4247 900 4286 943 v
4372 882 4584 978 antur,

549 961 880 1048 difficilem
965 984 1126 1044 esse,
1245 964 1396 1032 haec
1478 965 1741 1031 exordia
1830 963 2255 1047 confessionis.
2385 959 2512 1028 Sed

550 1056 663 1117 aut
691 1050 1046 1133 proliciend

549 1142 756 1203 autem
788 1137 954 1204 addo
983 1137 1517 1220 praemonitiones
1558 1141 1846 1219 quatuor.

728 1221 985 1302 Prima,
1027 1224 1225 1304 prius
1267 1222 1412 1289 bene
1452 1224 1774 1309 iaciantur
1809 1222 2240 1304 fundamenta,
2291 1222 2512 1287 doctri-

549 1328 702 1376 nam
744 1309 1048 1393 evanqelii
1089 1313 1247 1374 recte
1298 1325 1761 1394 coquoscamus,
1817 1330 1893 1374 ne
1944 1308 2120 1392 falsa
2161 1329 2289 1390 pro
2343 1307 2512 1373 veris

546 1395 1024 1477 amplectamur,
1087 1415 1196 1461 nec
1260 1415 1606 1479 augeamus
1658 1396 1837 1461 nobis
1890 1413 2158 1476 errores,
2220 1399 2276 1461 et
2329 1393 2482 1462 aliis
2495 1416 2514 1454 .-

553 1501 664 1546 nec
716 1481 1012 1562 pericula
1063 1488 1332 1563 propter
1395 1482 1606 1564 falsas
1662 1483 1985 1564 opiniones
2048 1482 2513 1576 suscipiamus:

553 1568 663 1634 sed
711 1567 1044 1650 fuqiamus
1086 1567 1658 1650 Anabaptistarum
1715 1573 1865 1647 [pag.
1909 1574 2054 1649 102]
2107 1569 2359 1651 furores
2399 1584 2514 1647 qui

546 1653 772 1720 multos
820 1672 1069 1719 errores
1121 1653 1580 1736 circumferunt.
1673 1654 1922 1737 Neqant
1950 1659 2271 1736 peccatum
2325 1652 2514 1736 oriqi-

547 1739 682 1820 nis,
726 1738 1078 1822 improbant
1119 1739 1500 1821 baptismum
1542 1741 1885 1823 infantum,
1932 1746 2336 1822 corrumpunt
2377 1741 2515 1805 doc-

545 1825 784 1891 trinam
822 1825 898 1892 de
930 1825 1183 1891 iustitia
1214 1824 1384 1906 fidei,
1429 1826 1738 1892 damnant
1757 1827 2040 1908 politias,
2084 1828 2513 1910 maqistratus‚

545 1911 821 1991 iudicia,
888 1911 1344 1977 distindionem
1407 1912 1855 1993 dominiorum,
1923 1933 2073 1977 vera
2123 1914 2515 1978 iuramenta:

547 1998 809 2080 denique
847 1996 1034 2062 multi
1074 1997 1292 2064 multis
1332 1998 1550 2078 malis,
1604 2003 1663 2062 et
1687 1998 2075 2081 perniciosis
2116 1999 2513 2081 opinionibus

548 2083 900 2168 dementari
950 2101 1017 2147 se
1069 2084 1302 2148 sinunt.
1393 2082 1545 2150 Ideo
1598 2085 1803 2148 simus
1844 2084 2192 2167 prudentes
2205 2136 2219 2164 ‚
2279 2090 2335 2150 et
2391 2086 2514 2149 cir-

546 2169 904 2252 cumspecti,
949 2172 1005 2234 et
1039 2189 1182 2234 vero
1223 2169 1461 2234 iudicio
1501 2170 1819 2236 doctrinae
1845 2190 2043 2254 qenus
2087 2171 2409 2256 eliqamus,
2453 2175 2516 2235 et

549 2254 828 2338 amplexi
867 2274 1053 2320 veras
1094 2256 1450 2334 sententiaS,
1493 2276 1618 2320 non
1659 2256 2050 2322 abiiciamus.

726 2339 1012 2406 Secunda
1053 2342 1508 2423 praemonitio:
1556 2341 1705 2407 Non
1758 2341 2164 2409 blandiamur
2221 2344 2353 2423 ipsi
2405 2364 2512 2409 no-

549 2427 675 2505 bis,
719 2445 832 2491 nec
865 2431 1278 2508 praetexatur
1319 2427 1669 2508 infirmitas
1701 2429 2112 2496 simulationi.
2203 2427 2401 2495 Multi
2438 2430 2514 2494 in

549 2512 724 2579 aulis
779 2517 997 2577 vocant
1048 2532 1116 2578 se
1176 2512 1576 2597 Nicodemos,
1644 2519 1702 2579 et
1757 2513 2073 2598 infirmos,
2141 2537 2334 2598 quum
2381 2516 2513 2582 sint

457 2627 466 2634 ·
535 2598 1112 2681 praevaricatores,
1157 2603 1214 2663 et
1256 2599 1496 2666 similes
1532 2600 1790 2680 Alcimi,
1833 2603 2016 2668 cuius
2049 2603 2126 2684 fit
2166 2603 2391 2668 mentio
2437 2603 2512 2667 in

549 2684 817 2750 historia
873 2683 1431 2752 Machabaeorum:
1499 2686 1868 2769 confirmant
1933 2690 2267 2756 saevitiam
2299 2693 2513 2771 potem

549 2775 686 2836 tum
736 2791 860 2836 sua
901 2770 1421 2837 dissimulatione.
1510 2772 1710 2839 Multi
1751 2774 1941 2838 etiam
1982 2775 2353 2858 sophisticas
2394 2775 2513 2840 mi-

548 2856 876 2955 tiqationes
896 2863 1225 2939 quaerunt,
1258 2863 1330 2923 ut
1349 2865 1638 2925 excusent
1656 2859 1860 2924 cultus
1892 2859 2221 2928 idolorum,
2291 2860 2515 2927 Etiam

549 2962 613 3008 si
654 2941 974 3024 sacrificia
1015 2942 1087 3008 in
1128 2943 1351 3009 missis
1394 2965 1517 3009 non
1558 2944 1767 3011 valent
1788 2966 1914 3029 pro
1957 2948 2224 3014 mortuis
2237 2998 2253 3028 ,
2298 2946 2512 3029 inqui-

554 3033 695 3110 wnt,
753 3029 958 3095 valent
1000 3033 1206 3095 tamen
1233 3050 1475 3112 preces.
1566 3030 1657 3098 Et
1688 3037 1944 3115 possent
1989 3034 2270 3117 exempla
2311 3033 2515 3101 multa

548 3114 1038 3196 sophisticarum
1070 3115 1338 3183 illarum
1380 3119 1848 3185 excusationum
1887 3122 2226 3187 recenseri:
2269 3120 2379 3187 sed
2419 3120 2515 3185 ita

550 3201 765 3268 ludere
802 3202 1179 3286 praestiqiis
1219 3204 1703 3286 sophismatwn,
1759 3211 1848 3271 est
1888 3210 2120 3273 tentare
2161 3206 2402 3289 Deum,
2458 3210 2517 3272 et

549 3287 746 3371 unpie
792 3289 969 3353 abuti
1010 3290 1256 3354 nomine
1292 3289 1440 3356 Dei.

728 3373 947 3439 Tertia
966 3376 1426 3455 praemonitio:
1465 3376 1860 3459 Priusquam
1889 3379 2178 3460 periculo
2212 3380 2515 3463 supplicii

555 3478 624 3524 se
675 3457 851 3524 homo
903 3466 1172 3541 exponat
1186 3511 1202 3541 ,
1260 3462 1475 3545 coqitet
1531 3464 1605 3528 de
1634 3465 1955 3546 patientia
1996 3486 2107 3531 seu
2151 3467 2516 3531 constantia.

555 3543 756 3611 Multi
788 3544 1198 3630 θρασῦδουλοι
1251 3549 1435 3614 initio
1469 3550 1764 3616 audacter
1818 3554 1967 3632 [pag.
2018 3556 2165 3632 103]
2225 3551 2518 3619 inchoant

555 3630 952 3711 mutationes,
1019 3636 1075 3697 et
1132 3639 1359 3715 postea
1423 3656 1618 3719 quum
1647 3638 1944 3719 pericula
2002 3644 2148 3703 sunt
2178 3640 2512 3721 propiora,

549 3717 743 3800 fracti
796 3718 1035 3784 animis
1103 3719 1410 3787 abiiciunt
1462 3722 1837 3789 doctrinam:
1900 3743 1975 3790 ac
2038 3724 2226 3791 multi
2291 3725 2516 3791 deinde

548 3801 717 3885 fiunt
754 3823 1032 3885 prorsus
1064 3804 1385 3890 Epicurei.
1482 3807 1743 3890 Quando
1795 3810 1993 3893 iqitwr
2045 3810 2224 3876 homo
2276 3816 2517 3887 tantum

554 3890 796 3955 roboris
837 3889 1084 3971 habeat,
1140 3897 1215 3958 ut
1254 3893 1467 3975 possit
1522 3895 1940 3978 confessionis
1972 3896 2336 3979 periculum
2388 3895 2516 3962 sibi

551 3993 876 4058 accersere,
918 3998 1042 4044 non
1072 3982 1276 4060 potest
1314 3980 1553 4064 requlis
1594 3980 1892 4047 describi:
1934 3983 2044 4049 sed
2085 3987 2334 4049 eventus
2377 3984 2515 4066 ipse

553 4062 820 4128 ostendet
835 4114 850 4143 ‚
917 4085 1005 4129 an
1061 4065 1329 4148 spiritus
1385 4072 1642 4134 sanctus
1695 4066 2154 4149 confirmaverit
2209 4071 2515 4134 animum.

556 4147 864 4215 Nostrum
907 4154 997 4215 est
1047 4155 1254 4217 tamen
1307 4157 1467 4219 recte
1528 4154 1766 4234 docere,
1820 4174 1942 4220 non
1999 4153 2279 4220 blandiri
2335 4154 2517 4237 infir-

552 4234 775 4301 mitati.
834 4234 924 4301 Et
944 4256 1305 4320 quanquam
1327 4238 1791 4324 aliquantisper
1810 4241 2072 4323 tempori
2089 4241 2275 4307 venia
2297 4241 2518 4308 danda

553 4324 673 4400 est,
724 4324 1108 4403 praesertim
1171 4324 1245 4388 in
1307 4325 1648 4407 νεοφότοις,
1709 4327 1783 4392 in
1838 4328 2090 4411 maqnis
2146 4327 2388 4407 causis,
2445 4329 2518 4392 in

552 4410 720 4472 metu
749 4408 1041 4490 publicae
1097 4409 1479 4477 discordiae.-
1542 4417 1748 4478 tamen
1789 4432 1913 4479 non
1964 4412 2050 4478 sit
2090 4413 2519 4480 dissimulatio

540 4498 868 4577 perpetua.
961 4493 1261 4560 Primum
1293 4495 1572 4582 decaloqi
1601 4502 2033 4581 praeceptum.-
2079 4497 2227 4565 Non
2267 4498 2520 4566 habebis

550 4579 697 4646 deos
739 4579 995 4662 alienos,
1041 4580 1329 4647 omnibus
1369 4584 1555 4649 rebus
1598 4584 1753 4650 aliis
1796 4584 2265 4667 anteferendum
2307 4592 2413 4653 est.

730 4670 974 4748 Quarta
1013 4668 1464 4749 praemonitio:
1519 4667 1819 4753 Fuqienti
1870 4671 1942 4735 in
2007 4671 2307 4737 exsilium
2359 4674 2518 4759 coqi-

552 4750 814 4817 tandwm
855 4756 944 4819 est
984 4755 1194 4836 etiam,
1237 4755 1394 4839 quid
1434 4755 1525 4821 sit
1566 4756 1849 4838 ecclesia,
1894 4761 1954 4824 et
1993 4758 2098 4824 cui
2129 4760 2326 4826 coemi
2366 4761 2519 4828 velit

2622 956 3092 1041 Schenkfeldius
3109 1008 3124 1037 ‚
3155 960 3204 1041 ¹)
3247 957 3614 1042 Campanus
3650 964 3708 1025 et
3746 960 3870 1027 alii
3913 962 4247 1028 innumera
4300 964 4314 978 ‘
4416 988 4435 1029 :
4473 984 4585 1045 qui

1043 1072 1155 1117 um
1196 1056 1301 1131 est,
1345 1055 1458 1116 aut
1497 1051 1949 1133 exspectandus
1985 1050 2293 1115 interitus.
2382 1046 2514 1112 Hic
2560 1053 2567 1136 Ι
2616 1043 2904 1110 omnibus
2967 1045 3243 1110 ecclesiis
3299 1045 3708 1126 maledicunt,
3773 1051 3831 1111 et
3896 1052 4092 1113 totum
4155 1050 4582 1116 ministerium

2473 1221 2485 1233 ι
2560 1151 2567 1230 Ι
2617 1129 3037 1228 evanqelicum
3073 1135 3477 1211 contemnunt,
3523 1137 3581 1197 et
3620 1133 3762 1198 suis
3803 1132 4186 1216 quibusdam
4213 1135 4578 1217 paradoxis

2614 1237 2688 1281 in
2730 1215 3013 1281 doctrina
3055 1221 3112 1281 et
3161 1218 3235 1282 in
3267 1216 3548 1283 moribus
3602 1218 4021 1292 delectantur„
4083 1219 4259 1287 Haec
4298 1222 4585 1306 exempla

2614 1321 2740 1365 non
2779 1303 3130 1368 imitemur:
3188 1308 3333 1383 [pag.
3387 1310 3532 1383 104]
3594 1304 3705 1371 sed
3741 1304 4049 1389 eligamus
4090 1326 4310 1373 verum
4354 1314 4413 1373 et
4452 1328 4583 1376 cer-

2613 1392 2747 1452 tum
2800 1388 3118 1454 doctrinae
3167 1410 3367 1473 qenus
3380 1440 3395 1469 ,
3453 1395 3512 1456 et
3577 1390 3807 1473 palam
3871 1391 4161 1459 ecclesiae
4213 1393 4411 1460 alicui
4455 1416 4585 1478 pu-

2617 1473 2769 1539 blice
2822 1493 2937 1539 nos
2983 1476 3440 1559 adiunqamus:
3504 1496 3788 1544 amemus
3839 1478 4286 1559 ministerimn‚
4334 1487 4395 1547 et
4447 1500 4585 1547 con-

2618 1559 2929 1640 spiciatur
2984 1567 3200 1626 nostra
3246 1561 3547 1644 confessio
3590 1564 3664 1627 in
3711 1571 3780 1630 eo
3825 1568 3994 1629 coetu
4010 1590 4029 1629 .·
4092 1566 4288 1632 simul
4327 1574 4587 1635 utamur

2616 1647 3033 1711 sacramentis
3110 1668 3237 1716 non
3306 1648 3676 1730 depravatis
3689 1700 3706 1729 ‚
3777 1650 4227 1734 eoniunqamus
4306 1659 4586 1722 nostram

2617 1732 3062 1796 invocationem
3129 1753 3274 1798 cum
3344 1734 3631 1801 ecclesiae
3682 1736 4096 1802 invocatione:
4158 1739 4321 1805 sicud
4373 1739 4588 1808 Chris·

2616 1821 2720 1880 tus
2793 1817 3112 1898 peculiari
3185 1821 3604 1901 promissione
3679 1823 4127 1889 commendavit
4205 1826 4383 1892 nobis
4457 1833 4588 1894 stu-

2616 1902 2798 1967 dium
2875 1904 3138 1970 tuendae
3216 1908 3704 1990 conyreqationis
3765 1907 4093 1990 publicae:
4173 1911 4454 1982 videlicet
4516 1917 4589 1978 ut

2617 1993 2894 2054 servetur
2923 1990 3252 2072 publicum
3295 1993 3735 2073 ministerium,
3790 2000 3864 2060 ut
3904 1995 4171 2062 dicitur:
4226 1995 4588 2084 Ubicunque

2614 2075 2739 2141 duo
2782 2081 2893 2140 aut
2932 2081 3059 2141 tres
3100 2082 3284 2142 erunt
3320 2081 3672 2163 conqreqati
3713 2081 3787 2145 in
3828 2081 4078 2148 nomine
4121 2102 4254 2151 meo
4274 2137 4289 2166 ‚
4334 2087 4407 2151 in
4444 2107 4570 2152 me-

2613 2160 2719 2225 dio
2752 2181 2965 2228 eorum
3001 2182 3174 2243 simi,
3229 2170 3286 2229 et
3325 2165 3479 2250 sient
3521 2166 3615 2231 eis
3666 2186 3831 2247 quae
3864 2171 4096 2249 petent,
4155 2175 4260 2238 etc.
4310 2172 4580 2254 (Matth.

2622 2249 2721 2326 18,
2763 2247 2894 2332 20).
3001 2247 3148 2313 Vult
3193 2248 3519 2316 honestam
3555 2252 3974 2334 frequentiam
4023 2275 4156 2321 esse
4189 2257 4585 2340 publicorum

2616 2352 3094 2416 congressuum,
3154 2340 3209 2400 et
3250 2335 3411 2402 hanc
3452 2338 3583 2402 vult
3617 2359 3659 2403 a
3700 2340 3977 2422 sinqulis
4017 2342 4336 2408 adiuvari.
4437 2344 4587 2411 Vult

2616 2419 2783 2484 enim
2814 2420 3247 2486 ministerium
3278 2423 3697 2506 evanqelicum
3729 2426 4003 2507 conspici
4037 2431 4095 2491 et
4137 2429 4374 2511 wdiri,
4416 2433 4585 2513 quod

2614 2525 2739 2571 non
2776 2505 2852 2588 lit
2903 2507 2974 2570 in
3026 2506 3459 2589 dissipatione.
3551 2509 3702 2575 Ideo
3757 2511 3957 2577 multa
4009 2507 4179 2580 dicta
4220 2516 4587 2598 prophdica

2614 2591 3043 2658 commendant
3074 2595 3249 2660 nobis
3285 2595 3568 2661 studium
3601 2597 3871 2664 iuvandi
3893 2597 4180 2679 publicos
4200 2621 4584 2686 conqressus.

2629 2676 2710 2744 Ut
2769 2676 2942 2742 Psal.
2994 2682 3132 2743 102
3197 2680 3289 2765 (v.
3338 2680 3489 2764 23).·
3576 2679 3663 2746 In
3727 2684 4131 2751 conveniendo
4181 2689 4454 2771 populos
4516 2692 4589 2756 in

2616 2784 2832 2844 unum,
2879 2768 2937 2828 et
2969 2785 3141 2847 reyes
3168 2771 3243 2832 ut
3271 2769 3553 2834 serviant
3586 2768 3883 2848 Domina
3906 2775 3962 2836 et
3987 2769 4162 2838 Psal.
4202 2777 4342 2839 135
4366 2777 4456 2860 (v.
4486 2775 4552 2862 1)
4568 2803 4587 2842 :

2625 2850 2751 2932 Qui
2782 2850 2967 2916 statis
2997 2850 3069 2915 in
3104 2852 3284 2918 domo
3303 2852 3589 2933 Domini,
3623 2854 3695 2918 in
3727 2856 3921 2922 atriis
3951 2857 4173 2925 domus
4205 2858 4338 2926 Dei
4366 2863 4585 2944 nostri,

2618 2940 2677 3000 et
2723 2934 2898 3001 Psal.
2953 2940 3092 3001 150
3146 2938 3237 3022 (v.
3303 2938 3401 3023 1).·
3487 2939 3672 3005 Laus
3724 2942 3863 3006 eius
3915 2943 3988 3007 in
4044 2944 4309 3011 ecclesia
4348 2953 4587 3016 sancto-

2617 3042 2780 3087 rum.
2869 3020 3059 3115 Hanc
3101 3026 3466 3091 sententiam
3521 3026 3735 3093 dextre
3790 3028 4159 3097 intellectam
4198 3031 4412 3101 iudico
4453 3055 4585 3105 esse

2605 3109 2811 3192 piam.
2901 3108 3033 3174 Nec
3074 3114 3285 3177 tumen
3323 3112 3597 3195 antefero
3646 3133 3851 3179 meam
3903 3119 4269 3185 sententiam
4312 3121 4589 3189 aliorum

2606 3195 2874 3276 piorum
2928 3200 2985 3259 et
3038 3195 3355 3263 doctorum
3411 3199 3703 3265 iudiciis:
3759 3205 3815 3265 et
3872 3202 4233 3271 admonitus
4246 3257 4261 3286 ,
4317 3208 4380 3273 si
4432 3209 4588 3290 quid

2626 3281 3055 3360 desideratur,
3114 3285 3442 3369 corriqam.
3528 3284 3660 3351 Die
3706 3290 3813 3350 17.
3856 3287 4145 3372 Aprilis,
4216 3312 4337 3375 quo
4398 3293 4585 3362 Noha

2620 3371 2765 3432 ante
2818 3387 3019 3433 annos
3077 3373 3267 3435 3846
3280 3371 3340 3454 2)
3398 3389 3616 3436 arcam
3672 3374 3821 3451 [pag.
3876 3380 4026 3455 105]
4092 3377 4416 3462 inqressus
4466 3388 4586 3447 est:

2618 3472 2740 3535 quo
2771 3452 3047 3535 exemplo
3067 3454 3253 3521 Deus
3280 3461 3538 3524 testatus
3558 3461 3661 3538 est,
3695 3478 3764 3523 se
3795 3480 3921 3526 non
3952 3462 4232 3530 deserere
4265 3465 4586 3534 ecclesiam

2618 3559 2806 3605 suam
2847 3559 3042 3622 quum
3081 3542 3329 3626 maqnis
3365 3542 3659 3622 fluctibus
3703 3549 4127 3626 quassabitur.

3538 3680 3882 3766 Philippus
3923 3684 4377 3755 Melanchthon.

2626 3810 2639 3813 f
2664 3806 3031 3816 ---—.-.-—-.-.---

2763 3882 2822 3947 1)
2867 3883 3034 3939 Libri
3079 3890 3281 3940 veteres
3324 3902 3536 3956 omnes,
3593 3890 3764 3944 etiam
3817 3889 4014 3945 Gallus
4058 3891 4285 3948 habent.-
4330 3892 4584 3951 Schenlz-

2620 3949 2836 4007 feldius.
2907 3952 3105 4007 Rima
3142 3952 3439 4011 Scoeriana
3473 3957 3810 4013 emendavit.-
3844 3958 4282 4031 Schenkfeldius,
4321 3964 4581 4021 Διπαιεῖς)-

2623 4020 2901 4075 damensis
2958 4021 3210 4077 tandem.-
3268 4023 3743 4082 SchuenkfeldiuS.
3823 4026 4236 4085 Observandum
4295 4037 4480 4090 tamen
4521 4036 4586 4089 in

2616 4090 2802 4145 multis
2835 4089 2988 4145 alius
3021 4093 3220 4146 aetatis
3239 4093 3495 4163 officinis,
3532 4094 3702 4150 litera
3736 4097 3776 4150 k
3812 4096 4114 4168 deficiente,
4148 4101 4453 4170 typothetae
4477 4119 4585 4173 pro

2619 4173 2686 4213 ea
2721 4159 2774 4213 lz
2803 4174 3010 4228 ponere
3044 4161 3233 4216 solitos
3266 4177 3394 4219 esse.
3472 4163 3633 4233 Quod
3664 4168 4055 4222 recentioribus
4081 4168 4287 4235 fraudi
4310 4171 4441 4237 ficit.

2757 4226 2819 4295 2)
2851 4228 3041 4283 Versio
3067 4230 3272 4299 ,qallica
3298 4231 3459 4288 habet
3492 4232 3647 4303 3849,
3682 4236 3777 4289 cui
3804 4235 3887 4291 ed.
3910 4235 4207 4293 Stoen'ana
4242 4238 4293 4293 d.
4316 4238 4401 4294 17.
4419 4240 4589 4311 Apo-⁸1

2622 4292 2761 4351 1545
2786 4299 3110 4366 praernittit.
3188 4298 3309 4368 Quo
3352 4301 3513 4357 modo
3554 4303 3635 4359 M.
3674 4303 3973 4387 Philippus
4005 4321 4185 4363 annos
4228 4308 4429 4393 mundi
4459 4326 4587 4387 aip-

2613 4373 3150 4518 ἀαςοῖἛᾴὛὲἷέῗ
3184 4371 3591 4495 30⁸1&me
3610 4371 4138 4501 αέαῗωᾞοεῖωῗιαηο
4156 4377 4587 4516 dfffpz'mm‘ssi

2619 4504 2795 4569 fuisse
2838 4521 2937 4575 qui
2990 4506 3199 4562 Christi
3241 4456 3459 4563 natalpes
3502 4510 3582 4566 ad
3625 4512 3708 4565 ali
3743 4527 3860 4567 uem
3904 4529 4116 4569 annum
4160 4515 4316 4571 intra
4360 4515 4505 4571 3970
4535 4522 4589 4574 et

2621 4570 2763 4627 3944
2800 4580 2931 4643 post
2974 4576 3235 4631 mundum
3281 4578 3561 4635 conditum
3593 4596 3626 4634 r
3809 4583 3821 4594 '
3858 4588 3905 4650 t,
3951 4583 4049 4637 sed
4080 4583 4301 4639 cuinam
4335 4585 4591 4654 opinion&

2621 4656 2690 4695 ex
2732 4644 2977 4712 amplius
3018 4646 3219 4726 viginti
3250 4646 3427 4728 variis
3470 4648 3671 4704 ibidem
3718 4653 4051 4706 enumeratis
4088 4653 4295 4711 Noster
4329 4654 4583 4780 adeiz-t·

2618 4711 2769 4766 latus
2799 4715 2887 4782 sit,
2923 4729 3090 4784 quum
3124 4713 3324 4769 diluvii
3357 4717 3560 4785 epocha
3593 4721 3722 4788 ipsa
3754 4721 3911 4777 varie
3943 4720 4271 4792 definiatur,
4320 4723 4422 4780 hoc
4512 4725 4587 4780 iis

2620 4780 3007 4838 cantharidum
3040 4782 3418 4854 relinquimus.
