4999 6179
2043 450 2786 521 PROLEGOMENA.
4145 458 4431 527 XXVII

706 652 1215 739 IOANNIS
1286 652 1298 757 Ι
1379 664 1775 733 CALVINI
1816 665 1978 731 AD·
1997 663 2333 750 ΙΜΟΝἹΤΙΟ
2379 676 2530 746 QVA
2575 667 3018 754 O-lstenditur
3072 675 3270 753 quam
3329 681 3365 735 e
3409 691 3482 736 re
3525 670 3942 740 Christianae
3982 675 4142 759 reip.
4189 675 4307 761 fo-{
4326 683 4430 742 ret

398 777 799 847 Sanctorum
856 799 1131 861 corpora
1196 784 1266 842 et
1321 777 1629 861 reliquias
1682 776 1941 863 ve-llut
1991 775 2065 841 in
2122 777 2580 845 inuentarium
2634 780 2874 865 redigi:
2944 802 3112 865 quae
3165 786 3304 847 tam
3357 781 3427 847 in
3478 784 3487 865 Ι
3535 783 3733 850 Italia
3787 792 3986 868 quam
4053 787 4125 851 in
4185 787 4428 867 Gallia,

400 890 792 971 Germania,
848 889 1096 974 Hispa·
1115 887 1284 975 luia,
1341 888 1748 972 caeterisque
1801 886 2181 972 regionibus
2232 888 2581 957 habentur.
2647 891 2661 969 Ι
2723 892 2783 957 E
2830 891 3087 958 Gallico
3144 914 3264 977 per
3319 894 3667 961 Nicolaum
3713 894 4087 963 Gallasium
4142 900 4213 963 in
4258 900 4425 982 ser-l

397 1023 659 1069 monem
702 1002 1026 1068 Latinum
1070 1000 1408 1068 conversa.
1452 1005 1464 1083 ὶ
1521 1007 1876 1073 (Εηιϋῖαηα.)
1930 999 1941 1082 Ι
1994 1006 2363 1080 GENEVAE,
2415 1001 2425 1085 Ι
2475 1013 2623 1068 PER
2664 1012 3009 1069 IOANNEM
3053 1013 3483 1086 GERARDVM‚
3535 1005 3544 1091 Ι
3601 1011 3782 1072 1548.

603 1149 612 1159 ·
709 1113 1059 1180 Emblema
1099 1114 1171 1179 in
1214 1113 1408 1178 titulo
1450 1114 1740 1196 positum
1784 1118 1886 1177 est
1936 1109 2161 1195 palma
2202 1131 2355 1177 cum
2407 1133 2613 1196 puero
2655 1136 2920 1181 ramum
2974 1116 3531 1199 apprehendente,
3578 1119 3821 1203 absque
3857 1119 4108 1205 adagio.
4178 1121 4428 1187 Forma

396 1226 547 1292 libri
590 1226 926 1294 octonaria
968 1226 1201 1291 minor.
1295 1223 1779 1306 Quaterniones
1820 1244 1939 1288 sex
1982 1243 2133 1289 cum
2179 1222 2447 1291 dimidio
2493 1226 2794 1310 (A—G).
2883 1228 3182 1312 Paginae
3225 1236 3611 1296 numeratae
3649 1234 3750 1311 99,
3798 1232 4160 1298 centesima
4197 1253 4423 1299 vacua.

398 1338 716 1422 Sequenti
758 1337 911 1404 folio
955 1344 1137 1404 recto
1181 1336 1538 1420 inscriptus
1583 1342 1687 1402 cst
1727 1333 1911 1401 locus
1954 1356 2035 1400 ex
2084 1336 2371 1402 secunda
2413 1336 2538 1420 Ep.
2587 1338 2672 1403 ad
2716 1338 3335 1407 Thessalonicenses
3378 1341 3727 1424 repetitus,
3773 1363 3966 1409 verso
4006 1363 4164 1409 vero
4211 1352 4430 1410 errata

396 1449 723 1517 nonnulla
775 1450 1212 1534 corriguntur.
1302 1447 1607 1531 Denique
1662 1446 1968 1512 ultimum
2026 1446 2254 1513 folium
2307 1469 2578 1514 versum
2636 1458 2831 1516 ornat
2896 1450 3155 1536 gladius
3212 1451 3497 1518 Gerardi
3552 1455 3897 1520 flammeus
3964 1456 4107 1521 sine
4174 1454 4425 1541 adagio.

398 1563 685 1628 'l'extum
731 1560 1064 1645 praecedit
1104 1560 1424 1645 praefatio
1468 1559 1849 1641 interpretis
1890 1557 2083 1624 hacc:
2597 1542 2608 1553 ’

1736 1756 2043 1822 Nicolaus
2090 1756 2430 1823 Gallasius
2458 1758 2606 1840 piis
2648 1759 2973 1825 lectoribus
3021 1759 3086 1825 S.

709 1895 1089 1963 Incredibile
1130 1895 1416 1978 profecto
1468 1894 1784 1959 videretur
1836 1898 1967 1959 tam
2009 1912 2227 1960 crassa
2270 1895 2625 1976 impostura
2670 1915 2744 1961 ac
2787 1900 2918 1960 tam
2960 1896 3271 1964 diuturna
3313 1899 3636 1966 seductum
3676 1900 3878 1983 fuisse
3921 1902 4129 1968 orbem
4172 1905 4429 1969 uuiver-

394 2030 567 2089 Μ,
624 2009 755 2075 uisi
811 2029 943 2074 rem
998 2010 1211 2089 ipsam
1252 2007 1452 2073 oculis
1494 2006 1913 2084 intueremur,
1960 2010 2147 2087 atque
2202 2006 2685 2089 intelliqeremus
2727 2010 2902 2072 iusta
2946 2006 3079 2073 Dei
3119 2010 3400 2076 vindicta
3441 2012 3513 2077 id
3554 2011 3793 2094 factum
3836 2033 3986 2095 esse,
4037 2020 4111 2079 ut
4149 2014 4430 2082 homines

395 2143 438 2188 a
480 2121 738 2186 veritate
781 2121 977 2186 alieni
1020 2120 1458 2186 addicerentur
1498 2118 1836 2197 madocio,
1880 2123 2065 2199 atque
2104 2117 2197 2182 ita
2239 2123 2720 2184 excaecarentur
2761 2123 2831 2183 ut
2874 2139 3071 2199 error,
3115 2122 3280 2187 sicut
3322 2123 3418 2187 ait
3462 2121 3727 2204 Paulus,
3772 2126 3940 2191 vires
3983 2132 4041 2191 et
4082 2126 4430 2208 efficaciam

398 2233 704 2300 obtineret.
801 2233 978 2314 Quod
1019 2252 1214 2315 quum
1255 2230 1437 2298 hodie
1480 2231 1789 2295 iaenmensa
1824 2227 1955 2295 Dei
1997 2229 2262 2295 bonitate
2308 2230 2700 2313 patefactum
2744 2233 2828 2295 sit
2868 2235 2926 2297 et
2966 2234 3158 2301 veluti
3201 2232 3396 2318 diyito
3437 2242 4007 2317 common-stratum,
4066 2257 4183 2303 nos
4226 2237 4431 2304 adhuc

396 2364 602 2411 caecos
646 2364 793 2423 esse,
839 2350 949 2409 aut
992 2345 1065 2409 iu
1118 2342 1384 2408 tenebris
1438 2342 1790 2408 delitescere
1832 2341 2090 2407 „nimime
2132 2341 2311 2421 decet,
2352 2362 2550 2423 quum
2593 2344 2980 2422 praesertim
3015 2344 3149 2410 luce
3192 2346 3345 2411 adeo
3387 2346 3563 2412 clara
3623 2353 3680 2412 et
3733 2347 3947 2413 lucida
3991 2349 4300 2414 illustrati
4342 2349 4430 2416 si-

394 2476 558 2522 mus.
639 2455 955 2538 Equidem
996 2455 1172 2521 haud
1212 2454 1413 2519 ullum
1451 2453 1585 2536 fore
1631 2453 1901 2519 arbitror
1942 2452 2045 2517 cui
2087 2453 2215 2519 ista
2254 2473 2381 2519 uon
2414 2459 2692 2536 pateant,
2736 2454 2870 2519 uisi
2912 2475 3096 2537 quem
3137 2476 3364 2523 sensus
3405 2458 3605 2539 plane
3653 2478 3867 2524 omnes
3905 2460 4241 2541 defecerint
4261 2511 4275 2540 ‚
4321 2462 4431 2527 sit-

396 2589 515 2652 que
556 2568 797 2635 beauce
855 2588 1048 2650 quam
1102 2566 1341 2633 homiui
1394 2565 1679 2631 similior.
1774 2563 1993 2647 Neque
2044 2566 2210 2630 enim
2263 2565 2364 2630 hic
2417 2565 2638 2631 subtili
2678 2566 2895 2649 ayitur
2937 2568 3212 2649 ratione,
3271 2571 3382 2636 sed
3425 2591 3527 2636 res
3569 2573 3716 2652 ipsa
3754 2576 4169 2652 monstratur,
4225 2571 4320 2637 ita
4361 2577 4432 2636 ut

397 2681 496 2747 vel
536 2680 966 2763 stupidi-ssimi
1021 2699 1161 2746 eam
1205 2676 1568 2761 perspicere
1610 2676 1874 2759 possint.
1969 2676 2298 2745 Nostrates
2351 2683 2512 2743 certe
2567 2697 2760 2759 quam
2789 2679 3074 2761 plurimi
3121 2679 3232 2746 hoc
3272 2681 3542 2763 perlecto
3585 2683 3788 2749 libello
3833 2683 3986 2749 adeo
4028 2682 4432 2766 obstupefacti

398 2798 565 2874 suut,
608 2797 679 2857 ut
721 2812 800 2857 ex
843 2798 1024 2858 antro
1068 2791 1341 2874 quodam
1371 2787 1692 2870 prodiisse
1734 2787 1859 2853 sibi
1901 2788 2275 2870 viderentur,
2320 2795 2504 2871 atque
2551 2789 2967 2873 affirmarent,
3009 2812 3077 2857 se
3117 2792 3189 2857 id
3230 2812 3561 2875 uunquam
3599 2794 3805 2876 fuisse
3845 2795 4203 2861 credituros.
4276 2794 4434 2862 Pro-

398 2905 548 2971 inde
600 2926 668 2970 re
711 2909 1045 2987 perspecta
1099 2904 1340 2968 maiore
1392 2900 1600 2966 studio
1654 2899 1859 2967 Deum
1911 2921 2209 2983 quaerere
2262 2906 2318 2967 et
2374 2901 2850 2986 superstitiones
2902 2902 3231 2969 exhorrere
3275 2910 3616 2986 coeperunt.
3713 2906 3890 2986 Quod
3931 2906 4217 2973 omnibus
4259 2928 4433 2974 even·

398 3023 613 3083 turum
653 3036 832 3100 spero
873 3016 987 3099 qui
1028 3016 1274 3081 invidia
1317 3014 1491 3079 omni
1530 3014 1812 3097 deposita
1855 3033 1994 3079 eum
2038 3018 2256 3079 attente
2298 3013 2574 3098 leyeriut.
2667 3012 2892 3096 Itaque
2935 3034 3075 3079 eum
3119 3036 3150 3080 e
3200 3015 3428 3099 yalbico
3471 3017 3743 3083 latinum
3779 3017 3932 3101 feci,
3991 3022 4060 3081 ut
4103 3018 4268 3085 nulli
4311 3039 4435 3084 uon

399 3129 897 3208 mmaioetur,
942 3134 1127 3210 atque
1169 3129 1359 3194 etiam
1401 3130 1471 3191 ut
1512 3131 1783 3192 caeterae
1815 3126 2100 3192 nationes
2131 3125 2238 3191 boc
2282 3127 2561 3207 exemplo
2605 3126 2931 3208 reliquiae,
2976 3146 3138 3208 quae
3181 3129 3360 3209 apud
3393 3149 3502 3196 eas
3543 3149 3676 3196 esse
3707 3128 4022 3211 feruntur,
4059 3129 4428 3196 describant.

403 3241 537 3309 Nee
579 3242 747 3306 enim
799 3239 901 3305 hic
958 3241 1152 3305 unius
1206 3239 1480 3305 hominis
1533 3243 1621 3304 est
1674 3237 1863 3304 labor.
1958 3236 2194 3303 Plures
2249 3236 2307 3302 ei
2348 3238 2613 3303 intentos
2658 3257 2790 3303 esse
2831 3243 3088 3319 oportet,
3147 3244 3204 3305 et
3248 3260 3413 3322 quae
3456 3242 3526 3306 iu
3569 3261 3947 3325 unaquaque
3987 3241 4238 3325 reyione
4281 3247 4432 3308 suut

401 3353 695 3438 colliyere.
798 3350 1101 3418 Calvinus
1152 3352 1321 3419 enim
1369 3355 1578 3417 noster
1630 3368 1839 3415 omnes
1893 3348 2118 3415 rescire
2171 3368 2294 3414 non
2338 3350 2569 3429 potuit.
2667 3349 2942 3414 Tantum
2986 3369 3095 3415 eas
3138 3351 3477 3434 descripsit
3525 3372 3689 3434 quas
3742 3354 3875 3435 ipsi
3929 3359 4061 3419 tum
4099 3354 4313 3420 videre
4360 3355 4440 3420 li-

403 3466 528 3532 cuit
544 3516 559 3545 ,
616 3470 752 3532 tum
807 3466 990 3531 certis
1030 3463 1401 3530 testimoniis
1445 3462 1739 3546 accipere.
1836 3459 2178 3544 Propterea
2221 3459 2496 3526 libellum
2539 3459 2703 3528 hunc
2746 3461 3193 3528 admonitionis
3235 3462 3360 3529 loco
3412 3482 3544 3528 esse
3585 3464 3808 3545 voluit,
3853 3472 3950 3546 ut,
4006 3486 4200 3548 quum
4242 3486 4440 3548 prae-

402 3579 593 3661 cipua
630 3597 847 3643 renim
887 3576 1100 3661 capita
1131 3575 1631 3657 perstrinxisset,
1673 3572 1904 3641 caeteri
1947 3571 2176 3655 quibus
2216 3572 2438 3657 reliyio
2481 3572 2659 3639 cordi
2702 3576 2790 3638 est
2832 3573 3297 3658 acciuqerentur
3337 3574 3484 3640 huic
3517 3576 3722 3656 operi:
3781 3597 3902 3659 quo
3944 3578 4150 3662 magis
4191 3597 4266 3644 ac
4308 3598 4439 3644 ma-

398 3691 501 3776 yis
542 3689 864 3755 hominum
906 3688 1248 3770 stupiditas
1289 3691 1347 3752 et
1388 3685 1919 3752 inconsiderantia
1961 3687 2165 3751 excuti
2209 3685 2479 3767 possint.
2560 3682 2698 3749 Hoc
2752 3683 2954 3768 iyitur
2995 3705 3037 3751 a
3093 3685 3261 3751 vobis
3303 3687 3607 3753 maiorem
3648 3689 3722 3752 iu
3761 3689 4014 3753 modum
4059 3695 4208 3772 peto
4253 3696 4439 3772 atque

407 3803 664 3881 obsecro,
710 3805 777 3866 ut
822 3805 1064 3866 tantum
1107 3799 1281 3881 apud
1323 3818 1432 3864 vos
1476 3798 1783 3879 ponderis
1824 3795 2043 3863 habeat
2084 3797 2186 3863 hic
2229 3795 2492 3876 libellus,
2539 3800 2845 3877 quantum
2885 3796 3064 3878 apud
3095 3798 3245 3879 pios
3287 3796 3566 3864 homines
3601 3798 3823 3865 habere
3866 3800 4065 3879 deba,
4112 3805 4300 3881 utque
4343 3801 4439 3866 la-

409 3912 612 3980 borem
652 3914 723 3978 in
760 3912 1046 3978 vertendo
1089 3931 1292 3977 meum
1335 3909 1478 3976 boni
1520 3915 1575 3975 et
1618 3908 1801 3991 aequi
1845 3907 2202 3974 consulatis.
2295 3907 2371 3972 Si
2413 3907 2584 3973 sales
2627 3911 2686 3971 et
2728 3907 2910 3987 iocos,
2955 3907 3185 3989 quibus
3227 3907 3495 3990 refertus
3530 3916 3634 3988 est,
3681 3911 3893 3976 minus
3935 3913 4235 3993 expressi,
4281 3913 4440 3995 συρί-

409 4030 529 4092 tate
571 4044 720 4091 suos
764 4025 984 4107 cuique
1025 4003 1281 4107 linquae
1323 4042 1456 4088 esse
1504 4022 1769 4104 lepores,
1815 4020 1927 4108 qui
1982 4019 2297 4085 interdum
2335 4019 2492 4084 aliis
2521 4038 2658 4104 pon
2700 4019 3082 4085 conveniunt.
3171 4019 3260 4085 Iu
3302 4020 3412 4086 hoc
3454 4027 3607 4087 certe
3653 4023 4062 4104 potissimum
4104 4021 4437 4102 elaboravi,

409 4143 476 4202 ut
518 4142 817 4204 verterem
860 4135 1071 4201 omnia
1118 4135 1402 4216 fideliter.
1508 4133 1731 4200 Valete.
1822 4131 1989 4197 Idib.
2037 4130 2233 4196 Mart.
2282 4134 2480 4195 1548.
4189 4190 4196 4197 ,

718 4249 825 4313 De
880 4247 1297 4314 versionibus
1355 4245 1630 4330 anglicis
1683 4253 1752 4310 et
1810 4243 2204 4329 germanicis
2257 4243 2382 4307 hoc
2434 4241 2577 4308 loco
2633 4243 2827 4326 plura
2882 4242 3122 4309 addere
3179 4243 3710 4326 supersedemus,
3766 4263 3888 4327 pro
3946 4251 4239 4328 tempore
4284 4247 4444 4312 satis

412 4360 727 4428 habentes
781 4359 1097 4427 lectorem
1154 4359 1237 4424 ad
1294 4357 1601 4422 notitiam
1658 4356 2019 4422 litei-ariam
2065 4376 2105 4420 a
2147 4355 2224 4420 P.
2271 4353 2512 4438 Henry
2557 4357 2992 4439 conscriptam
3049 4354 3353 4440 ablegare
3408 4356 3512 4432 (Τ.
3560 4356 3687 4422 111.
3736 4357 3908 4441 App.
3955 4377 4016 4439 p.
4067 4358 4220 4437 205)
4277 4377 4445 4440 quae

410 4480 631 4539 tamen
675 4471 1091 4555 aliquatenus
1135 4469 1594 4536 emendatione
1638 4468 1908 4553 indiget.
2000 4466 2270 4534 Scilicet
2312 4464 2527 4530 versio
2571 4466 2951 4552 Mylhusiae
3008 4468 3079 4531 in
3123 4467 3381 4533 Alsatia
3425 4489 3479 4533 a.
3535 4471 3697 4533 1569
3743 4469 4067 4554 impressa
4112 4468 4192 4533 ab
4237 4467 4446 4532 altera

410 4584 543 4652 Iac.
589 4583 1030 4671 Eysenbergii
1070 4583 1338 4648 omnino
1382 4582 1644 4648 diversa
1700 4587 1833 4659 est;
1889 4578 2249 4646 Fischartii
2303 4597 2460 4644 vero
2520 4579 2927 4660 prooemium
2970 4580 3298 4662 po'eticum
3345 4580 3475 4646 iam
3532 4588 3686 4646 ante
3731 4602 3787 4646 a.
3840 4583 4001 4644 1584
4048 4580 4116 4643 in
4163 4576 4448 4644 editione

412 4696 635 4781 aliqua
678 4697 835 4761 anni
875 4693 1349 4779 praecedentis,
1396 4715 1592 4778 quam
1637 4693 1762 4776 ipsi
1808 4690 2236 4775 possidemus,
2283 4694 2516 4755 exstat.
