4999 6179
1473 1715 1871 1785 GONSILI
1875 1715 2023 1785 ΠΜ
2059 1714 2524 1784 PHILIPPI
2562 1715 3420 1786 MELANGHTHONIS.

424 1905 1570 2080 &newercam
1587 1909 2163 2075 fflwffm
2177 1905 2397 2057 :mm

426 2082 643 2151 Deum
668 2102 820 2148 vero
851 2081 1074 2147 timore
1102 2084 1161 2145 et
1198 2099 1352 2145 vera
1379 2076 1508 2160 fide
1540 2069 1759 2159 colant,
1803 2082 1861 2143 et
1886 2078 2141 2162 fuqiant
2182 2079 2398 2143 omnia

427 2169 604 2237 idola
659 2167 935 2247 ethnica,
993 2164 1437 2244 mahometica,
1491 2165 1808 2232 haeretica
1860 2169 1918 2228 et
1973 2183 2400 2263 quarumcun-

425 2275 546 2339 que
587 2259 901 2322 sectarum
951 2256 1269 2336 portenta,
1301 2215 1668 2335 puq’nantia
1708 2269 1851 2317 cum
1889 2248 2067 2316 verbo
2110 2249 2271 2331 Dei,
2325 2251 2398 2315 in

425 2361 548 2426 quo
601 2361 669 2406 se
720 2359 910 2406 verus
951 2338 1134 2406 Deus
1177 2338 1506 2438 patefecit.-
1559 2337 1910 2405 Dominum
1952 2334 2166 2402 Deum
2219 2340 2401 2402 tuum

423 2426 743 2506 adorabis,
783 2429 843 2491 et
879 2425 986 2491 illi
1025 2424 1146 2490 soli
1178 2424 1412 2490 servies
1454 2423 1827 2508 (Matth.4,
1872 2422 2001 2507 10).

605 2512 738 2580 Nec
785 2516 1029 2577 tantum
1081 2511 1351 2576 interior
1400 2509 1606 2577 cultus
1656 2509 2045 2576 necessarius
2107 2512 2223 2588 est,
2289 2509 2401 2576 sed

426 2599 615 2666 etiam
657 2603 918 2665 eoeterna
958 2595 1355 2681 siqwificatiO,
1394 2615 1508 2664 seu
1549 2596 1870 2680 confessiO,
1912 2615 2025 2661 seu
2051 2594 2401 2678 professio.-

434 2685 564 2768 Qui
584 2684 907 2783 neqaverit
925 2703 1024 2750 me
1061 2702 1275 2748 coram
1293 2680 1658 2748 hominibus
1659 2680 1954 2766 ,neqabo
2000 2701 2145 2747 eum
2184 2701 2400 2748 coram

420 2776 607 2855 patre
637 2770 881 2839 coelesti
924 2768 1199 2855 (Matth.
1243 2772 1341 2849 10,
1379 2768 1512 2853 33).
1579 2731 1787 2853 Neqat
1826 2770 2051 2849 autem,
2094 2768 2206 2849 qui
2238 2787 2398 2833 nun·

428 2878 626 2957 quam
664 2861 876 2939 aperte
918 2855 1264 2961 confitetur,
1316 2855 1443 2921 imo
1488 2854 1678 2921 etiam
1723 2860 2080 2954 perseverat
2121 2853 2192 2918 in
2233 2854 2400 2920 testi-

428 2945 661 3010 moniis
703 2942 1042 3009 contrariis
1085 2943 1276 3006 'verae
1318 2941 1722 3008 invocationi.-
1778 2940 1927 3025 leqit
1966 2942 2230 3019 missas,
2289 2945 2400 3005 aut

431 3029 656 3097 adorat
701 3048 970 3114 panem,
1027 3015 1142 3093 aut
1193 3030 1454 3094 statuas.
1551 3027 1729 3109 Quod
1773 3026 1942 3094 enim
1997 3026 2261 3109 quidam
2301 3026 2400 3101 di-

434 3122 606 3197 cunt,
660 3137 730 3182 se
781 3135 907 3180 non
963 3134 1218 3198 neqare,
1276 3114 1385 3180 sed
1440 3115 1877 3198 interroqatos,
1939 3113 2215 3178 dicturos
2267 3133 2398 3179 esse

436 3203 607 3288 quod
647 3203 938 3280 sentiant,
982 3220 1090 3267 nec
1131 3219 1290 3281 opus
1334 3220 1466 3265 esse
1507 3200 1645 3267 sine
1686 3199 2002 3266 vocatione
2033 3198 2398 3280 periculum

435 3308 777 3357 accersere:
819 3289 935 3352 etsi
973 3286 1122 3353 haec
1163 3306 1312 3351 vera
1346 3291 1508 3365 sunt,
1552 3290 1761 3352 tamen
1803 3287 2040 3351 interea
2085 3304 2212 3350 non
2251 3289 2401 3351 sunt

433 3375 755 3442 contraria
827 3372 1093 3440 acienda
1121 3392 1304 3437 verae
1344 3372 1739 3438 invocationi.
1842 3371 1924 3438 Ut
1964 3372 2025 3436 si
2068 3372 2214 3454 quis
2254 3390 2400 3453 cap-

432 3462 606 3528 tivus
635 3481 714 3526 ex
810 3458 1169 3538 hristianis,
1204 3459 1417 3524 vivens
1446 3460 1612 3524 inter
1651 3458 1915 3537 Parcas,
1959 3458 2190 3522 tacitus
2221 3456 2399 3539 apud

434 3568 567 3615 sese
613 3544 934 3612 Christum
968 3546 1296 3624 invocaret,
1342 3565 1452 3610 nec
1492 3550 1700 3610 tamen
1731 3550 1985 3609 externa
2006 3543 2399 3625 professione

438 3638 585 3714 [pag.
633 3637 744 3713 99]
789 3652 974 3696 suam
1013 3630 1202 3712 fidem
1244 3631 1612 3709 ostenderet,
1668 3631 1795 3696 imo
1825 3631 2030 3695 ‘etiam
2081 3631 2401 3695 interesset

434 3720 694 3787 tmcicis
746 3717 983 3785 sacris.-
1034 3715 1211 3782 haud
1262 3716 1449 3782 dubie
1495 3736 1648 3782 reus
1701 3721 1859 3783 esset
1911 3720 2206 3781 aeternae
2258 3716 2398 3780 irae

436 3805 584 3873 Dei.
675 3803 802 3871 Sed
843 3803 1195 3902 ubicunque
1235 3821 1486 3882 sumus,
1540 3804 1674 3867 sive
1725 3803 1892 3868 inter
1942 3802 2211 3882 Tur-cas,
2267 3801 2400 3866 sive

437 3893 601 3959 inter
632 3891 996 3969 haereticos,
1040 3890 1175 3954 sive
1216 3889 1382 3955 inter
1422 3909 1564 3954 vere
1592 3890 1774 3969 pios,
1816 3887 2135 3955 interdum
2175 3887 2399 3970 aliqua

436 3979 739 4062 confessio
794 3975 1151 4044 necessaria
1194 3980 1316 4041 est:
1368 3979 1426 4040 et
1478 3979 1637 4041 certe
1690 3975 2017 4041 contraria
2071 3994 2252 4040 verae
2300 3975 2398 4040 in-

436 4064 747 4134 vocationi
801 4083 927 4129 non
980 4067 1128 4126 sunt
1178 4061 1495 4144 facienda.
1589 4058 1667 4127 Si
1716 4062 1867 4143 quis
1916 4059 2116 4144 iqitur
2167 4064 2256 4126 est
2297 4080 2399 4125 sa-

439 4151 761 4236 crificulus
815 4154 929 4215 aut
979 4146 1350 4229 monachus,
1403 4152 1461 4213 et
1499 4148 1740 4231 coqitur
1785 4146 2022 4213 missas
2074 4145 2395 4225 celebrare,

435 4243 509 4304 ut
549 4243 783 4318 vocant,
824 4237 886 4301 si
924 4234 1216 4318 intelliqit
1247 4254 1314 4300 se
1349 4234 1545 4317 impie
1570 4235 1797 4317 facere,
1838 4234 2080 4299 omittat
2113 4252 2222 4298 eas
2247 4232 2399 4297 mis-

435 4345 573 4406 sas,
617 4344 727 4391 nec
769 4327 918 4407 aqat
959 4324 1172 4386 contra
1214 4321 1681 4387 conscientiam.-
1736 4338 1844 4384 nec
1874 4323 2079 4401 potest
2119 4319 2398 4384 inveniri

434 4410 755 4478 excusatio
807 4409 949 4475 ulla
989 4407 1139 4491 pia,
1196 4426 1313 4472 cur
1354 4406 1538 4474 biceat
1588 4406 1852 4472 retinere
1895 4424 2034 4471 eam
2075 4409 2396 4470 consuetu—

435 4499 663 4565 dinem.
753 4494 935 4563 Idem
977 4494 1115 4559 dico
1149 4492 1226 4559 de
1267 4492 1468 4592 laicis.
1557 4492 1668 4559 Ea
1692 4492 1742 4577 ¹)
1786 4510 1947 4574 quae
1987 4495 2218 4557 nommt
2257 4511 2397 4557 vere

435 4606 570 4653 esse
632 4583 948 4650 idolomm
1001 4579 1228 4658 cultus,
1302 4580 1345 4661 f
1631 4580 1818 4644 iuxta
1893 4576 2095 4643 illud:
2169 4575 2398 4659 Fuqite

434 4671 610 4738 idola
653 4670 720 4756 (1
760 4668 993 4733 Ioann.
1037 4670 1093 4745 5,
1134 4665 1266 4749 21).
1456 4669 1526 4730 nt
1580 4669 1786 4732 autem
1825 4664 2152 4746 manifesti
2194 4662 2398 4728 cultus

435 4757 764 4833 idolormn,
808 4754 1114 4819 invocatio
1156 4755 1529 4831 sanctorum,
1569 4752 1681 4834 qui
1722 4771 1800 4816 ex
1842 4750 1959 4816 hac
1999 4750 2130 4815 vita
2173 4749 2399 4816 disces-

435 4848 684 4910 serunt.-
729 4839 1036 4906 invocatio
1082 4838 1169 4903 ad
1211 4841 1409 4902 certas
1450 4840 1714 4917 statuas,
1760 4837 2047 4904 adoratio
2081 4835 2284 4917 panis
2327 4836 2399 4901 in

433 4931 660 5014 impiis
702 4927 939 5005 missis,
983 4928 1040 4988 et
1080 4925 1152 4987 in
1195 4923 1778 5023 circumqestatione.

611 5013 846 5097 Aliqui
893 4976 1368 5078 dissimulantes

436 5108 614 5170 mant
689 5098 1022 5167 saevitiam
1100 5116 1333 5179 requm.

438 5270 762 5281 W-—ffl

578 5378 639 5448 1)
674 5377 750 5434 Et
783 5374 922 5432 1576
956 5389 1095 5445 seqq.

2499 1927 2693 1991 quam
2726 1928 2849 1974 non
2887 1907 3195 1992 fugientes
3234 1908 3426 1976 idola.
3518 1905 3790 1990 Propter
3833 1910 3955 1978 has
3996 1931 4245 1994 causas,
4287 1916 4467 1982 tutis·

2499 1985 2741 2059 simum
2768 1999 2926 2060 esset
2967 1993 3277 2061 discedere
3317 2015 3394 2061 ecc
3432 1995 3601 2075 locis,
3643 1993 3758 2061 ubi
3796 1996 4220 2081 defenduntur
4260 2001 4467 2069 cultus

2499 2080 2828 2146 idolorum
2920 2077 3047 2146 Sed
3088 2079 3257 2146 dicat
3298 2081 3556 2163 abiquis,
3597 2101 3723 2146 non
3758 2102 3974 2150 omnes
4006 2105 4192 2183 posse
4232 2087 4304 2151 in
4336 2106 4467 2157 uno

2499 2164 2629 2232 loco
2662 2185 2811 2247 esse,
2848 2186 2955 2231 nec
2976 2186 3166 2247 posse
3200 2167 3513 2234 discedere
3545 2169 3866 2291 coniuqem
3899 2189 3943 2234 a
3984 2172 4139 2253 viro,
4186 2177 4298 2239 aut
4329 2193 4467 2241 ma-

2504 2256 2662 2317 trem
2696 2274 2739 2317 a
2775 2251 3007 2318 liberis.
3063 2251 3195 2319 Hic
3245 2272 3283 2317 r
3595 2252 3814 2320 ·Duo
3854 2261 4006 2322 sunt
4040 2278 4308 2342 qenera3
4347 2258 4470 2325 alii

2502 2344 2650 2404 sunt
2676 2338 2872 2438 firmi,
2909 2338 3030 2405 alii
3052 2344 3202 2405 stmt
3235 2340 3262 2404 i
3558 2337 3687 2405 Sed
3710 2341 3845 2406 sive
3871 2340 4104 2422 firmus
4139 2349 4463 2423 [pag.100]

2503 2430 2593 2490 est
2633 2425 2976 2508 quispiam,
3018 2425 3149 2491 sive
3189 2424 3504 2508 infirmus,
3548 2426 3711 2490 sciat
3740 2428 4113 2494 mandatum
4143 2429 4275 2497 Dei
4316 2449 4467 2510 esse,

2502 2515 2574 2576 ut
2609 2509 2819 2594 fuqiat
2867 2509 3043 2577 idola
3084 2517 3143 2577 et
3182 2512 3460 2579 ostendat
3496 2511 3794 2594 aliquam
3834 2513 4290 2596 confessionem.
4379 2514 4470 2582 Et

2502 2616 2698 2680 quum
2732 2596 2907 2662 alius
2940 2596 3071 2662 alio
3109 2596 3362 2678 tirmior
3393 2598 3496 2679 sit,
3542 2598 3716 2664 alius
3755 2600 4198 2682 confessionem
4240 2602 4466 2687 maqis,
4564 2645 4575 2654 -

2503 2683 2679 2750 alius
2749 2683 2965 2749 minus
3040 2682 3350 2751 illustrem
3418 2684 3698 2750 ostendet.
3802 2685 4075 2756 Ioannes
4147 2688 4467 2771 apostolus

2498 2769 2750 2852 simnior
2803 2775 2939 2835 erat
2981 2768 3352 2837 Nicodemo:
3406 2791 3771 2854 quanquam
3810 2777 4064 2856 uterque
4105 2780 4242 2842 erat
4279 2773 4467 2842 imbe-

2502 2855 2687 2921 cillis.
2782 2853 2912 2920 Pia
2974 2860 3175 2922 mater
3219 2856 3516 2939 familias
3572 2856 3750 2923 habet
3794 2879 4054 2927 causam
4109 2880 4233 2927 non
4274 2859 4465 2943 facile

2502 2940 2856 3008 discedendi
2876 2962 2921 3007 a
2940 2944 3173 3009 marito
3207 2947 3265 3008 et
3297 2964 3340 3008 a
3373 2941 3619 3009 liberis:
3605 2945 3750 3044 ·sed
3771 2949 3979 3011 tamen
4012 2949 4291 3014 ostendat
4328 2966 4464 3013 con-

2496 3028 2833 3112 fessionem
2874 3032 2930 3094 et
2967 3027 3180 3113 fuqiat
3219 3028 3420 3110 idola,
3473 3049 3668 3112 eaque
3708 3030 3780 3096 in
3820 3051 3892 3097 re
3934 3031 4250 3115 proficiat,
4293 3033 4467 3133 dicat

2501 3114 2660 3213 quid
2700 3115 2953 3193 sentiat,
3011 3134 3135 3180 non
3177 3116 3423 3181 accedat
3467 3116 3552 3181 ad
3593 3117 3854 3197 missas,
3912 3119 4080 3184 absit
4126 3142 4171 3185 a
4207 3120 4467 3202 pompis

2501 3202 2572 3266 in
2614 3198 2842 3281 quibus
2874 3202 3387 3284 cib-cumqestatur
3414 3202 3636 3283 panis.

2674 3286 2997 3353 Hactenus
3039 3286 3185 3352 dixi
3225 3287 3302 3353 de
3334 3286 3516 3352 rebus
3556 3289 3943 3353 necessariis.
4014 3287 4215 3370 Saepe
4258 3295 4464 3356 autem

2502 3373 2756 3438 ecclesia
2799 3372 3020 3437 habuit
3074 3372 3330 3455 aliquas
3381 3372 3800 3455 confusiones:
3852 3378 3924 3439 ut
3965 3374 4456 3461 Hierosolymae,

2499 3462 2764 3540 tempore
2801 3457 3171 3558 Zachariae,
3216 3459 3489 3525 multum
3511 3463 3649 3525 erat
3688 3460 4057 3526 vitiosorum
4089 3461 4367 3528 cultuum
4408 3466 4465 3527 et

2488 3565 2852 3625 pravarum
2895 3544 3263 3626 opinionum
3318 3546 3389 3610 in
3432 3545 3688 3628 templo:
3732 3551 3790 3612 et
3832 3552 4038 3612 tamen
4073 3566 4141 3613 eo
4173 3569 4326 3615 vera
4367 3568 4460 3614 ec·

2497 3630 2693 3696 clesia
2767 3631 2955 3696 etiam
3020 3631 3440 3712 conveniebat,
3520 3636 3593 3696 ut
3655 3629 4043 3714 Zacharias,
4108 3631 4463 3714 Elisabeth,

2503 3715 2749 3782 Maria.
2846 3716 2997 3784 Tali
3049 3722 3317 3799 tempore
3370 3716 3440 3783 hi
3495 3718 3608 3799 qui
3660 3722 3809 3783 sunt
3862 3719 3937 3785 in
3991 3719 4134 3785 suis
4188 3720 4466 3786 ecclesiis

2499 3808 2714 3884 aperte
2747 3802 3090 3886 improbent
3126 3822 3386 3882 errores,
3432 3809 3501 3868 ut
3538 3802 3685 3884 fecit
3729 3804 4100 3896 Zacharias,
4142 3806 4311 3873 ritus
4350 3826 4464 3873 au-

2499 3894 2625 3955 tem‘
2663 3888 2847 3954 bonos
2888 3894 3001 3955 aut
3038 3886 3421 3971 adiaphoros
3461 3910 3716 3956 servare
3744 3883 4044 3972 possunt.

2692 3974 2841 4041 Volo
2885 3975 3064 4057 pios,
3116 3974 3335 4075 firmos
3379 3981 3437 4041 et
3476 3976 3794 4057 infirmos,
3847 3978 4133 4043 accedere
4188 3978 4275 4044 ad
4315 3977 4465 4060 bap-

2499 4061 2758 4127 tismum
2813 4061 3164 4144 infantum,
3221 4062 3291 4126 in
3345 4064 3485 4128 suis
3535 4061 3834 4143 ecclesiis,
4160 4083 4241 4129 ue
4297 4070 4458 4131 sunt.

2505 4145 2775 4212 Servare
2831 4148 3021 4213 etiam
3053 4152 3324 4228 possunt
3365 4149 3529 4213 ritus
3580 4148 3995 4232 adiaphoros,
4053 4155 4126 4215 ut
4166 4151 4461 4217 interesse

2499 4233 2748 4299 lectioni
2800 4232 3201 4315 psalmorum
3261 4235 3333 4297 in
3403 4235 3773 4334 vespertinis
3815 4198 4110 4318 precibus
4185 4242 4242 4301 et
4306 4236 4463 4303 aliis

2501 4319 2771 4385 honestis
2828 4319 3280 4403 conqressibus,
3347 4320 3405 4385 et
3454 4323 3515 4386 si
3583 4324 3731 4400 [pag.
3790 4326 3941 4400 101]
4004 4321 4257 4403 aliquid
4316 4322 4463 4387 vitii

2504 4405 2826 4488 aliquibus
2868 4407 3223 4472 admixtum
3266 4413 3384 4486 est,
3442 4408 3598 4490 quia
3641 4408 3713 4472 in
3753 4428 3824 4473 eo
3865 4413 4033 4474 coetu
4072 4414 4221 4474 sunt
4256 4408 4462 4475 adhuc

2501 4491 2708 4574 aliqui
2752 4493 2939 4572 electi,
2986 4496 3044 4557 et
3085 4494 3306 4573 sancti,
3346 4497 3417 4556 ut
3444 4494 3671 4575 pueri:
3713 4498 3771 4558 et
3812 4493 4018 4577 aliqui
4060 4494 4267 4560 adulti
4300 4498 4458 4560 recte

2498 4580 2839 4660 sentientes,
2872 4577 2983 4644 sed
3014 4577 3278 4660 infirmi,
3314 4579 3427 4661 qui
3460 4583 3666 4645 tamen
3698 4583 3847 4647 sunt
3886 4578 4162 4647 membra
4202 4578 4461 4657 Christi,
4536 4666 4541 4673 .
4650 4613 4658 4622 -

2501 4668 2559 4728 et
2600 4669 2745 4729 sunt
2774 4664 3098 4748 paulatim
3118 4666 3525 4747 provehendi.

2682 4748 2806 4816 Sed
2858 4751 3028 4817 dicat
3082 4751 3351 4835 aliquis,
3413 4751 3489 4816 Si
3540 4773 3665 4818 non
3720 4751 4009 4817 accedam
4060 4751 4146 4818 ad
4197 4752 4454 4831 missas,

2502 4837 2588 4903 ad
2620 4857 2890 4921 pompas
2917 4837 3238 4919 publicas,
3285 4859 3481 4923 quum
3518 4842 3796 4923 qestatur
3835 4842 4312 4912 sacramentum,
4354 4859 4460 4902 ra-

2490 4924 2653 5007 piar
2692 4923 2779 4988 ad
2817 4924 3214 5006 supplicium.
3287 4923 3399 4990 Ad
3430 4924 3502 4990 id
3529 4923 3892 5004 respondeo.-
3938 4922 4263 5007 Requlam,
4301 4942 4460 5005 quae

1424 5010 1708 5160 qugiitam
1759 5010 2109 5089 veritatem,
2177 5006 2401 5089 confir-
2503 5012 2670 5076 docet
2722 5009 2875 5092 quid
2928 5010 3012 5074 sit
3050 5010 3442 5092 faciendum,
3503 5015 3716 5075 notam
3758 5029 3916 5089 esse,
3970 5011 4080 5076 sed
4132 5008 4318 5074 aliud
4369 5013 4461 5073 est

1589 5094 1778 5160 etiam
1855 5094 2064 5180 maqis
2125 5098 2400 5178 peccant,
2504 5096 2679 5178 loqui
2721 5095 2799 5161 de
2837 5096 3072 5181 requla,
3114 5096 3302 5162 aliud
3335 5095 3409 5162 de
3437 5095 3618 5178 facto.
3708 5094 3957 5179 Requla
3999 5100 4106 5175 est,
4150 5099 4219 5160 ut
4241 5095 4460 5176 potius

2506 5182 2793 5250 discedas
2849 5203 2927 5248 ex
2979 5181 3119 5248 illis
3173 5181 3350 5262 locis,
3407 5202 3600 5265 quam
3648 5182 3868 5249 venias
3910 5182 3996 5248 ad
4037 5179 4457 5263 supplicium.-

2505 5270 2911 5351 acinfirmis
2959 5267 3226 5351 facilius
3273 5275 3362 5334 est
3416 5269 3723 5334 sustinere
3787 5269 4111 5335 exsilium.-
4173 5266 4285 5332 sed
4346 5265 4459 5347 qui

2498 5379 2611 5428 nec
2650 5356 2908 5438 exsilia,
2962 5377 3069 5424 nec
3122 5355 3439 5440 supplicia
3495 5356 3804 5424 sustinere
3840 5354 4078 5436 volunt,
4129 5351 4310 5421 valde
4362 5353 4459 5420 in-
