4999 6179
385 439 505 504 321
675 416 690 423 “
1871 437 2000 503 DE
2043 436 2401 505 LIBERO
2444 439 2921 508 ARBI'PRIO.
4283 449 4411 513 322

384 627 544 691 tioni
581 624 912 708 relinquat
942 625 1174 704 locum,
1212 625 1360 690 ideo
1388 625 1635 690 donum
1657 647 1800 691 esse
1831 627 2085 711 gratiae
2120 626 2338 705 fidem,
2391 646 2397 713 ῑ
2447 649 2610 692 num
2666 627 3069 709 faciendum,
3127 630 3572 696 confitendum
3629 640 3729 697 est
3780 653 3900 698 nos
3958 633 4233 699 habere:
4293 636 4413 701 sed

385 713 537 796 quia
580 710 873 795 generali
914 711 1344 793 inspiratione
1388 732 1620 776 omnes
1667 712 1750 777 ad
1795 712 2198 778 credendum
2237 714 2341 777 in·
2391 746 2396 807 1
2445 713 2518 779 111
2560 714 2733 779 malo
2776 715 3073 781 faciendo
3133 716 3302 781 liber
3343 725 3446 782 est
3486 719 3759 801 quisque
3807 718 4102 786 iustitiae
4142 740 4408 786 servus-

384 798 551 863 vitet
592 798 777 863 Deus
822 810 888 861 et
926 799 1181 875 excitet,
1227 799 1515 863 occurrit
1556 800 1713 881 ipse,
1756 798 1916 863 dum
1952 796 2151 878 addit,
2199 797 2342 864 dari
2391 810 2396 869 1
2447 820 2575 882 que
2619 803 2892 882 peccati:
2951 802 3023 866 111
3078 802 3248 868 bono
3308 811 3531 868 autem
3586 803 3756 869 liber
3806 824 3949 868 esse
3994 805 4217 870 nullus
4260 816 4406 890 pot-

387 883 774 967 quibusdam
821 883 945 947 hoc
991 883 1262 961 donum,
1309 894 1377 947 et
1420 883 1567 949 aliis
1611 906 1745 949 non
1791 884 1948 948 dari.
2042 882 2241 964 Quod
2284 885 2341 949 si
2447 898 2567 962 est,
2612 887 2739 951 nisi
2793 888 2993 952 fuerit
3036 898 3189 953 ante
3233 910 3272 952 a
3325 889 3460 953 filio
3504 890 3632 954 Dei
3689 890 4027 955 liberatus.
4117 890 4224 955 Ita
4268 892 4409 958 sola

386 969 778 1035 discutiatur
826 978 894 1034 et
945 980 1329 1051 quaeratur,
1388 968 1564 1034 unde
1608 972 1881 1054 quisque
1935 971 2024 1034 sit
2080 969 2338 1052 dignus,
2446 969 2579 1035 Dei
2644 973 2856 1055 gratia
2919 972 3287 1038 liberantur
3352 975 3652 1040 homines
3720 997 3760 1040 a
3818 976 3991 1040 malo
4002 1000 4018 1056 ;
4087 977 4229 1041 sine
4282 978 4407 1045 hae

385 1078 517 1121 non
576 1055 841 1134 desunt,
885 1056 1126 1138 inquit,
1175 1056 1289 1139 qui
1335 1055 1584 1135 dicunt,
1632 1055 1971 1121 voluntate
2016 1056 2337 1120 humana:
2390 1052 2397 1205 Ι
2445 1057 2708 1122 nullum
2773 1079 3073 1140 prorsus,
3142 1060 3282 1126 sive
3348 1060 3726 1145 cogitand0‚
3794 1062 3935 1126 sive
4004 1060 4283 1127 volendo
4340 1072 4408 1128 et

386 1163 506 1206 nos
562 1150 784 1207 autem
841 1140 1147 1220 dicimus,
1205 1142 1419 1225 gratia
1471 1150 1540 1206 et
1594 1141 2186 1225 praedestinatione
2242 1141 2340 1205 di·
2447 1142 2747 1224 amando,
2793 1146 2932 1210 sive
2974 1144 3246 1228 agend0‚
3293 1146 3544 1211 faciunt
3577 1147 3857 1213 bonum:
3906 1168 4041 1211 non
4077 1147 4289 1212 solum
4333 1161 4411 1213 ut

387 1230 558 1294 vina.
650 1233 795 1307 [pag.
841 1232 988 1306 123]
1036 1225 1172 1292 Sed
1205 1229 1389 1293 Deus
1431 1227 1629 1293 fidem
1667 1228 1750 1293 ab
1785 1227 2162 1292 hominibus
2201 1229 2340 1291 exi-
2391 1218 2396 1281 1
2442 1238 2861 1295 monstrante
2884 1231 3030 1313 ipsa
3055 1229 3211 1314 quid
3254 1232 3629 1297 faciendum
3665 1235 3752 1297 sit
3787 1234 4015 1311 sciant,
4058 1232 4172 1298 sed
4209 1241 4286 1297 οι
4329 1255 4409 1300 ea

387 1317 500 1399 git.
599 1315 848 1378 Fateor
868 1364 882 1390 ‚
939 1313 1178 1396 inquit:
1238 1313 1448 1378 nihilo
1501 1326 1724 1379 tamen
1783 1313 2002 1378 minus
2058 1322 2158 1378 est
2210 1311 2340 1378 Dei
2391 1288 2396 1417 Ι
2442 1326 2823 1396 praestante
2866 1317 3113 1381 faciant
3156 1339 3309 1381 cum
3353 1317 3701 1384 dilectione
3745 1319 3918 1403 quod
3964 1320 4199 1385 sciunt.
4280 1320 4406 1385 At-

388 1401 650 1467 donum.
740 1399 912 1464 Nam
959 1400 1284 1481 promittit
1327 1400 1523 1465 simul
1567 1400 1701 1465 illis
1743 1400 2070 1465 facturum
2118 1421 2219 1477 se,
2267 1408 2342 1463 ut
2391 1444 2396 1497 Ι
2445 1422 2571 1482 que
2629 1402 2753 1466 hoc
2808 1401 3045 1468 deinde
3089 1403 3354 1468 brevius
3400 1405 3714 1486 explicat:
3777 1405 4124 1482 Voluntas,
4170 1406 4404 1489 inquit,

385 1488 661 1564 faciant,
717 1483 891 1568 quod
944 1486 1085 1549 fieri
1139 1484 1337 1549 iubet.
1430 1485 1762 1565 Quoniam
1807 1494 2030 1550 autem
2073 1486 2340 1569 proprio
2391 1528 2396 1581 ⁴
2445 1486 2742 1552 humana
2784 1509 2916 1552 non
2962 1488 3264 1554 libertate
3300 1490 3721 1571 consequitur
3757 1493 4056 1574 gratiam,
4104 1490 4218 1555 sed
4255 1513 4409 1575 gra-

385 1583 567 1638 motu
586 1624 601 1649 ‚
658 1571 741 1635 ad
786 1570 1230 1652 recipiendam
1273 1571 1403 1636 Dei
1449 1573 1750 1655 gratiam,
1798 1573 2178 1655 praeparari
2224 1572 2341 1636 ho·
2391 1590 2396 1641 ε
2445 1573 2540 1637 tia
2604 1575 2820 1655 potius
2887 1575 3273 1640 libertatem.
3384 1576 3476 1640 Et
3533 1577 3753 1659 priore
3824 1577 3906 1640 ad
3972 1576 4408 1641 Valentinum

386 1661 631 1724 minem
707 1657 904 1740 vulgo
982 1657 1464 1740 imaginantur,
1541 1656 1712 1740 quod
1789 1659 1986 1722 etiam
2057 1658 2396 1741 Pighius}
2445 1658 2611 1723 libro
2659 1659 2946 1725 dixerat:
2997 1659 3276 1743 Semper
3318 1663 3391 1725 in
3436 1662 3624 1727 nobis
3673 1662 3979 1729 voluntas
4025 1672 4127 1727 est
4167 1662 4403 1727 libera:

387 1745 645 1810 fortiter
701 1741 1023 1821 defendit,
1080 1743 1163 1808 ad
1219 1743 1342 1809 hoc
1399 1743 1785 1825 respondet:
1844 1744 2041 1808 Hanc
2094 1745 2340 1827 cogita-
2391 1740 2396 1827 ξ
2445 1744 2561 1808 sed
2604 1767 2735 1809 non
2792 1768 3049 1828 semper
3093 1755 3194 1811 est
3249 1748 3436 1812 bona.
3528 1750 3668 1813 Aut
3715 1748 3893 1812 enim
3952 1771 3992 1812 a
4034 1749 4286 1812 iustitia
4327 1747 4409 1811 li-

389 1834 635 1897 tioncm
676 1828 918 1894 refellit
962 1829 1311 1912 apostolus,
1358 1829 1611 1895 dicens:
1661 1828 1840 1910 Quid
1885 1828 2116 1910 habes,
2165 1830 2339 1912 quod
2391 1834 2396 1899 1
2447 1829 2606 1894 bera
2648 1842 2782 1909 est,
2829 1832 3089 1914 quando
3134 1834 3340 1898 servit
3383 1842 3679 1914 peccat0,
3736 1843 3806 1897 et·
3848 1843 4009 1899 tunc
4053 1844 4155 1898 est
4197 1832 4405 1911 mala:

387 1939 523 1983 non
566 1914 935 1998 acceperis?
1027 1917 1089 1979 A
1131 1937 1286 1997 que,
1342 1916 1470 1981 nisi
1515 1916 1594 1981 ab
1635 1917 1777 1993 1110,
1832 1917 1943 1999 qui
1987 1926 2053 1980 te
2098 1914 2340 1981 discer-
2391 1928 2396 1985 1
2447 1926 2567 1981 aut
2611 1938 2649 1981 a
2691 1929 2957 1999 peccato
3000 1918 3211 1983 libera
3254 1928 3372 1997 est,
3420 1917 3680 2001 quando
3725 1920 3930 1984 servit
3973 1920 4291 1997 iustitiae,
4339 1928 4409 1985 et

389 2004 492 2068 nit
535 2002 615 2067 ab
662 2002 806 2079 alio,
851 2002 956 2065 cui
1001 2021 1137 2064 non
1180 1999 1450 2066 donavit
1491 2002 1663 2084 quod
1699 2001 1862 2067 tibi?
1952 2003 2172 2084 Atque
2216 2001 2340 2066 hu-
2390 1994 2396 2063 Ι
2447 2012 2605 2068 tunc
2657 2018 2759 2067 est
2786 2002 2999 2083 bona.
3091 2003 3326 2068 Gratia
3370 2026 3527 2069 vero
3571 2004 3702 2069 Dei
3752 2026 4011 2088 semper
4053 2015 4156 2070 est
4204 2007 4410 2070 bona:

384 2091 491 2155 ius
537 2089 634 2153 rei
678 2089 751 2152 in
792 2086 1005 2153 Paulo
1066 2087 1207 2169 ipso
1263 2087 1726 2154 documentum
1768 2090 2035 2172 profert.
2126 2089 2341 2152 Aver-
2391 2076 2397 2163 ἶ
2446 2099 2513 2152 et
2554 2109 2673 2171 per
2716 2088 2887 2154 hanc
2930 2091 3022 2164 fit,
3069 2098 3146 2153 ut
3189 2090 3277 2153 sit
3321 2090 3515 2154 homo
3560 2091 3769 2155 bonae
3814 2090 4192 2157 voluntatis.
4272 2089 4411 2156 Sed

386 2195 518 2253 sus,
561 2175 795 2257 inquit,
843 2195 882 2237 a
928 2172 1072 2249 fide,
1121 2194 1319 2255 quam
1363 2175 1694 2254 vastabat,
1755 2176 1942 2257 eique
1988 2174 2340 2239 vehemen-
2392 2174 2613 2251 {forte
2670 2174 2885 2241 lucem
2942 2175 3133 2239 offert
3189 2173 3531 2239 hominum
3571 2177 3936 2253 mentibus,
3999 2198 4198 2259 quam
4241 2177 4409 2243 reci-

384 2270 489 2326 ter
552 2259 901 2338 adversus,
968 2272 1240 2340 repente
1307 2259 1390 2323 ad
1453 2259 1640 2325 illam
1696 2261 1911 2344 gratia
1976 2261 2342 2343 potentiore
2392 2278 2396 2295 ¹
2444 2280 2601 2342 pere
2645 2272 2759 2324 aut
2799 2281 3107 2342 respuere
3151 2262 3221 2324 in
3268 2280 3496 2324 earum
3540 2261 3628 2325 sit
3671 2263 3966 2343 optione;
4024 2271 4091 2326 et
4131 2265 4225 2326 ita
4267 2285 4409 2328 mo·

385 2366 742 2411 conversus
786 2355 914 2410 est:
974 2358 1053 2409 ut
1110 2366 1243 2409 non
1301 2346 1514 2409 solum
1557 2368 1640 2410 ex
1686 2347 1949 2411 nolente
1995 2348 2184 2411 fieret
2229 2366 2340 2409 vo·
2391 2342 2398 2397 1
2444 2356 2558 2411 vet
2588 2345 3017 2421 -voluntates,
3080 2358 3153 2410 ut
3196 2365 3425 2410 earum
3480 2347 3595 2422 sit,
3653 2355 3909 2411 motum
3963 2349 4146 2430 sequi
4200 2348 4411 2430 ipsius

384 2432 530 2498 lens
574 2431 857 2509 credere,
906 2451 1138 2497 verum
1182 2431 1383 2495 etiam
1426 2454 1510 2496 ex
1553 2442 2020 2515 persequutore
2065 2438 2342 2513 paratus
2393 2454 2397 2477 ·
2447 2444 2563 2495 aut
2626 2452 2760 2495 non
2830 2433 3029 2514 sequi.
3135 2430 3245 2497 Ad
3311 2430 3436 2496 hoc
3493 2432 3884 2515 respondet:
3955 2430 4030 2497 Si
4100 2444 4411 2515 operatur

386 2518 470 2584 ad
514 2517 1054 2601 persequutiones
1097 2516 1420 2581 ferendas.
1510 2516 1712 2582 Item:
1772 2517 1998 2597 Quum
2040 2519 2225 2582 Deus
2272 2537 2342 2581 se
2393 2518 2398 2591 i
2448 2515 2636 2581 Deus
2680 2516 2879 2582 fidem
2923 2525 3238 2593 nostram,
3285 2517 3453 2580 miro
3498 2517 3693 2583 modo
3740 2539 3941 2602 agens
3986 2520 4058 2581 in
4102 2518 4407 2585 cordibus

386 2606 716 2670 facturum
760 2603 1117 2687 promittit,
1178 2612 1253 2667 ut
1298 2603 1545 2669 faciant
1586 2604 1886 2669 homines
1930 2603 2106 2687 quod
2151 2623 2342 2686 prae·
2393 2616 2398 2669 1
2447 2603 2692 2668 nostris
2740 2612 2815 2666 ut
2869 2601 3244 2679 credamus,
3303 2603 3626 2685 numquid
3685 2602 4109 2668 metuendum
4168 2612 4269 2669 est
4322 2625 4409 2669 ne

386 2691 570 2773 cipit,
638 2711 773 2755 non
838 2698 1011 2755 tacet
1075 2691 1274 2754 etiam
1343 2689 1582 2754 merita
1636 2711 1892 2767 eorum,
1959 2688 2073 2754 sed
2138 2687 2340 2753 mala:
2393 2678 2398 2747 Ι
2449 2697 2662 2752 totum
2705 2690 2917 2753 facere
2962 2710 3095 2753 non
3139 2688 3375 2771 possit,
3422 2698 3490 2753 et
3531 2687 3676 2753 ideo
3720 2689 3914 2753 homo
3971 2691 4220 2772 primas
4271 2692 4411 2755 eius

386 2777 623 2860 quibus
687 2775 1004 2853 ostendit,
1073 2773 1346 2840 reddere
1413 2797 1484 2841 se
1543 2775 1713 2841 bona
1772 2798 1889 2860 pro
1939 2775 2159 2853 malis,
2217 2774 2342 2839 hoc
2450 2775 2575 2838 sibi
2626 2774 2934 2841 vendicat
2985 2782 3236 2857 partes,
3297 2783 3372 2839 ut
3428 2774 3750 2840 secundas
3795 2795 3835 2839 a
3877 2776 4021 2839 Deo
4080 2774 4405 2858 accipiat?

386 2865 557 2945 ipso,
617 2860 793 2944 quod
847 2882 956 2927 eos
1020 2860 1328 2944 deinceps
1387 2863 1544 2926 facit
1598 2861 1840 2926 habere
1899 2860 2070 2926 bona
2123 2882 2338 2943 opera.
2448 2860 2652 2924 Item:
2700 2860 2950 2925 Nolens
2995 2871 3130 2924 tam
3177 2859 3371 2926 claris
3416 2860 3829 2939 testimoniis,
3858 2860 3908 2943 ¹)
3967 2861 4201 2944 quibus
4244 2861 4413 2926 fides

384 2951 653 3015 Postea:
711 2948 838 3012 Est
880 2948 1080 3012 etiam
1124 2947 1562 3012 clarissimum
1618 2948 1843 3013 lumen
1896 2945 2339 3030 praedestina·
2395 3000 2399 3017 .
2449 2945 2577 3011 Dei
2640 2969 2783 3012 esse
2838 2946 3083 3011 donum
3143 2948 3490 3025 asseritur,
3559 2954 3626 3010 et
3687 2958 3910 3011 tamen
3964 2946 4192 3011 volens
4248 2968 4288 3012 a
4342 2968 4412 3013 se

387 3036 580 3101 tionis
642 3042 710 3099 et
773 3035 1026 3118 gratiae
1078 3034 1217 3115 ipse
1282 3032 1602 3098 mediator
1654 3034 1782 3099 Dei
1847 3044 1916 3099 et
1980 3033 2341 3110 hominum,
2395 3056 2399 3096 ι
2446 3033 2590 3115 ipso
2634 3032 2757 3098 sibi
2793 3054 2935 3099 esse
2971 3032 3143 3116 quod
3185 3031 3410 3108 credit,
3449 3032 3636 3115 quasi
3672 3042 4021 3115 componat
4055 3052 4207 3098 cum
4243 3033 4406 3112 Deo,

386 3124 499 3205 qui
555 3131 631 3186 ut
681 3121 803 3186 hoc
846 3129 1047 3196 esset,
1102 3118 1338 3201 quibus
1381 3119 1646 3184 tandem
1700 3121 1838 3185 suis
1883 3119 1993 3185 vel
2037 3117 2194 3184 fidei
2238 3118 2344 3186 vel
2394 3139 2400 3272 Ι
2449 3129 2526 3181 οι
2564 3129 2818 3200 partem
2863 3119 3017 3183 fidei
3070 3119 3192 3185 sibi
3236 3118 3572 3197 vendicet,
3630 3129 3824 3201 atque
3867 3119 3967 3183 1111
4010 3127 4265 3201 partem
4308 3140 4412 3185 re-

387 3229 662 3293 operum
716 3205 1001 3282 meritis,
1061 3213 1300 3269 natura
1355 3204 1673 3282 humana,
1731 3226 1900 3287 quae
1952 3205 2024 3269 in
2067 3205 2180 3270 illo
2224 3213 2341 3282 est,
2448 3203 2736 3287 linquat:
2787 3215 2871 3283 et,
2919 3204 3090 3286 quod
3136 3213 3237 3269 est
3280 3203 3654 3286 superbius,
3701 3205 3986 3288 primam
4032 3204 4205 3268 tollit
4247 3204 4407 3287 ipse,

389 3290 838 3378 comparavit?
930 3289 1126 3370 Quod
1162 3291 1302 3354 eius
1347 3291 1609 3366 bonum,
1646 3291 2116 3373 qualecunque,
2153 3311 2342 3373 prae·
2395 3285 2400 3354 1
2453 3299 2835 3371 sequentem
2901 3290 3013 3354 dat
3081 3289 3198 3354 illi.
3310 3289 3519 3355 Vides
3584 3299 3659 3355 ut
3724 3290 3907 3355 nullo
3971 3290 4167 3355 modo
4234 3292 4415 3355 inter

387 3381 625 3447 cessit?
717 3377 943 3459 Quum
982 3377 1105 3442 sim
1151 3377 1365 3452 hom0‚
1413 3376 1585 3458 quod
1632 3389 1698 3441 et
1740 3376 1851 3441 ille
1895 3385 2012 3454 est,
2058 3398 2176 3441 cur
2209 3395 2343 3439 non
2395 3383 2401 3462 ξ
2449 3377 2671 3440 Deum
2710 3386 2777 3440 et
2820 3375 3152 3440 hominem
3200 3374 3501 3440 dimidiet
3544 3376 3654 3441 vel
3696 3378 4051 3459 partiatur,
4097 3376 4213 3442 sed
4257 3377 4413 3442 5011-

389 3489 567 3544 sum,
615 3464 787 3548 quod
830 3463 976 3538 ille,
1037 3463 1214 3530 filius
1259 3461 1429 3542 Dei?
1522 3464 1617 3526 At
1657 3462 1771 3526 ille
1816 3462 2029 3546 gratia
2074 3461 2226 3526 talis
2269 3482 2345 3526 ac
2396 3467 2400 3510 ἵ
2452 3461 2611 3525 (10111
2663 3460 2811 3526 Βο0
2866 3459 3193 3526 concedat.
3297 3461 3556 3525 Verum
3628 3466 3775 3540 [pag.
3822 3466 3968 3541 125]
4011 3471 4241 3546 postea
4297 3484 4416 3527 ex-

388 3563 616 3617 tantus
661 3563 777 3615 est.
853 3554 992 3614 Cur
1036 3548 1298 3613 diversa
1335 3559 1436 3612 est
1472 3549 1702 3631 gratia,
1744 3547 1853 3611 ubi
1899 3557 2137 3612 natura
2172 3569 2344 3613 com-
2397 3519 2402 3588 ί
2450 3547 2640 3629 ponit
2696 3547 2892 3631 longe
2936 3547 3204 3613 clarius:
3267 3546 3447 3626 Quid
3491 3557 3593 3613 cst
3644 3546 3729 3613 ad
3773 3547 4118 3615 Christum
4164 3551 4411 3628 venire,

386 3637 652 3704 munis?
743 3638 1083 3720 Appareat
1125 3635 1313 3700 nobis
1346 3634 1418 3698 in
1462 3634 1675 3716 capite
1711 3635 1848 3716 ipse
1888 3635 2033 3698 fons
2073 3635 2342 3717 gratiae.
2396 3593 2402 3732 1
2451 3632 2583 3697 nisi
2627 3633 2696 3697 in
2742 3632 3083 3698 Christum
3145 3632 3452 3698 credere?
3543 3633 3692 3698 Hoc
3734 3643 3812 3698 ut
3853 3636 3997 3714 fiat,
4042 3643 4234 3718 pater
4279 3634 4410 3700 dat.

388 3724 514 3790 Ille
559 3723 798 3806 quippe
854 3742 975 3786 nos
1019 3721 1287 3787 credere
1331 3719 1486 3786 fecit
1530 3722 1598 3784 in
1640 3719 2016 3797 Christum,
2072 3719 2185 3801 qui
2229 3741 2346 3783 no·
2397 3741 2402 3792 ι
2453 3717 2631 3799 Quid
2675 3727 2777 3784 est
2800 3720 3010 3784 enim:
3060 3717 3446 3802 Omnisqui
3471 3719 3728 3786 audivit
3763 3743 3802 3786 a
3824 3729 4010 3804 patre
4056 3730 4123 3785 et
4163 3720 4409 3800 didicit,

388 3811 494 3876 bis
549 3809 704 3875 fecit
760 3809 830 3873 in
874 3829 1068 3890 quem
1112 3807 1441 3872 credimus
1486 3805 1861 3871 Christum:
1921 3805 2034 3870 ille
2079 3806 2235 3871 facit
2277 3805 2346 3869 111
2398 3797 2403 3876 ἔ
2453 3806 2637 3869 venit
2679 3804 2762 3868 ad
2807 3827 2939 3880 me,
2988 3806 3140 3870 nisi:
3197 3804 3418 3870 nullus
3465 3815 3593 3884 est,
3655 3808 3766 3888 qui
3813 3806 4038 3871 audiat
4091 3815 4159 3870 et
4204 3807 4414 3872 discat

387 3895 766 3962 hominibus
808 3894 1202 3976 principium
1249 3902 1313 3958 et
1356 3893 1817 3974 perfectionem
1863 3891 2015 3955 fidei
2057 3892 2128 3955 111
2171 3892 2346 3969 1050,
2399 3879 2403 3932 ³
2454 3912 2493 3954 a
2525 3898 2743 4040 sEatre,
2791 3899 2859 3955 et
2901 3911 3035 3955 non
3080 3893 3305 3955 veniat
3349 3891 3429 3955 ad
3477 3890 3629 3956 me?
3700 3890 3778 3958 Si
3822 3893 4001 3957 enim
4046 3894 4259 3956 omnis
4297 3893 4411 3975 qui

387 3984 501 4068 qui
550 3982 707 4047 fecit
747 3980 1111 4058 hominem,
1166 3979 1533 4063 principem
1577 3978 1728 4044 fidei
1774 3989 1840 4043 et
1899 3979 2345 4060 perfectorem,
2454 3975 2521 4038 di
2574 3978 2584 3989 '

2593 3976 2681 4040 cit
2726 3998 2764 4040 a
2808 3985 2995 4057 patre
3032 3977 3228 4054 venit,
3266 3979 3553 4058 profecto
3598 3979 3655 4042 is
3703 3979 3813 4059 qui
3858 3999 3992 4041 non
4028 3978 4231 4055 venit,
4278 4000 4413 4043 non

387 4070 630 4135 Iesum.
723 4066 921 4130 Item:
979 4067 1159 4149 Ergo
1203 4067 1374 4131 sicut
1413 4066 1611 4148 elegit
1653 4085 1802 4142 1105,
1848 4066 1946 4127 ita
1990 4071 2198 4140 vocat,
2246 4085 2346 4127 se-
2454 4059 2696 4126 didicit.
2788 4061 2999 4127 Paulo
3036 4069 3208 4144 post:
3266 4063 3451 4128 Haec
3494 4065 3737 4146 gratia,
3784 4083 3949 4145 quae
3992 4063 4240 4127 occulte
4286 4064 4411 4128 hu-

389 4152 686 4222 cundum
741 4152 1059 4236 placitum
1102 4152 1460 4216 voluntatis
1507 4173 1692 4216 suae:
1753 4171 1837 4214 ne
1892 4150 1960 4213 in
2008 4156 2190 4213 tanto
2234 4150 2344 4213 be-

2452 4148 2668 4212 manis
2725 4147 3028 4213 cordibus
3087 4147 3431 4226 tribuitur,
3491 4171 3530 4211 a
3574 4148 3757 4212 nullo
3803 4149 3965 4212 duro
4006 4148 4200 4213 eorde
4246 4152 4411 4216 reci-

387 4242 649 4316 nefici0‚
706 4239 944 4322 placito
1003 4237 1359 4321 gloriemur
1403 4236 1758 4301 voluntatis
1804 4243 2086 4300 nostrae.
2145 4236 2342 4300 Item:
2452 4234 2648 4316 pitur.
2738 4234 2895 4298 Ideo
2954 4234 3191 4316 quippe
3236 4232 3456 4308 datur,
3520 4247 3595 4296 ut
3637 4233 3853 4299 cordis
3897 4234 4137 4298 duritia
4181 4236 4410 4317 primi-

389 4326 764 4392 Attendant
821 4346 948 4408 quo
1003 4321 1197 4386 modo
1255 4323 1610 4398 falluntur,
1669 4322 1780 4404 qui
1837 4329 2077 4403 putant
2120 4343 2262 4386 esse
2309 4341 2348 4384 a
2398 4329 2403 4380 Ι
2453 4331 2560 4383 tus
2625 4320 2974 4384 auferatur.
3084 4319 3285 4383 Item:
3352 4318 3548 4384 Absit
3613 4340 3802 4403 erg0,
3870 4331 3943 4384 ut
3997 4341 4128 4385 non
4188 4323 4412 4385 veniat

389 4413 596 4491 nobis,
643 4433 775 4475 non
823 4410 966 4474 dari
1011 4411 1219 4487 nobie,
1265 4417 1338 4472 ut
1382 4416 1699 4489 petamus,
1746 4428 2154 4489 quaeramus,
2200 4407 2345 4488 pul·
2452 4405 2607 4488 quia
2642 4426 2681 4468 a
2724 4417 2909 4488 patre
2956 4405 3199 4469 didicit.
3293 4403 3428 4468 Sed
3468 4425 3687 4486 quare,
3726 4407 4053 4489 inquiunt,
4101 4428 4231 4469 non
4272 4428 4410 4471 om-

389 4519 643 4576 500105,
700 4507 767 4561 οι
825 4497 947 4563 hoc
1015 4517 1157 4560 esso
1202 4494 1459 4571 dicuns,
1506 4515 1634 4576 quo
1679 4493 1896 4575 gratia
1938 4493 2348 4575 praeceditur
2452 4513 2572 4556 nes
2618 4491 2847 4557 docet?
2941 4490 3015 4556 Si
3063 4490 3452 4567 dixerimuS,
3500 4492 3655 4572 quia
3699 4492 3929 4556 nolunt
3974 4492 4249 4568 discere,
4305 4513 4409 4556 re-

388 4583 627 4648 merito
672 4591 919 4658 nostr0‚
965 4590 1038 4646 ut
1083 4587 1394 4662 sequatur
1441 4585 1588 4658 [pag.
1635 4583 1779 4657 124]
1814 4579 1945 4655 illa,
1993 4600 2194 4659 quum
2242 4599 2345 4643 ac-
2397 4533 2403 4672 1
2453 4577 2906 4658 spondebitur:
2969 4577 3061 4641 Et
3103 4577 3215 4640 ubi
3261 4585 3361 4641 est
3402 4576 3595 4640 illud:
3659 4579 3973 4654 Domine,
4024 4589 4091 4640 tu
4137 4598 4407 4640 eonver-

387 4670 666 4752 cipimus
711 4679 1028 4750 petentes,
1067 4668 1440 4731 invenimus
1483 4673 1900 4748 quaerentes:
1947 4686 2069 4729 nec
2113 4664 2349 4730 volunt
2397 4691 2402 4742 l
2453 4673 2599 4726 tens
2643 4664 3009 4729 vivificabis
3052 4661 3215 4728 nos?
3310 4663 3449 4726 Aut
3512 4663 3567 4727 si
3614 4684 3743 4726 non
3788 4664 3944 4727 facit
3992 4663 4279 4726 volentes
4324 4685 4411 4727 ex

387 4756 790 4838 intelligere,
859 4755 984 4820 hoc
1042 4752 1246 4818 divini
1302 4773 1444 4816 0550
1498 4752 1821 4827 muneris,
1888 4761 1963 4814 ut
2025 4759 2343 4833 petamuS,
2397 4747 2403 4818 Ι
2452 4748 2826 4812 nolentibus
2872 4744 3085 4827 DeUS,
3150 4747 3309 4831 quid
3354 4755 3498 4813 orat
3551 4749 3823 4836 ecclesia
3876 4769 3994 4829 pro
4051 4769 4409 4828 persequu-

385 4862 783 4924 quaeramus
827 4849 1020 4922 atque
1067 4839 1414 4921 pulsemus.
2396 4839 2402 4930 1
2451 4835 2702 4899 toribus
2756 4834 2932 4899 suis?
3005 4834 3229 4915 Quum
3285 4856 3440 4916 ergo
3496 4832 3907 4915 praedicatur
3964 4834 4404 4916 evangelium,

568 4926 701 4992 Sed
759 4929 1128 5007 quaeritur,
1188 4947 1273 4988 an
1327 4945 1463 4987 non
1519 4923 1770 4986 homini
1813 4922 2206 4986 naturaliter
2249 4923 2346 4985 in·
2452 4920 2720 5002 quidam
2755 4919 3048 4996 credunt,
3094 4920 3361 5002 quidam
3406 4943 3534 4984 non
3572 4918 3865 4983 eredunt.
3937 4917 4073 4983 Sed
4118 4921 4229 5001 qui
4268 4942 4406 4984 cre·—

391 5014 666 5079 haereat
711 5013 860 5076 boni
917 5023 1033 5076 aut
1075 5010 1234 5074 mali
1301 5009 1583 5092 eligendi
1639 5008 1950 5073 libertas?
2042 5009 2344 5090 Respon-
2452 5005 2634 5082 dunt,
2678 5006 3125 5088 praedicatore
3171 5006 3533 5070 forinsecus
3577 5014 3868 5082 sonante,
3914 5004 4095 5070 intus
4141 5028 4179 5069 a
4214 5015 4404 5088 patre

385 5099 530 5165 det:
567 5101 618 5181 l)
677 5098 997 5186 Liberum
1042 5096 1413 5172 arbitrium,
1468 5101 1535 5158 et
1579 5094 1661 5158 ad
1703 5094 1952 5158 malum
1997 5102 2062 5158 et
2102 5095 2184 5159 ad
2229 5095 2343 5159 bo-

389 5265 644 5273 ·—n-——aej
675 5266 686 5269 0

861 5358 865 5361 ,
2593 5297 2650 5362 1)
2690 5297 2850 5352 Haec
2884 5297 3065 5351 minus
3100 5297 3361 5350 concinne
3404 5295 3551 5349 dicta
3594 5293 3791 5348 Gallus
3827 5296 4015 5349 vertit.-
4062 5294 4143 5348 Ne
4181 5295 4409 5350 voulant

533 5372 594 5439 1)
630 5371 712 5425 De
750 5371 1092 5438 correptione
1131 5375 1187 5424 et
1220 5370 1396 5439 gratia
1431 5369 1500 5423 ad
1537 5368 1898 5424 Valentinum.
2455 5366 2756 5421 conti-edire
2793 5370 2825 5422 a
2862 5367 2959 5420 des
2995 5366 3391 5434 tesmoignages
3428 5365 3472 5418 si
3509 5363 3745 5432 evidenS,
3784 5366 3874 5433 qui
3909 5363 4191 5418 afferment
4227 5370 4321 5419 etc.

606 5457 829 5514 calvini
860 5470 1045 5525 opera.
1123 5454 1242 5511 Vol.
1277 5454 1375 5508 VI.
2365 5447 2372 5452 ’
3927 5448 3994 5502 21
