4999 6179
388 446 459 510 37
468 444 504 507 3
1867 446 1997 512 DE
2041 446 2399 513 LIBERO
2442 446 2919 515 ARBITRIO.
4288 459 4418 524 374

382 654 533 700 nere
576 642 645 697 et
688 632 950 717 eligere,
996 631 1112 698 sed
1155 632 1428 715 spiritus
1471 630 1829 699 directione
1872 634 2345 718 gubernatum:

384 742 488 787 cor
544 739 690 785 esse
745 719 1225 797 voluntarium,
1283 717 1400 783 sed
1461 719 1890 786 reformatum
1930 741 2134 785 manu
2179 720 2343 800 Dei3

384 805 713 871 hominem
768 804 986 888 ipsum
1031 813 1099 870 et
1154 804 1381 870 conari
1425 814 1493 869 et
1532 824 1761 889 agere,
1819 813 1888 872 et
1930 805 2015 871 ad
2058 806 2188 872 Dei
2227 807 2344 873 ob·

386 892 684 975 sequium
747 891 1082 976 applicare
1132 912 1285 957 suas
1339 890 1715 971 facultates,
1758 891 1876 958 sed
1918 892 2340 978 progratiae

379 997 691 1044 mensura
731 999 931 1060 quam
975 978 1241 1061 accepit.
1331 977 1612 1042 Frustra
1654 976 1934 1060 denique
1979 979 2106 1044 Dei
2151 978 2340 1045 boni-

379 1072 578 1129 tatem
622 1062 1058 1147 praedicando
1103 1085 1249 1129 eam
1292 1062 1448 1130 huic
1497 1065 1873 1129 necessitati
1919 1063 2193 1149 alligare
2235 1065 2337 1130 ni·

380 1153 568 1229 titur,
626 1161 700 1216 ut
751 1148 1055 1216 omnibus
1120 1150 1365 1233 pariter
1414 1151 1778 1232 expositam
1825 1171 1968 1216 esse
2021 1159 2335 1234 oporteat.

374 1236 587 1301 Aliter
630 1236 807 1301 enim
854 1237 1038 1302 Deus
1079 1236 1253 1318 ipse,
1309 1235 1424 1320 qui
1465 1236 1780 1301 bonitatis
1826 1241 1972 1316 [pag.
2021 1240 2166 1315 195]
2210 1237 2336 1301 mi-

296 1325 315 1343 '
373 1321 888 1405 sericordiaeque
940 1343 1098 1388 suae
1161 1320 1426 1388 laudem
1481 1343 1564 1386 ex
1631 1343 1707 1387 eo
1772 1322 2011 1388 melius
2075 1324 2335 1421 elucere

370 1407 639 1487 iudicat,
696 1409 754 1474 si
797 1409 941 1474 eius
985 1409 1315 1491 specimen
1363 1429 1498 1473 non
1539 1407 1667 1473 nisi
1709 1409 1784 1472 in
1841 1408 2197 1492 aliquibus,
2259 1430 2332 1473 m

369 1494 516 1561 aliis
565 1516 723 1560 vero
775 1494 914 1561 irae
978 1493 1328 1577 iudiciique
1409 1494 1789 1578 exemplum
1839 1494 2007 1560 edat.
2111 1493 2339 1560 Nihilo

368 1581 516 1665 plus
559 1582 836 1647 rationis
878 1581 1097 1660 habet,
1132 1579 1303 1663 quod
1343 1579 1788 1666 malignitatis
1832 1578 2150 1647 invidiam
2183 1600 2338 1647 con-

366 1669 527 1733 flare
569 1667 758 1734 nobis
799 1667 1055 1748 nititur,
1099 1667 1252 1750 quia
1294 1666 1668 1733 salvificam
1711 1667 1842 1732 Dei
1875 1667 2160 1751 gratiam
2202 1688 2337 1733 non

364 1756 493 1821 nisi
536 1754 763 1820 elect-is
808 1754 1084 1820 dicimus
1122 1753 1439 1820 exhiberi.
1542 1754 1718 1830 Hoc,
1764 1754 1998 1836 inquit,
2043 1762 2146 1818 est
2189 1772 2336 1818 eam

365 1844 786 1927 restringere.
878 1844 973 1907 At
1027 1841 1212 1906 Deus
1261 1862 1394 1906 non
1451 1841 1545 1904 ita
1591 1839 1846 1923 largam
1892 1839 2040 1903 vult
2078 1836 2334 1922 praedi·

364 1929 530 2007 cari,
592 1940 666 1994 ut
721 1927 929 1993 libera
983 1949 1128 1993 esse
1182 1925 1455 1992 desinat.
1535 1926 1847 1991 Libertas
1903 1946 2097 2008 porro
2140 1925 2212 1989 in
2255 1944 2332 1991 88

363 2027 484 2095 881,
527 2023 608 2080 81
649 2035 796 2079 8818
841 2014 1082 2097 quibus
1118 2012 1267 2078 vult
1310 2012 1742 2096 impertiatur.
1833 2009 2231 2094 Quanquam
2274 2012 2332 2076 si

361 2113 676 2168 excutere
723 2099 938 2177 libeat,
986 2108 1234 2183 quanta
1277 2098 1386 2164 vel
1432 2099 1710 2178 inscitia,
1757 2098 1865 2163 vel
1906 2097 2329 2181 improbitate

358 2198 720 2272 pervertat,
764 2207 1191 2269 quaecunque
1233 2185 1358 2252 hoc
1401 2185 1541 2251 loco
1586 2186 1745 2251 citat
1787 2184 2153 2267 scripturae
2196 2191 2325 2250 tes-

355 2275 664 2352 timonia,
721 2274 1121 2339 immensum
1175 2275 1304 2337 erit
1360 2292 1561 2337 mare.
1653 2269 1992 2354 Scriptum
2038 2278 2166 2350 est,
2226 2271 2327 2335 in-

355 2361 516 2444 quit,
564 2380 778 2425 unum
818 2382 937 2425 888
980 2379 1210 2423 omnes
1253 2357 1496 2423 habere
1541 2366 1799 2441 patrem
1841 2356 2080 2421 Deum.
2169 2356 2233 2422 N
2236 2376 2322 2421 on

353 2466 513 2531 ergo
560 2446 671 2511 his
713 2456 905 2528 pater
947 2452 1065 2521 est,
1111 2443 1244 2509 illis
1287 2444 1575 2510 vitricus.
1642 2443 1900 2507 Verum
1943 2440 2119 2527 apud
2159 2463 2323 2526 quos

351 2532 692 2600 habentur
734 2532 896 2599 haec
938 2529 1185 2597 verba?
1274 2530 1475 2614 Apud
1519 2529 1763 2607 fideles,
1810 2529 2057 2611 opinor.
2142 2526 2320 2610 Quid

350 2638 512 2704 ergo
571 2618 700 2684 hoc
754 2619 838 2683 ad
890 2617 1238 2683 hominum
1291 2616 1792 2682 universitatem
1809 2613 1842 2679 ’ἶ
1930 2614 2131 2697 Apud
2173 2614 2322 2680 Ma-

349 2705 648 2773 lachiam
693 2708 780 2789 (2,
827 2708 933 2788 10)
990 2702 1299 2769 habetur:
1359 2701 1698 2788 Numquid
1740 2722 1877 2766 non
1919 2723 2092 2767 unus
2135 2713 2322 2784 pater

349 2801 454 2857 est
512 2793 816 2857 omnium
870 2788 1213 2857 nostrum?
1314 2789 1410 2855 Ut
1466 2789 1700 2855 demus
1751 2787 1860 2852 hic
1917 2807 2054 2852 non
2108 2787 2322 2854 Abra-

349 2876 540 2954 ham,
605 2878 723 2943 sed
768 2879 988 2943 Deum
1029 2875 1540 2960 intelligendum
1592 2895 1766 2954 8888,
1820 2871 2144 2956 8811188111
2187 2895 2322 2939 888

347 2964 430 3029 de
475 2963 756 3039 Israele,
804 2964 929 3030 hoc
972 2971 1090 3041 est,
1138 2960 1219 3027 de
1260 2962 1577 3045 peculiari
1617 2970 1685 3027 et
1716 2960 1922 3027 electo
1959 2959 2085 3024 Dei
2119 2979 2322 3045 grege

341 3049 681 3136 propheta
722 3049 1053 3134 loquitur?
1122 3046 1367 3114 Suavis
1400 3048 1730 3114 universis
1762 3053 2070 3114 cantatur
2108 3067 2149 3112 a
2180 3045 2321 3113 Da·

345 3137 502 3204 vide
549 3138 766 3220 (Psal.
818 3143 957 3217 145,
997 3137 1084 3220 9).
1175 3134 1392 3213 Certe,
1435 3144 1504 3199 et
1541 3134 1996 3199 miserationes
2036 3134 2175 3200 eius
2210 3154 2320 3199 su-

340 3245 464 3308 per
511 3224 748 3289 omnia
790 3245 990 3307 opera
1033 3221 1193 3287 eius.
1283 3222 1549 3306 Ergone
1593 3219 1833 3303 spiritu
1877 3221 2320 3304 regeneratio-

340 3312 450 3376 nis
510 3325 582 3375 et
656 3331 968 3394 agrorum
1022 3328 1289 3392 pecora,
1355 3319 1423 3373 et
1471 3306 1685 3390 pisces
1738 3306 1974 3386 maris,
2041 3314 2109 3371 et
2163 3327 2320 3372 aves

337 3396 509 3464 coeli
548 3395 868 3462 donabit?
939 3396 1032 3460 At
1067 3394 1467 3459 suavitatem
1503 3394 1673 3458 hane
1709 3392 2147 3477 experiuntur
2180 3412 2320 3458 om-

337 3506 493 3561 nes,
559 3481 694 3567 881·
735 3499 880 3547 eam
923 3480 1362 3546 amaritudine
1415 3501 1539 3545 sua
1582 3501 1714 3544 non
1757 3478 2104 3561 repellunt.
2190 3479 2323 3544 Fa-

337 3580 504 3636 teor.
615 3567 757 3634 Sed
810 3568 1099 3634 radicem
1154 3566 1610 3632 amaritudinis
1660 3565 1837 3631 solus
1893 3564 2001 3629 ille
2053 3567 2323 3649 spiritus

334 3678 422 3722 ex
469 3653 794 3723 cordibus
839 3654 1083 3720 nostris
1128 3652 1407 3732 revellit,
1453 3673 1572 3736 per
1617 3673 1812 3735 quem
1857 3663 2325 3718 consecrantur

336 3743 561 3820 electi,
609 3752 690 3806 ut
733 3761 902 3824 pura
944 3741 1080 3806 sint
1121 3760 1197 3806 ac
1240 3749 1470 3805 sancta
1513 3737 1646 3803 Dei
1690 3738 1952 3821 templa.

858 3997 958 4062 IN
1003 3998 1375 4064 LIBRUM
1421 3995 1828 4064 SEXTUM.

516 4173 681 4237 Iam
725 4190 928 4252 quum
975 4190 1208 4252 parum
1252 4170 1464 4255 egisse
1504 4190 1575 4235 se
1618 4168 1972 4247 hactenus,
2028 4169 2100 4233 in
2142 4168 2326 4235 dam-

331 4259 578 4326 nanda
630 4267 861 4322 nostra
900 4255 1212 4334 doctrina,
1261 4263 1589 4332 cerneret,
1649 4255 1708 4319 si
1753 4256 2038 4320 rationes
2082 4277 2165 4320 ex
2211 4255 2325 4320 ad-

327 4367 540 4412 verso
592 4346 886 4409 intactas
931 4341 1362 4425 relinqueret,
1418 4342 1657 4425 quibus
1701 4351 1766 4406 et
1809 4340 2035 4407 multis
2079 4352 2146 4406 et
2191 4351 2328 4406 tam

328 4433 562 4498 firmis
615 4428 881 4494 munita
923 4438 1050 4503 est,
1110 4449 1220 4493 eas
1264 4448 1605 4494 recensere
1650 4437 1716 4492 et
1759 4428 2098 4493 confutare
2142 4436 2328 4493 sexto

325 4518 513 4585 libro
562 4513 884 4582 instituit.
943 4511 1198 4578 Saltem
1241 4514 1364 4580 1188
1409 4513 1534 4578 sibi
1575 4514 1982 4597 propositum
2027 4535 2171 4578 esse
2215 4512 2327 4579 de-

326 4604 655 4672 nunciat.
748 4600 1000 4665 Verum
1045 4599 1196 4680 quia
1236 4600 1361 4666 sibi
1404 4601 1473 4664 in
1518 4599 1641 4665 hac
1683 4603 1900 4684 operis
1941 4607 2130 4683 parte
2169 4620 2328 4666 suae

325 4687 839 4758 imbecillitatis
872 4690 1021 4765 [pag.
1052 4687 1198 4763 196]
1237 4687 1533 4751 88888188
1558 4695 1677 4764 881,
1712 4687 2138 4769 praecipuum
2173 4707 2328 4752 mox

330 4779 558 4844 robur
622 4775 700 4839 in
755 4794 830 4838 eo
880 4773 1080 4848 locat,
1138 4778 1217 4834 ut
1267 4767 1542 4836 lectores
1594 4773 1863 4855 penitus
1905 4795 1946 4838 a
1987 4772 2326 4838 rationum

329 4875 782 4936 nostrarum,
842 4879 976 4923 non
1031 4854 1335 4921 examine
1389 4854 1609 4933 modo,
1659 4857 1775 4922 sed
1828 4859 2028 4924 etiam
2081 4859 2326 4924 intuitu

329 4960 643 5017 avertat.
739 4943 1192 5027 Quaecunque
1213 4992 1229 5020 ,
1280 4939 1523 5022 inquit,
1581 4943 1943 5022 scripturae
1985 4944 2327 5028 proferan-

330 5049 453 5103 tur
471 5087 490 5117 ,
557 5036 644 5099 in
701 5031 856 5097 illis
876 5029 1110 5113 septis,
1149 5047 1320 5110 quae
1355 5025 1484 5091 fibi
1527 5024 1956 5102 circumdedi,
1997 5029 2327 5097 inolusum

327 5137 402 5191 te
445 5119 846 5188 contineas.
931 5115 1061 5182 Est
1097 5113 1277 5179 enim
1314 5110 1672 5179 catholicae
1704 5110 2015 5176 ecclesiae
2057 5135 2327 5181 consen.

331 5231 458 5277 888
477 5259 495 5287 ,
576 5228 624 5271 8
697 5223 827 5286 888
893 5201 1003 5268 181
1075 5199 1430 5265 minimum
1501 5194 1807 5262 recedere
1875 5195 2143 5261 exitiale
2209 5209 2328 5261 est.

331 5291 540 5378 Quid
591 5299 858 5371 antem,
912 5289 970 5353 si
1012 5285 1195 5353 aliud
1238 5292 1415 5353 certo
1458 5303 1544 5349 ex
1594 5283 1919 5365 scriptura
1961 5279 2328 5347 evincitur?

331 5380 547 5448 Nihil
605 5386 720 5454 te,
762 5374 1006 5458 inquit,
1062 5382 1278 5442 totum
1330 5370 1401 5436 id
1441 5375 1719 5436 moveat.
1811 5365 1995 5449 Quin
2037 5367 2236 5434 etiam
2278 5366 2337 5433 si

2451 638 2708 716 videas,
2767 641 3093 708 caecutire
3145 648 3210 705 te
3267 647 3445 726 puta.
3538 639 3780 707 Postea
3835 648 4060 709 tamen
4112 666 4195 710 ex
4240 645 4413 712 inte-

2450 745 2570 808 gro
2614 725 2876 791 solitam
2926 725 3395 793 confidentiam
3450 728 3757 792 resumit:
3825 729 4283 814 facturumque
4340 754 4411 798 se

2448 812 2714 894 recipit,
2760 820 2834 877 ut
2877 834 3105 878 omnes
3152 811 3457 892 videant,
3509 812 3678 878 nihil
3719 815 3999 881 in-meis
4042 818 4409 885 rationibus

2448 898 2783 964 firmitatis
2849 918 3009 964 eme.
3110 899 3493 978 Caeterum,
3560 900 3868 982 quoniam
3933 901 4163 968 multis
4228 913 4407 972 retro

2445 983 2723 1050 saeculis
2756 986 3129 1067 opinionem
3168 984 3341 1051 hanc
3375 994 3707 1069 receptam
3743 986 3945 1071 vulgo
3984 989 4185 1055 fuisse
4221 989 4406 1057 dixe·

2444 1089 2588 1134 ram
2605 1121 2619 1148 ,
2677 1070 3013 1147 hominem
3064 1070 3272 1137 libera
3314 1079 3382 1136 et
3423 1071 3745 1137 bonorum
3790 1080 3858 1138 et
3899 1074 4227 1140 malorum
4265 1099 4404 1142 om-

2442 1156 2630 1220 nium
2692 1164 3012 1240 potestate
3070 1157 3165 1223 sic
3220 1176 3364 1223 8888
3418 1156 3816 1241 praeditum,
3872 1165 3950 1224 ut
4006 1183 4198 1227 nemo
4253 1184 4402 1246 pec-

2443 1241 2634 1307 candi
2681 1243 3055 1309 necessitati
3098 1242 3449 1322 subiaceat,
3496 1264 3689 1309 nemo
3734 1245 3969 1328 spiritu
4005 1248 4137 1312 Dei
4178 1268 4402 1314 neces·

2442 1329 2615 1394 sario
2669 1327 2753 1393 ad
2806 1329 3051 1394 bonum
3119 1328 3468 1413 dirigatur,
3550 1329 3733 1394 illam
3796 1331 4039 1396 iterum
4105 1342 4404 1400 veterum

2440 1415 2842 1497 scriptorum
2904 1423 3236 1482 catervam
3291 1415 3366 1479 in
3427 1416 3633 1483 aciem
3701 1415 3948 1483 educit:
4014 1437 4143 1501 quo
4199 1419 4399 1500 hunc,

2440 1520 2635 1583 quem
2693 1499 2970 1585 repudio
2988 1552 3003 1578 ‚
3064 1521 3479 1567 communem
3527 1502 3729 1568 fuisse
3773 1502 4081 1570 eeclesiae
4123 1525 4402 1571 consen-

2440 1606 2588 1651 sum
2655 1586 3081 1652 demonstret.
3180 1585 3437 1653 Verum
3502 1588 3749 1654 frustra
3810 1589 4065 1655 laborat
4129 1610 4241 1657 888
4307 1594 4399 1658 81-

2439 1672 2672 1752 188118,
2727 1695 2878 1740 8881
2931 1672 3171 1756 quibus
3226 1672 3394 1738 libro
3451 1673 3738 1739 secundo
3790 1676 3922 1740 iam
3978 1678 4271 1762 transegi
4320 1700 4398 1747 ac

2438 1760 2788 1843 composui.
2879 1757 3280 1843 Quanquam
3333 1758 3552 1825 locum
3608 1760 3783 1827 hunc
3837 1781 4060 1827 meum
4105 1764 4199 1829 sic
4243 1785 4397 1830 con-

2438 1846 2643 1910 vertit
2684 1844 2987 1929 Pighius,
3032 1853 3107 1910 ut
3149 1866 3260 1911 eos
3304 1866 3531 1910 omnes
3574 1846 3945 1930 improbare
3990 1847 4238 1928 videar,
4282 1851 4399 1934 qui

2434 1929 2773 1996 hominem
2816 1931 3138 1997 violenter
3181 1932 3324 2016 cogi
3369 1953 3505 1996 non
3549 1932 3861 2013 fatentur,
3910 1955 4117 2017 quum
4161 1935 4396 2002 18188-

2435 2017 2684 2083 tarium
2746 2026 3049 2101 oportere
3110 2037 3254 2084 esse
3308 2037 3505 2100 opus,
3565 2028 3919 2102 antequam
3975 2019 4221 2086 bonum
4276 2030 4395 2088 aut

2433 2104 2684 2168 malum
2736 2104 2851 2182 sit,
2917 2104 3109 2169 toties
3163 2102 3464 2181 doceam,
3525 2110 3593 2169 et
3646 2105 3716 2168 in
3759 2103 4169 2172 excludenda
4212 2128 4395 2174 coac-

2433 2190 2612 2255 tione
2689 2211 2764 2257 ac
2833 2189 3146 2255 violentia
3224 2196 3361 2253 tam
3439 2187 3788 2273 diligenter
3853 2198 4159 2258 versatus
4246 2195 4391 2259 sim.

2428 2275 2494 2341 N
2499 2297 2626 2341 unc
2668 2285 2745 2341 ut
2784 2275 3167 2360 intelligant
3207 2274 3499 2352 lectores,
3546 2296 3676 2358 qua
3718 2273 3800 2339 de
3835 2286 3912 2340 ‘re
3954 2297 4215 2343 1118811111
4251 2301 4392 2346 881·-

2430 2369 2554 2427 181;
2622 2362 2794 2446 88811
2851 2363 2993 2428 Deo
3061 2367 3401 2445 acceptum
3462 2360 3695 2425 referri
3751 2358 3988 2428 debere
4046 2363 4390 2446 tradimus,

2427 2448 2743 2532 quidquid
2784 2448 2856 2513 in
2898 2448 3087 2514 nobis
3131 2456 3235 2512 est
3277 2446 3451 2523 boni,
3497 2446 3775 2511 libenter
3808 2448 4100 2531 recipere
4143 2470 4227 2534 88,
4256 2457 4389 2516 tes·
4446 2466 4449 2471 ·

2426 2542 2635 2599 tatur:
2691 2533 2807 2600 sed
2847 2555 3053 2617 quum
3108 2533 3378 2598 modum
3422 2533 3792 2615 exprimere
3835 2533 4213 2616 incipimus,
4259 2556 4387 2618 quo

2426 2621 2747 2686 bonorum
2790 2621 3085 2686 omnium
3133 2628 3324 2684 autor
3366 2619 3438 2682 in
3483 2617 3671 2683 nobis
3714 2619 3802 2683 sit
3839 2620 4053 2699 Deus,
4099 2619 4205 2685 1118
4251 2628 4384 2685 sta-

2427 2707 2549 2772 tim
2593 2707 2868 2773 resistit:
2930 2706 3084 2791 quia
3128 2713 3337 2770 totum
3382 2726 3516 2769 non
3560 2703 3751 2769 aliter
3806 2704 4005 2770 tribui
4050 2706 4194 2771 Deo
4238 2728 4384 2772 sus-

2427 2793 2624 2873 tinet,
2669 2793 2801 2858 nisi
2844 2804 2920 2858 ut
2960 2813 3116 2876 pars
3163 2791 3415 2856 homini
3470 2789 3895 2873 relinquatur.
3988 2791 4215 2857 Primo
4258 2793 4383 2876 igi-

2425 2888 2568 2958 tur,
2626 2901 2827 2962 quum
2881 2878 3103 2944 locum
3152 2877 3331 2943 hunc
3386 2875 3665 2963 apostoli
3732 2876 4181 2959 protulissem:
4246 2876 4382 2959 Qui

2424 2967 2642 3049 coepit
2698 2966 2770 3030 in
2814 2964 3002 3032 vobis
3055 2985 3219 3048 opus
3273 2963 3552 3039 bonum,
3609 2963 3903 3044 perficiet
3946 2962 4149 3047 (Phil.
4195 2968 4249 3043 1,
4292 2965 4380 3049 6),

2424 3049 2831 3118 addideram:
2885 3051 3150 3117 Bonum
3212 3070 3377 3133 opus
3418 3048 3719 3115 inchoari
3773 3069 3814 3114 a
3852 3048 4001 3115 Deo
4054 3049 4127 3114 in
4171 3050 4380 3131 nobis,

2422 3139 2715 3206 iustitiae
2771 3148 2840 3204 et
2891 3157 3182 3203 amorem
3237 3144 3305 3201 et
3368 3134 3766 3201 desiderium
3820 3143 3889 3199 et
3953 3134 4246 3202 studium
4307 3137 4382 3202 in

2424 3225 2613 3291 nobis
2655 3223 3022 3299 excitand0,
3073 3227 3224 3303 [pag.
3275 3226 3425 3301 197]
3465 3220 3574 3288 181
3616 3221 3832 3305 magis
3865 3223 4147 3305 proprie,
4183 3222 4382 3290 corda

2423 3319 2656 3378 nostra
2696 3308 3086 3386 formando,
3122 3305 3444 3375 fiectendo
3460 3358 3477 3387 ,
3537 3304 3879 3391 dirigendo
3923 3308 4009 3372 in·
4036 3308 4379 3376 iustitiam.

2423 3398 2725 3463 Priorem
2768 3395 3198 3479 expositionis
3253 3399 3510 3477 partem
3552 3392 3697 3457 sine
3748 3394 4194 3461 controversia
4238 3416 4379 3460 am-

2425 3484 2737 3567 plectitur
2786 3482 3098 3566 Pighius:
3167 3481 3238 3544 in
3294 3479 3506 3545 altera
3570 3487 3945 3563 suspectum
4004 3502 4112 3545 me
4165 3480 4384 3561 habet,

2425 3569 2601 3654 quod
2646 3590 2687 3634 a
2729 3568 3065 3635 communi
3109 3567 3367 3650 piorum
3412 3588 3538 3631 usu
3569 3564 3888 3644 recedam,
3934 3587 4140 3649 quum
4175 3567 4389 3632 homi-

2427 3677 2597 3722 num
2640 3652 2835 3720 corda
2879 3654 3022 3720 dico
3064 3652 3354 3733 formari,
3396 3651 3574 3718 flecti
3619 3672 3696 3718 88
3741 3651 3985 3737 dirigi.·
4043 3651 4265 3729 Itane,
4312 3662 4387 3719 ut

2430 3762 2671 3821 novae,
2729 3751 2799 3807 et
2850 3762 2892 3806 a
2933 3740 3265 3807 communi
3319 3737 3617 3804 fidelium
3669 3759 3871 3804 sensu
3926 3737 4177 3804 alienae
4232 3760 4387 3806 cen-

2431 3838 2706 3895 seantur
2758 3827 3202 3911 loquutiones,
3259 3847 3428 3908 quae
3482 3837 3549 3890 et
3602 3825 3850 3908 passim
3905 3832 4259 3890 occurrunt
4314 3826 4390 3890 in

2430 3914 2803 3999 scripturis,
2859 3922 2929 3978 et
2993 3911 3449 3980 ecclesiasticis
3503 3909 3927 3993 scriptoribus
3992 3909 4269 3977 subinde
4319 3912 4389 3977 in

2431 4022 2545 4067 ore
2588 3998 2786 4066 sunt?
2877 3998 3101 4088 Supra
3143 3998 3461 4064 ducentos
3509 3995 3685 4062 locos
3729 4018 3811 4060 ex
3855 3996 4229 4079 Augustino
4272 3997 4389 4063 ad·

2433 4086 2673 4153 ducere
2716 4086 2881 4150 mihi
2924 4084 3111 4150 facile
3154 4085 3271 4161 sit,
3328 4082 3442 4148 ubi
3484 4083 3626 4148 istis
3668 4082 3888 4147 verbis
3933 4081 4160 4146 utitur.
4250 4083 4388 4149 Sed

2432 4172 2589 4256 quid
2648 4171 2918 4256 spiritus
2973 4176 3238 4236 sanctus
3306 4169 3377 4233 in
3433 4168 3803 4250 scripturis,
3872 4166 4049 4232 unde
4106 4168 4390 4250 petenda

2431 4269 2533 4324 est
2579 4258 2745 4324 bene
2796 4254 3103 4340 loquendi
3160 4253 3435 4339 regula?
3525 4253 3720 4319 Hanc
3761 4252 3995 4317 orandi
4039 4254 4392 4322 formulam

2430 4366 2651 4411 nonne
2696 4344 2903 4410 dictat
2955 4340 3289 4408 fidelibus:
3345 4339 3604 4405 Inclina
3660 4359 3774 4405 cor
3816 4360 4038 4405 meum
4083 4339 4159 4405 in
4205 4343 4388 4407 testi-

2430 4431 2656 4499 monia
2699 4438 2830 4509 tua,
2877 4427 3163 4494 Domine
3202 4425 3404 4510 (Psal.
3452 4431 3590 4503 119,
3631 4426 3761 4508 36).
3853 4426 4051 4492 Item:
4098 4426 4388 4494 Inclinet

2429 4517 2758 4582 Dominus
2801 4537 2912 4582 881·
2954 4521 3255 4580 nostrum
3297 4512 3381 4578 ad
3425 4533 3514 4590 se,
3552 4520 3637 4577 111
3687 4511 4098 4578 ambulemus
4140 4514 4211 4578 in
4249 4534 4389 4579 om-

2429 4602 2626 4668 nibus
2679 4623 2911 4686 praece
2958 4602 3045 4666 tis
3088 4600 3228 4667 suis
3271 4598 3337 4686 (l
3389 4599 3553 4682 Reg.
3591 4603 3651 4678 8,
3692 4597 3822 4682 58).
3908 4597 4113 4664 Item:
4156 4599 4389 4667 Domi-

2429 4710 2558 4754 nus
2617 4696 2838 4755 autem
2946 4688 3139 4772 'rigat
3190 4684 3387 4752 corda
3442 4693 3664 4751 vestra
3714 4685 3785 4748 in
3842 4685 4182 4750 caritatem
4236 4683 4388 4764 Dei,

2431 4781 2499 4840 et
2562 4775 3122 4859 exspectationem
3174 4771 3441 4837 'Christi
3507 4770 3576 4854 (2
3627 4769 3855 4834 Thess.
3908 4773 3964 4847 3,
4017 4771 4105 4848 5).
4205 4769 4390 4851 Quid

2430 4860 2670 4945 plura?
2758 4859 2963 4926 Nulla
3013 4866 3114 4925 est
3163 4856 3571 4943 frequentior
3623 4854 3868 4921 sanctis
3909 4856 4114 4920 oratio
4129 4906 4147 4935 ,
4192 4876 4390 4939 quam

2429 4954 2509 5013 ut
2560 4948 2693 5014 Dei
2751 4945 2992 5030 spiritu
3054 4945 3129 5010 in
3194 4944 3374 5012 viam
3436 4948 3687 5008 rectam
3753 4938 4141 5025 dirigantur.
4241 4941 4389 5007 Imo

2431 5054 2638 5116 quum
2680 5040 2749 5098 et
2788 5031 2985 5100 corda
3025 5029 3399 5114 impiorum,
3442 5048 3606 5113 quos
3650 5026 3887 5109 spiritu
3932 5047 4050 5092 suo
4089 5027 4389 5110 speciali-

2432 5127 2538 5185 ter
2591 5140 2723 5184 non
2788 5116 3141 5203 gubernat,
3210 5115 3343 5181 huo
3394 5113 3555 5180 11188
3568 5164 3587 5193 ,
3639 5117 3839 5195 prout
3893 5113 4127 5186 1181118.
4166 5112 4388 5192 fuerit,

2430 5205 2699 5271 flectere
2752 5225 2823 5270 se
2881 5193 3086 5282 dicat,
3139 5200 3300 5285 quid
3350 5200 3433 5266 de
3493 5198 3802 5265 fidelibus
3854 5196 4203 5263 dicendum
4268 5207 4390 5278 est,

2479 5291 2547 5348 ui
2598 5311 2733 5355 non
2788 5310 2896 5354 am
2942 5289 3073 5354 lius
3127 5287 3252 5353 sibi
3306 5288 3569 5365 vivunt,
3627 5283 3744 5352 sed
3795 5285 3867 5348 in
3923 5281 4162 5366 quibus
4220 5284 4393 5350 vivit

2496 5366 2789 5437 hristus?
2946 5376 3084 5441 icut
3134 5374 3359 5439 fluxus
3407 5391 3728 5457 aquarum
3742 5421 3760 5451 ,
3811 5369 4032 5452 inquit
4073 5366 4391 5436 Solomon

3875 5467 3982 5524 24*
