4999 6179
668 494 754 556 ’51
1991 487 2117 554 LE
2153 485 2756 555 OATEOHISME
2792 486 2922 554 DE
2968 485 3371 555 GENEVE.
4608 488 4683 551 52
4785 590 4790 595 ‚

1516 677 1787 733 n’naerm.
3608 712 3614 722 -
3637 694 3790 730 runa.

846 744 1078 812 Voire:
1136 753 1204 813 et
1259 766 1466 814 avons
1520 746 1657 815 dict
1709 768 1835 831 que
1886 746 1950 811 le
1993 766 2165 829 vray
2217 752 2287 811 et
2335 744 2631 830 legitime
2909 745 3191 811 Verum:
3239 765 3315 812 ac
3357 744 3555 811 simul
3598 743 3898 810 additum
3938 744 4080 824 fuit,
4124 762 4356 809 veram
4401 742 4573 809 hanc
4615 762 4686 809 ac

671 831 924 900 service
968 832 1049 899 de
1093 830 1272 899 Dieu
1325 833 1608 901 consiste
1652 854 1736 899 en
1780 853 1854 900 ce
1892 853 2019 916 que
2060 853 2229 898 nous
2271 831 2629 899 obeissions
2730 830 3094 916 legitimam
3140 851 3282 897 esse
3317 830 3619 916 reg-ulam
3661 830 3919 897 colendi
3961 830 4108 912 Dei,
4153 834 4232 895 ut
4271 829 4414 896 eius
4455 827 4684 895 volun-

672 924 716 987 δ
758 937 833 985 sa
870 918 1162 985 volunte.
2729 918 2855 984 tati
2896 916 3347 1001 obsequamur.

1468 1041 1535 1076 nn
1568 1040 1825 1078 mum.
3381 1018 3385 1022 ’
3578 1038 3838 1075 unusm.

844 1090 1248 1176 Pom-quoy?
2906 1086 3042 1170 Qui
3086 1088 3223 1156 sic?
3244 1089 3304 1175 ⁴)

1516 1194 1783 1249 n'nxrnrr.
3633 1211 3786 1248 rm.

844 1261 1166 1327 D’aute‘nt
1217 1263 1374 1347 qu'il
1431 1285 1516 1329 ne
1568 1270 1730 1330 veut
1782 1285 1901 1348 pas
1953 1271 2127 1330 estre
2187 1282 2389 1347 servy
2443 1262 2628 1328 selon
2905 1259 3242 1343 Quoniam
3290 1260 3349 1328 is
3403 1260 3669 1328 demum
3722 1260 3822 1326 ini
3875 1260 4189 1344 probatur
4241 1258 4490 1338 cultus,
4552 1280 4681 1325 non

671 1353 894 1414 nostre
934 1348 1228 1429 fantasie,
1274 1350 1443 1417 mais
1486 1357 1528 1416 a
1569 1371 1688 1417 son
1730 1349 1980 1434 plaisir.
2731 1368 2927 1431 quem
2980 1348 3356 1433 confingere
3408 1348 3599 1415 nobis
3637 1347 3932 1429 libuerit,
3988 1346 4104 1413 sed
4145 1367 4343 1430 quem
4385 1366 4504 1411 suo
4547 1346 4682 1432 ipse

2729 1434 3001 1501 arbitrio
3042 1435 3553 1519 praescripserit.

1461 1557 1528 1592 u
1562 1557 1822 1593 mmm
3575 1555 3834 1591 mm

842 1602 1079 1755 Quelle
1123 1606 1328 1693 reigle
1371 1629 1542 1674 nous
1585 1607 1705 1674 a-il
1752 1605 2003 1674 donnee
2043 1627 2212 1692 pour
2254 1628 2420 1674 nous
2463 1628 2625 1693 gou-
2904 1603 3127 1687 Quam
3160 1612 3387 1673 autem
3429 1605 3702 1675 vivendi
3744 1604 4045 1691 reg-ulam
4086 1605 4273 1671 nobis
4317 1604 4578 1690 posuit?

665 1711 909 1759 verner
2240 1741 2269 1749 -

3374 1967 3455 2049 D
3477 1967 3547 2050 E
3622 1968 3694 2049 L
3717 1967 3790 2050 E
3809 1967 3889 2051 Gr
3910 1968 4002 2050 Ε.
4025 1969 4085 2053 ⁶)

758 2132 768 2147 ‘
1510 2121 1777 2177 n'maerur.
3630 2140 3782 2176 mn.

837 2186 933 2255 Sa
970 2188 1138 2275 Loy.
2899 2189 3155 2275 Legem
3194 2212 3399 2257 suam.

1457 2314 1523 2348 m
1557 2313 1816 2349 mmm·
2426 2278 2471 2316 .
3572 2312 3833 2348 mm

836 2359 1175 2442 Qu'est-ce
1220 2362 1457 2446 qu'elle
1501 2361 1838 2431 contient?
2896 2360 3077 2445 Quid
3119 2384 3198 2430 ea
3240 2361 3572 2428 continet?

1503 2466 1773 2521 n’mmnr.
3625 2484 3780 2520 rm.

829 2532 982 2598 Elle
1024 2539 1126 2599 est
1169 2532 1414 2601 divisee
1457 2557 1542 2601 en
1588 2533 1760 2600 deux
1802 2535 2078 2620 parties:
2134 2534 2294 2603 dont
2347 2537 2414 2603 la
2465 2559 2618 2622 pre-
2898 2538 3016 2613 [foL
3056 2539 3163 2614 32]
3200 2532 3476 2600 Duabus
3511 2533 3809 2619 partibus
3852 2542 4134 2601 constat:
4180 2555 4461 2620 quarum
4502 2536 4684 2621 prior

657 2618 863 2685 miere
924 2619 1219 2685 contient
1281 2626 1512 2703 quatre
1578 2621 2181 2705 commendemens,
2255 2629 2322 2689 et
2382 2622 2619 2691 l’autre
2721 2629 3003 2706 quatuor
3059 2620 3262 2687 habet
3326 2628 3705 2704 praecepta,
3778 2620 3989 2687 altera
4053 2642 4188 2688 sex.
4279 2621 4387 2689 Ita
4456 2621 4684 2690 decem

658 2704 792 2771 six:
838 2704 1007 2771 ainsi
1046 2726 1130 2770 en
1173 2712 1319 2771 tout
1362 2726 1434 2772 ce
1478 2714 1627 2774 sont
1673 2706 1808 2774 dix.
2722 2707 2989 2774 omnino
3031 2706 3399 2791 praeceptis
3443 2713 3698 2773 constat
3741 2713 3882 2772 tota
3924 2707 4050 2774 lex.

1452 2829 1519 2863 u
1552 2830 1811 2865 mut.
3575 2828 3835 2864 mmmm

832 2874 968 2958 Qui
1014 2899 1054 2942 a
1095 2878 1253 2943 faict
1294 2885 1469 2945 ceste
1513 2878 1839 2946 division?
2895 2877 3063 2961 Quis
3108 2878 3308 2957 huius
3349 2878 3689 2946 divisionis
3734 2888 3835 2945 est
3876 2879 4110 2945 autor?

1501 2983 1771 3037 n’mm.
3621 2980 3776 3037 runn-

826 3047 1061 3116 DIEU
1103 3070 1369 3131 mesme‚
1416 3053 1530 3136 qui
1574 3052 1662 3119 l'a.
1705 3051 1960 3119 donnee
1995 3052 2230 3120 escrite
2267 3060 2309 3121 a
2347 3057 2465 3134 [foL
2505 3042 2611 3134 2³5]
2890 3053 3078 3119 Deus
3119 3053 3279 3137 ipse,
3326 3051 3438 3136 qui
3471 3052 3543 3117 in
3576 3051 3740 3118 duas
3769 3050 4027 3119 tabulas
4066 3051 4459 3135 descriptam
4482 3051 4682 3120 Moisi

654 3133 890 3220 Moyse
933 3156 1019 3203 en
1065 3137 1239 3203 deux
1283 3137 1520 3206 Tables
1534 3192 1550 3219 ‚
1607 3148 1677 3206 et
1719 3160 1760 3204 a
1803 3138 1938 3207 dict
1979 3139 2211 3224 qu’elle
2269 3162 2341 3209 se
2392 3140 2615 3209 redui-
2719 3139 3009 3220 tradidit,
3056 3147 3124 3205 et
3162 3159 3358 3222 saepe
3394 3144 3670 3205 testatus
3706 3147 3807 3205 est
3845 3137 4058 3224 redigi
4090 3138 4163 3204 in
4199 3138 4425 3205 decem
4459 3140 4679 3209 verba.

653 3221 822 3287 soit¹
900 3241 987 3287 en
1022 3223 1139 3289 dix
1172 3225 1455 3308 parelles
1493 3226 1730 3310 (Exod.
1770 3229 1873 3307 24,
1915 3229 1992 3292 12
2031 3234 2099 3294 et
2134 3229 2248 3308 32,
2291 3230 2368 3293 15
2407 3235 2474 3295 et
2510 3232 2613 3310 34,

653 3310 766 3389 293
873 3315 1001 3376 eut.
1041 3316 1100 3390 4,
1143 3315 1221 3375 13
1259 3319 1327 3377 et
1365 3317 1463 3392 10,
1503 3312 1591 3399 3).

1447 3435 1514 3470 nn
1548 3434 1807 3471 mism-
2120 3409 2127 3416 ’
3271 3408 3284 3418 ’
3568 3433 3828 3470 mum

825 3477 1004 3561 Quel
1046 3487 1148 3548 est
1187 3483 1586 3570 l’argument
1628 3484 1709 3551 de
1751 3486 1820 3551 la
1860 3486 2184 3570 premiere
2229 3486 2432 3554 'l'able
2446 3487 2479 3551 ’ἲ
2890 3484 3387 3569 Argumentum
3429 3482 3667 3566 prioris
3712 3482 3973 3549 tabulae
4016 3483 4208 3568 quale
4251 3483 4398 3552 est?

1499 3588 1766 3643 n’nnrm.
3428 3583 3434 3589 ⁴
3623 3605 3775 3642 runa.

824 3654 1169 3722 'Pouchant
1210 3655 1276 3721 la
1318 3658 1609 3723 maniere
1653 3657 1734 3723 de
1777 3658 1932 3726 bien
1984 3658 2318 3726 honnorer
2357 3659 2610 3727 DIEU.
2889 3656 2993 3722 De
3034 3656 3299 3738 pietatis
3343 3676 3501 3741 erga
3542 3657 3762 3722 Deum
3806 3656 4053 3723 officiis.

1443 3778 1510 3812 LE
1544 3779 1805 3815 mmm.
3556 3778 3813 3814 mma.

807 3827 914 3892 *Et
957 3827 1039 3894 de
1082 3828 1149 3893 la.
1193 3827 1514 3925 seconde?
2887 3826 3235 3897 Secundae
3279 3828 3482 3896 vero?

1496 3932 1762 3986 n'mtrm.
1981 3950 1996 3964 ·
3617 3951 3772 3988 rma.

824 3997 1175 4066 Comment
1207 3999 1255 4065 il
1291 4020 1457 4065 nous
1493 4001 1635 4066 faut
1658 4003 1848 4069 vivre
1884 4023 2043 4070 avec
2077 4023 2200 4069 noz
2235 4002 2607 4086 prochains,
2887 3999 3190 4083 Qualiter
3233 4003 3321 4068 sit
3365 4001 3694 4087 agendum
3739 4022 3890 4067 cum
3945 4002 4319 4069 hominibus
4332 4053 4348 4082 ‚
4408 4008 4478 4068 et
4517 3998 4680 4086 quid

650 4092 720 4149 et
764 4083 844 4149 de
887 4107 959 4152 ce
1005 4109 1133 4171 que
1176 4108 1344 4153 nous
1387 4086 1536 4152 leur
1578 4087 1844 4157 devons.
2711 4087 2843 4155 illis
2888 4087 3261 4155 debeamus.

1406 4208 1475 4243 u
1510 4210 1765 4246 misnen.
1780 4192 1832 4260 ²)
3567 4207 3827 4244 mmm.

821 4256 1053 4324 Recito
1096 4257 1158 4322 16
1200 4259 1488 4341 premier
1531 4260 2122 4327 commandement.
2883 4260 3120 4326 Recita
3161 4268 3584 4345 praeceptum
3627 4259 3738 4351 vei
3780 4265 3976 4342 caput
4018 4260 4322 4342 primum.

1491 4363 1759 4418 n’nuuur.
3611 4381 3767 4418 run.

2882 4430 3063 4499 Audi
3103 4431 3343 4499 Israel:
3390 4431 3537 4516 Ego
3598 4453 3746 4497 sum
3789 4429 4042 4496 Iehova
4082 4430 4269 4497 Deus
4313 4436 4502 4510 tuus,
4564 4430 4677 4513 qui

2711 4527 2780 4586 te
2823 4519 3023 4586 eduxi
3067 4539 3151 4584 ex
3194 4526 3374 4586 terra
3417 4518 3739 4603 Aegypti,
3796 4515 3988 4582 domo
4007 4518 4064 4603 ⁶)
4121 4517 4486 4583 servitutis:
4536 4536 4678 4582 non

2712 4605 2985 4674 habebis
3029 4604 3185 4672 deos
3227 4605 3478 4671 alienos
3521 4624 3744 4671 coram
3787 4624 3911 4669 me.

819 4430 1108 4496 Escoute
1152 4429 1389 4498 Israel:
1450 4432 1524 4499 Ie
1569 4433 1708 4499 suis
1760 4431 1824 4498 le
1868 4431 2195 4518 seigneur
2252 4438 2368 4499 ton
2411 4434 2604 4515 Dieu,

649 4516 765 4601 qui
807 4516 942 4602 t’ay
989 4518 1115 4582 tire
1157 4516 1313 4583 hors
1359 4517 1439 4584 de
1484 4518 1553 4584 la
1594 4526 1770 4584 terre
1814 4518 2161 4606 d'Egypte‚
2207 4518 2288 4584 de
2330 4519 2399 4585 la
2440 4521 2605 4586 mai-

646 4623 767 4668 son
814 4601 895 4669 de
938 4604 1288 4670 servitude.
1381 4605 1484 4672 'Pu
1525 4609 1791 4672 n’auras
1832 4607 2017 4690 point
2060 4606 2313 4672 d’autre
2353 4607 2530 4674 Dieu
2546 4609 2605 4693 3)

646 4685 892 4755 devant
931 4711 1090 4774 moy
1136 4690 1373 4776 (Exod.
1413 4695 1526 4773 20;
1560 4692 1760 4759 Deut.
1800 4694 1889 4779 5).
2653 4697 2662 4950 Ι

1440 4814 1506 4849 m
1544 4815 1800 4850 mmm.

819 4861 1085 4945 Expose
1125 4864 1190 4929 16
1233 4884 1404 4929 sens.

3565 4771 3825 4847 mium.

2881 4864 3077 4931 Nunc
3121 4884 3392 4931 sensum
3432 4861 3789 4928 verborum
3832 4881 4103 4944 expone.

955 5153 1012 5220 1)
1051 5153 1277 5224 qu’elles
1312 5172 1372 5211 se
1407 5156 1685 5212 reduiront
1722 5155 1874 5210 1561.
2151 5156 2214 5226 2)
2252 5156 2331 5211 Le
2367 5154 2452 5210 22.
2491 5155 2788 5213 dimanche.
2825 5185 2891 5197 —-
2928 5156 3008 5211 Le
3045 5157 3278 5225 premier
3313 5154 3790 5211 commandement.
3830 5183 3896 5192 -
3931 5153 4254 5208 Delivrance
4289 5151 4391 5207 d'E
4505 5158 4588 5208 te.

643 5223 969 5345 80111111ῗὸἓέ
1004 5225 1238 5292 premier
1274 5226 1750 5282 commandemcnt.
1798 5256 1866 5266 -—
1911 5225 2223 5283 L’honncur
2257 5224 2351 5295 qui
2386 5232 2469 5282 est
2513 5233 2867 5297 proprement
2914 5226 3018 5281 deu
3043 5227 3099 5322 ¹a
3130 5224 3285 5280 Dieu.
3748 5219 3810 5289 3)
3848 5221 4083 5278 d’autres
4119 5221 4280 5278 dieux
4315 5220 4347 5274 1
4457 5262 4470 5277 .
4511 5178 4678 5275 1563.-

643 5291 797 5346 1563'
951 5332 1013 5424 4)
1053 5360 1190 5428 Quid
1228 5365 1344 5419 sie?
1386 5363 1520 5418 1550
1559 5363 1675 5418 Cat.
1712 5369 1763 5418 et
1798 5364 1940 5417 Inst.
2268 5360 2329 5428 5)
2366 5361 2520 5417 Besa
2557 5361 2812 5419 addidit.-
2845 5364 2900 5418 id
2935 5370 3048 5433 est,
3095 5362 3283 5420 decem
3317 5361 3628 5431 praeceptis
3662 5359 3780 5440 Dei.
3863 5360 4003 5415 Item
4038 5358 4176 5414 1563
4209 5374 4350 5431 quae
4382 5359 4677 5415 rubrica-⁸

642 5430 952 5501 quaestioni
980 5433 1297 5499 praemittit.
1574 5431 1633 5498 6)
1675 5432 1854 5487 Iidem
1889 5433 2256 5502 scripserunt.-
2290 5447 2320 5486 e
2358 5431 2538 5489 domo.
