4999 6179
531 492 661 557 403

1304 486 1840 556 ΒΕ8ΡοΝ810
1886 485 2263 554 comm
2305 486 2725 555 PIGHIUM
2768 444 2895 554 nn
2939 488 3295 555 LIBERO
3339 442 3815 557 Anmrmo,

4444 490 4572 556 4011

547 677 662 764 qui
719 678 816 744 ita
870 699 955 743 ex
1015 698 1150 743 uno
1192 675 1405 746 vitulo
1462 675 1626 743 duos
1663 676 1853 743 novit
1893 677 2124 743 facere.
2206 673 2523 760 Sequitur
2571 680 2578 763 ξ
2620 676 2942 744 fuerimus
2982 676 3113 762 ipsi
3154 676 3373 745 nobis:
3427 677 3792 745 inferorum
3834 682 4056 762 portas
4098 699 4231 743 non
4273 678 4415 743 fore
4456 698 4577 743 no·

548 765 731 832 enim
784 784 921 830 uno
977 769 1296 831 contextu
1358 761 1535 850 apud
1586 761 2047 848 A‘ugustinum
2113 761 2325 829 altera
2389 761 2522 828 dis·
2570 768 2576 853 Ι
2625 762 2727 830 bis
2771 763 3173 848 superiores,
3229 764 3356 830 nisi
3401 763 3535 830 illis
3580 762 3916 842 cedamus3
3972 763 4222 830 nullam
4268 765 4407 830 fore
4450 760 4579 830 Sa-

549 850 812 931 tinctio‚
868 869 1038 935 quae
1090 871 1364 951 prorsus
1408 849 1492 915 ad
1544 847 1820 915 eandem
1875 870 2017 915 rem
2062 847 2523 932 explicandam

549 937 733 1004 facit:
789 934 1032 1016 Aliud,
1087 936 1338 1022 inquit,
1390 942 1493 1003 est
1545 934 1977 1016 adiutorium,
2038 936 2184 1001 sine
2226 956 2356 1019 quo
2401 935 2521 1000 ali-

550 1021 709 1108 quid
751 1044 889 1090 non
943 1023 1050 1103 fit3
1108 1029 1178 1089 et
1233 1020 1414 1088 aliud
1470 1027 1575 1089 est
1616 1020 2050 1101 adiutorium,
2097 1042 2226 1105 quo
2273 1020 2521 1104 aliquid

549 1110 648 1175 fit.
706 1108 940 1176 Primo
983 1108 1205 1194 itaque
1248 1107 1521 1189 homini,
1566 1108 1678 1192 qui
1706 1108 1780 1172 in
1825 1128 1900 1173 eo
1931 1107 2119 1188 bono,
2152 1128 2281 1191 quo
2304 1109 2520 1173 factus

551 1195 770 1262 fuerat
822 1201 1076 1276 rectus,
1138 1202 1479 1280 acceperat
1533 1215 1727 1279 posse
1783 1215 1918 1260 non
1969 1213 2271 1278 peccare,
2324 1214 2521 1279 posse

548 1302 689 1348 non
733 1282 922 1362 mori,
965 1301 1158 1364 posse
1193 1281 1442 1348 bonum
1475 1302 1612 1347 non
1647 1278 1966 1361 deserere,
2004 1280 2234 1346 datum
2268 1286 2371 1346 est
2405 1277 2520 1346 ad-

546 1366 869 1433 iutorium
922 1368 1489 1451 perseverantiae:
1550 1388 1685 1434 non
1742 1387 1870 1450 quo
1913 1368 2131 1447 fieret,
2176 1373 2254 1432 ut
2295 1387 2520 1452 perse-

548 1460 844 1534 veraret,
904 1451 1020 1520 sed
1076 1454 1218 1521 sine
1276 1474 1405 1538 quo
1460 1474 1582 1538 per
1635 1451 1919 1519 liberum
1977 1452 2327 1519 arbitrium
2365 1473 2517 1538 per-

552 1559 860 1607 severare
905 1560 1043 1606 non
1085 1547 1324 1625 posset.
1393 1539 1593 1605 Nunc
1635 1560 1792 1606 vero
1833 1541 2078 1606 sanctis
2120 1540 2192 1604 in
2234 1560 2518 1624 regnum

544 1625 678 1692 Dei
717 1647 842 1710 per
882 1625 1168 1711 gratiam
1208 1625 1715 1712 praedestinatis
1755 1646 1892 1691 non
1931 1631 2195 1691 tantum
2226 1625 2362 1692 tale
2401 1625 2517 1691 ad-

546 1712 870 1779 iutorium
911 1713 1443 1798 perseverantiae
1488 1711 1704 1793 datur,
1750 1710 1863 1777 sed
1908 1711 2059 1792 tale,
2104 1718 2184 1777 ut
2225 1712 2320 1777 eis
2365 1732 2517 1795 per-

549 1800 926 1866 severantia
972 1799 1121 1884 ipsa
1173 1798 1484 1877 donetur3
1543 1819 1679 1865 non
1733 1798 1977 1877 solum,
2043 1805 2122 1864 ut
2176 1799 2319 1864 sine
2383 1799 2515 1863 isto

550 1883 722 1952 dono
764 1893 1269 1970 perseverantes
1309 1906 1455 1951 esse
1495 1904 1635 1951 non
1687 1883 1974 1969 possint,
2018 1905 2251 1951 verum
2293 1885 2514 1963 etiam,

551 1976 792 2071 ut·per
835 1972 962 2037 hoc
996 1970 1242 2037 donum
1281 1993 1419 2037 non
1454 1971 1586 2037 nisi
1619 1977 2119 2055 perseverantes
2156 1971 2308 2036 sint.
2361 1970 2516 2036 Non

441 2112 456 2121 .
553 2077 735 2124 emm
778 2056 993 2123 solum
1035 2056 1207 2123 dixit
1248 2057 1509 2142 (Ioann.
1552 2062 1653 2137 15,
1690 2057 1790 2142 5):
1837 2055 2002 2123 Sine
2044 2078 2153 2123 me
2188 2056 2359 2122 nihil
2400 2078 2518 2140 po-

552 2144 745 2210 testis
788 2144 1035 2210 facere:
1082 2143 1197 2209 sed
1244 2145 1445 2210 etiam
1491 2142 1662 2209 dixit
1702 2142 1886 2228 (ibid.
1911 2165 1974 2211 v.
2009 2142 2148 2227 16):
2205 2143 2363 2208 Non
2398 2162 2518 2209 vos

548 2248 659 2295 me
717 2230 1038 2314 elegistis:
1095 2229 1212 2297 sed
1269 2251 1391 2315 ego
1450 2229 1621 2316 elegi
1677 2250 1827 2309 vos,
1886 2235 1954 2294 et
2004 2228 2195 2313 posui
2238 2248 2390 2310 vos,
2436 2236 2516 2293 ut

550 2315 749 2397 eatis,
807 2322 877 2380 et
931 2317 1221 2383 fructum
1279 2318 1604 2397 afferatis,
1676 2323 1744 2382 et
1795 2316 2050 2382 fructus
2100 2323 2323 2382 vester
2375 2336 2517 2380 1113-

547 2408 721 2467 1103ι.
795 2400 1057 2484 Quibus
1111 2403 1334 2470 verbis
1389 2424 1528 2468 non
1582 2401 1797 2467 solum
1853 2402 1950 2467 eis
2000 2402 2353 2481 iustitiam,
2402 2423 2515 2469 ve-

546 2508 698 2554 rum
753 2495 823 2554 et
862 2489 935 2555 in
977 2488 1093 2554 1113
1144 2489 1715 2573 perseverantiam
1756 2509 1828 2554 se
1884 2486 2144 2554 dedisse
2186 2494 2516 2554 monstra-

545 2574 662 2641 vit.
756 2572 926 2656 Quis
981 2596 1192 2653 nunc,
1251 2575 1552 2654 obsecro,
1596 2573 1766 2640 mihi
1807 2594 1944 2638 non
1984 2573 2326 2654 concedat,
2373 2574 2516 2639 Au-

549 2659 897 2745 gustinum
940 2681 1082 2726 rem
1124 2657 1405 2726 eandem
1464 2659 1612 2726 31118
1668 2659 1888 2727 verbis
1942 2661 2359 2726 continenter
2401 2681 2517 2724 ex-

548 2745 843 2831 ponere?
910 2743 1088 2826 Quid
1135 2767 1311 2831 ergo,
1358 2752 1498 2811 tam
1539 2745 1707 2813 bene
1741 2749 2087 2813 contextas
2127 2752 2349 2830 partes
2386 2745 2520 2812 dis-

549 2829 897 2916 cerpendo,
990 2832 1242 2898 roficiet
1279 2831 1605 2918 Pighius?
1672 2831 1932 2899 Verum
1970 2839 2108 2897 tam
2144 2839 2246 2897 est
2284 2830 2517 2915 despe-

549 2925 700 2984 rata
741 2917 929 3002 impu
977 2918 1178 2999 entia,
1224 2925 1301 2984 ut
1343 2918 1451 2985 vel
1495 2918 1766 2985 confuso
1809 2919 1941 2985 oris
1985 2918 2264 3001 strepitu
2304 2919 2517 2984 incre-

547 3004 799 3089 puisse,
869 3025 1129 3088 semper
1185 3025 1306 3088 pro
1361 3005 1681 3071 victoriae
1736 3011 1927 3091 parte
1982 3003 2237 3069 habeat.
2340 3004 2408 3069 N
2409 3024 2518 3068 am

2623 856 2821 916 tanae
2862 850 3181 915 virtutem
3223 848 3575 916 adversum
3618 871 3739 916 nos
3785 858 3851 916 et
3904 850 4189 936 gratiam
4228 849 4417 915 nobis
4459 847 4578 915 da-

2623 941 2789 1015 tam,
2849 937 2907 1002 si
2955 957 3092 1001 non
3147 934 3253 1001 illi
3302 933 3680 1002 dederimus
3744 936 3963 1004 locum
4011 936 4176 1004 vitio
4230 942 4457 1002 nostro
4511 942 4611 1002 et-

2621 1022 3050 1107 negligentia.
3128 1020 3386 1089 Verum
3429 1023 3486 1088 si
3531 1022 3679 1107 quis
3723 1043 3807 1089 ex
3850 1021 4075 1088 electis
4091 1074 4109 1102 ,
4155 1029 4271 1087 aut
4311 1022 4582 1107 ignavia

2622 1129 2743 1174 sua
2799 1108 3094 1175 excludit
3143 1108 3523 1193 respuitque
3577 1109 3864 1175 oblatam
3906 1108 4039 1179 Dei
4091 1108 4372 1193 gratiam
4389 1159 4406 1188 ,
4465 1116 4581 1174 aut

2621 1201 2955 1278 receptam
3007 1195 3452 1261 inconstantia
3493 1195 3742 1275 abiicit,
3802 1204 3916 1260 aut
3968 1194 4377 1260 infirmitatis
4420 1195 4580 1260 vitio

2623 1281 2718 1347 eri
2764 1283 2789 1346 i
2831 1282 2956 1347 sibi
2998 1281 3270 1366 patitur,
3312 1280 3424 1347 ubi
3468 1280 3617 1362 illa,
3663 1282 3855 1348 sicuti
3899 1288 4095 1348 vocat
4136 1280 4575 1366 Augustinus,

2622 1367 2691 1433 in
2740 1366 3108 1434 eclinabilis
3172 1373 3241 1433 et
3304 1367 3762 1452 inseparabilis
3828 1368 4080 1452 gratiae
4144 1368 4344 1445 actio,
4413 1388 4580 1451 quae

2617 1475 2753 1519 non
2795 1451 3174 1520 hominibus
3225 1453 3542 1537 relinquit
3591 1474 3780 1520 suam
3821 1453 4265 1532 voluntatem,
4323 1460 4400 1518 ut
4437 1472 4578 1518 ma·

2617 1546 2824 1605 neant
2861 1540 2935 1605 in
2980 1541 3193 1625 gratia
3234 1541 3292 1606 si
3333 1540 3565 1621 velint,
3611 1539 3728 1606 sed
3770 1540 3972 1605 etiam
4011 1546 4325 1625 operatur
4356 1546 4431 1604 ut
4464 1559 4579 1607 ve-

2616 1625 2786 1691 lint?
2843 1646 3011 1709 quae
3065 1647 3201 1692 non
3251 1632 3516 1693 tantum
3565 1625 3723 1692 fidei
3764 1623 4261 1710 consequendae
4302 1625 4577 1692 faculta-

2616 1718 2753 1778 tem
2794 1713 3071 1792 confert,
3114 1709 3234 1779 sed
3263 1710 3491 1778 fideles
3525 1712 3727 1779 etiam
3762 1711 3957 1778 facit?
4004 1733 4175 1797 quae
4207 1731 4343 1777 non
4380 1710 4576 1778 modo

2588 1793 3085 1883 'perseverandi
3135 1798 3295 1865 facit
3336 1798 3593 1883 copiam
3607 1851 3622 1878 ,
3681 1798 3796 1865 sed
3839 1805 4030 1864 tanta
4070 1797 4220 1865 illos
4263 1799 4577 1864 firmitate

2616 1885 2920 1966 instruit,
2976 1892 3055 1950 ut
3097 1906 3230 1950 non
3271 1885 3404 1951 nisi
3455 1891 3956 1968 perseverantes
4013 1884 4188 1952 sint?
4276 1884 4423 1950 Imo
4465 1884 4578 1950 ubi

2616 1971 2764 2053 illa,
2820 1978 2889 2037 et
2931 1971 3015 2037 ad
3070 1969 3313 2037 bonum
3367 1971 3810 2055 appetendum
3862 1970 4299 2038 invictissima
4342 1970 4578 2037 volun-

2618 2063 2749 2137 tas,
2796 2064 2866 2124 et
2908 2055 2994 2124 ad
3030 2057 3453 2124 retinendum
3509 2058 3942 2126 invictissima
3983 2055 4397 2124 constantia?
4484 2056 4580 2122 Et

2620 2150 2846 2211 tamen
2899 2145 3135 2211 canino
3195 2144 3322 2210 isto
3385 2164 3504 2209 suo
3570 2143 3814 2231 latratu
3873 2143 4161 2211 evasisse
4227 2149 4578 2209 contentus

2620 2250 2758 2295 non
2802 2237 2931 2310 est,
2988 2230 3119 2295 nisi
3161 2229 3311 2314 plus
3353 2249 3551 2313 quam
3592 2228 3970 2297 thrasonica
4012 2227 4371 2295 stoliditate
4416 2229 4577 2295 satis

2619 2337 2944 2401 superque
2985 2316 3417 2383 manifestum
3462 2337 3603 2382 esse
3645 2318 3878 2396 iactet,
3942 2336 4141 2400 quam
4188 2315 4355 2380 mihi
4397 2314 4577 2382 omni

2620 2424 2704 2469 ex
2744 2410 2936 2487 parte
2980 2402 3398 2487 Augustinus
3439 2409 3783 2487 repugnet.

2790 2576 3042 2641 Decem
3082 2573 3268 2640 libris
3312 2579 3571 2639 constat
3614 2594 3779 2657 opus
3821 2573 4074 2659 Pighii:
4136 2594 4415 2657 quorum
4457 2594 4577 2640 sex

2617 2662 2850 2744 primis
2901 2659 2982 2726 de
3023 2660 3230 2726 libero
3283 2659 3553 2727 arbitrio
3598 2658 3919 2742 disputat:
3976 2660 4248 2742 reliquis
4292 2666 4576 2743 quatuor

2617 2744 3286 2831 praedestinationem
3371 2768 3448 2812 30
3538 2745 4024 2829 providentiam
4098 2744 4228 2812 Dei
4316 2752 4573 2812 tractat.

2622 2831 2845 2913 Quum
2910 2832 3117 2916 igitur
3189 2832 3534 2898 distinctae
3589 2833 3723 2898 sint
3776 2833 4223 2916 quaestiones,
4289 2833 4577 2915 priorem

2618 2918 2803 2984 illam
2847 2918 3197 2999 hactenus,
3249 2925 3330 2983 ut
3379 2918 3596 3002 potui,
3643 2924 3837 3002 atque
3880 2926 3957 2984 ut
3999 2918 4314 3002 temporis
4355 2917 4576 2984 brevi-

2622 3011 2725 3071 tas
2769 3004 3054 3086 sinebat,
3114 3025 3263 3070 sum
3319 3011 3747 3087 exsequutus:
3803 3004 4074 3071 alterius
4128 3026 4287 3070 vero
4327 3008 4575 3069 tracta-

547 3111 758 3177 quum
814 3092 1238 3177 Augustinus
1320 3113 1454 3158 11011
1519 3098 1780 3158 tantum
1842 3111 2034 3176 posse
2098 3088 2288 3157 nobis
2351 3088 2516 3171 dari,
2567 3147 2571 3158 .
2622 3092 2868 3158 tionem
2920 3089 3006 3157 ad
3076 3092 3409 3176 proximas
3479 3112 3685 3176 usque
3747 3091 4081 3158 nundinas
4146 3088 4577 3156 differendam

549 3175 666 3260 sed
725 3179 925 3244 etiam
978 3177 1181 3259 velle,
1239 3184 1553 3245 testatur:
1598 3179 1859 3264 Deique
1914 3177 2194 3264 gratiam
2253 3198 2389 3243 non
2445 3177 2519 3242 in
2568 3163 2572 3240 Ι
2621 3179 2878 3258 00118111;
2933 3179 3088 3263 quia
3139 3187 3208 3243 et
3249 3179 3421 3243 nihil
3459 3185 3560 3244 est
3612 3179 3688 3243 in
3729 3197 3915 3243 mora
3956 3177 4262 3262 periculi,
4308 3185 4375 3242 et
4417 3183 4578 3243 tunc

546 3263 675 3330 hoc
717 3270 981 3330 tantum
1027 3285 1170 3330 esso
1225 3265 1557 3333 efficacem
1601 3265 1674 3330 in
1724 3264 1944 3344 nobis,
1997 3271 2075 3330 ut
2121 3266 2267 3348 ipsa
2310 3263 2518 3329 adiuti
2567 3251 2574 3328 Ι
2620 3264 2865 3343 ιιι11101,
2910 3265 3177 3331 volente
3218 3263 3525 3344 Domin0,
3580 3263 3883 3347 prodibit.
3975 3263 4306 3345 Quoniam
4350 3271 4579 3329 tamen

547 3349 748 3415 fidem
793 3350 1125 3434 possimus
1169 3352 1480 3436 consequi
1526 3352 1582 3417 81
1626 3351 1846 3431 libeat,
1891 3358 1960 3417 et
1992 3351 2399 3434 consequuti,
2445 3351 2518 3415 in

548 3455 628 3501 03
684 3443 888 3516 stare,
950 3436 1066 3503 sed
1121 3439 1423 3517 omnino,
1480 3444 1558 3502 ut
1598 3436 1828 3504 fideles
1871 3438 2105 3517 simus,
2163 3445 2233 3502 et
2271 3437 2347 3501 in
2388 3434 2520 3502 fide

544 3541 1082 3608 perseveremus:
1142 3530 1222 3588 ut
1273 3523 1715 3592 invictissima
1755 3523 2093 3591 voluntate
2134 3531 2520 3606 appetamus

587 3608 724 3674 uod
778 3608 1023 3674 bonum
1084 3618 1215 3686 est,
1278 3618 1347 3675 et
1393 3609 1833 3675 invictissima
1884 3610 2252 3675 constantia
2302 3609 2521 3692 ipsum

592 3715 851 3761 eserere
895 3699 1045 3777 [pag.
1085 3700 1235 3775 238]
1280 3695 1597 3761 nolimus:
1654 3696 1818 3762 11300
1858 3695 2099 3774 01111113,
2146 3703 2214 3760 οι
2257 3695 2519 3775 similia,
2569 3665 2575 3746 Ι
2625 3695 3060 3763 attentionem
3115 3697 3403 3763 excitare
3454 3695 3672 3762 visum
3729 3703 3857 3761 est:
3918 3703 3995 3760 ut
4045 3694 4205 3761 dum

2569 3763 2575 3858 Ι
2624 3782 2822 3849 11111118
2866 3781 3174 3868 Cyclopis
3217 3783 3540 3867 impetum
3594 3788 3770 3847 stare
3813 3782 4129 3848 invictam
4163 3780 4291 3848 Dei
4335 3780 4587 3848 verita-

2568 3869 2574 3934 ἑ
2624 3876 2757 3934 tem
2798 3876 3098 3950 cernunt,
3143 3869 3357 3954 magis
3399 3887 3477 3934 ac
3516 3868 3731 3953 magis
3772 3867 3844 3934 in
3887 3889 3966 3935 ea
4007 3869 4501 3936 confirmentur.

543 3802 716 3864 quae
759 3782 895 3847 13111
942 3780 1207 3861 audisti,
1263 3803 1400 3846 non
1448 3780 1628 3847 aliud
1671 3781 1917 3866 Pighio
1958 3780 2208 3860 valent,
2252 3781 2381 3847 nisi
2426 3782 2522 3846 ita

543 3888 666 3934 nos
711 3866 1037 3949 adiuvari,
1082 3877 1159 3933 ut
1203 3866 1285 3933 de
1330 3868 1616 3934 victoria
1657 3868 1821 3934 certi
1854 3869 2078 3947 simus,
2124 3868 2177 3932 81
2225 3888 2361 3932 11011
2405 3867 2518 3932 de-

2621 3352 2931 3431 verebar,
2987 3373 3072 3417 ne
3127 3352 3183 3417 81
3227 3349 3476 3417 diutius
3518 3359 3801 3416 tacerem
3820 3401 3836 3430 ,
3898 3348 4308 3433 quorundam
4355 3348 4581 3415 oculos

2620 3436 2905 3522 Pighius
2950 3458 3071 3503 sua
3110 3436 3229 3503 illa
3271 3437 3712 3504 ostentatione
3755 3437 4262 3521 perstringeret,
4307 3436 4431 3503 hoc
4474 3435 4582 3500 in·-
4668 3514 4683 3526 ·

2622 3529 2808 3588 terea
2859 3521 3033 3589 edito
3091 3522 3481 3608 specimine,
3538 3531 3608 3589 et
3657 3521 3835 3588 1111118
3884 3523 4302 3589 insolentiam
4343 3521 4582 3606 paulu-

2622 3609 2763 3675 lum
2831 3612 3220 3693 reprimere,
3283 3614 3431 3690 [pag.
3471 3613 3621 3688 289]
3691 3617 3759 3674 et
3811 3609 4138 3676 bonorum
4185 3630 4261 3675 ac
4362 3608 4585 3674 iorum

4347 3714 4586 3763 versus

2352 4363 2794 4434 FINIS.
