4999 6179
1443 391 1476 405 ,ae

433 467 559 531 505

433 657 543 734 89]
586 656 697 720 An
741 677 876 721 non
919 678 1002 723 eo
1036 656 1230 723 modo
1263 656 1584 741 inglorius
1619 657 2016 741 relinquitur
2037 654 2388 722 Christus?

431 740 621 823 quasi
686 741 1041 809 sacerdotis
1098 743 1310 810 officio
1378 744 1584 810 semel
1633 744 1705 809 in
1761 750 1978 830 morte
2042 742 2390 809 defunctus

429 826 598 892 illud
640 850 820 895 nunc
864 829 1111 895 sanctis
1153 830 1606 914 resignaverit.
1696 831 1812 895 An
1855 837 2013 895 tunc
2057 829 2257 894 etiam
2293 837 2390 892 ta-

430 912 717 979 cendum
760 922 878 995 est,
915 914 1029 981 ubi
1062 916 1416 1001 praecipua
1460 915 1715 983 Christi
1760 915 2067 1000 dignitas,
2115 923 2183 979 et
2226 934 2391 998 quae

428 998 529 1065 illi
569 1007 757 1066 tanto
812 1002 1024 1084 pretio
1065 1002 1393 1083 constitit,
1424 1004 1534 1068 ·ab
1557 1023 1655 1086 ‘eo
1697 1011 1819 1086 per·
1860 1021 2190 1067 summam
2232 1020 2390 1067 con-

429 1086 773 1152 tumeliam
823 1095 1077 1170 erepta,
1133 1089 1308 1155 inter
1360 1097 1654 1168 sanctos,
1714 1088 1900 1172 quasi
1955 1087 2197 1152 hostile
2240 1106 2389 1169 spo-

428 1171 613 1248 lium,
660 1172 1117 1240 distribuitur?
1182 1177 1294 1255 At,
1340 1175 1435 1242 sic
1474 1174 1820 1259 loquendo,
1867 1172 2212 1241 Christum
2255 1193 2389 1237 non

427 1267 678 1344 negant
720 1261 919 1325 etiam
963 1282 1143 1328 nunc
1186 1282 1308 1345 pro
1351 1259 1542 1328 nobis
1595 1258 2031 1326 intercedere:
2084 1258 2277 1324 modo
2319 1256 2390 1323 id

428 1346 645 1411 facere
700 1346 1150 1431 intelligamus
1216 1367 1355 1412 una
1419 1369 1570 1414 cum
1638 1347 1910 1413 sanctis:
1976 1365 2245 1429 nempe,
2312 1352 2390 1410 ut

428 1454 637 1498 unum
693 1432 1056 1516 quemlibet
1112 1409 1216 1498 ex⁸
1251 1454 1471 1518 grege.
1570 1433 2000 1500 Praeclarum
2055 1451 2213 1499 vero
2269 1431 2388 1496 ho-

427 1539 661 1583 norem
705 1519 832 1585 sibi
875 1519 1222 1602 acquisivit
1264 1519 1574 1585 Christus
1618 1541 1737 1586 suo
1781 1518 2127 1604 sanguine,
2173 1517 2232 1581 si
2265 1518 2389 1584 hoc

426 1610 691 1670 tantum
744 1614 1188 1689 consequutus
1245 1612 1375 1685 est,
1432 1612 1511 1671 ut
1563 1606 1779 1672 socius
1832 1613 2006 1672 esset
2057 1604 2386 1688 Hugonis,

426 1697 546 1755 aut
609 1691 876 1770 Lubini,
904 1693 954 1774 ¹)
1030 1698 1145 1757 aut
1222 1691 1496 1758 alterius
1560 1692 1927 1776 cuiuspiam
2004 1713 2088 1756 ex
2151 1690 2389 1755 ultima

424 1781 605 1844 faece
661 1777 1106 1844 sanctulorum
1124 1830 1138 1858 ,
1197 1798 1358 1862 quos
1413 1779 1709 1862 pontifex
1761 1798 2075 1843 romanus
2118 1798 2237 1843 suo
2283 1798 2388 1841 ar-

424 1863 622 1929 bitrio
687 1864 950 1930 creavit.
1049 1865 1204 1930 Non
1262 1864 1439 1930 enim
1507 1864 1616 1931 hic
1668 1865 2008 1948 quaeritur
2057 1884 2145 1929 an
2199 1869 2392 1928 orent

423 1948 524 2014 illi
566 1969 851 2033 quoque:
912 1971 1044 2033 qua
1086 1950 1168 2016 de
1211 1972 1284 2016 re
1327 1951 1500 2016 nihil
1542 1952 1709 2017 scire
1756 1953 1960 2015 satius
2003 1957 2135 2028 est,
2183 1969 2389 2032 quum

425 2034 761 2118 scriptura
800 2035 1057 2102 nullam
1098 2038 1300 2103 faciat
1347 2038 1776 2103 mentionem:
1833 2035 1949 2103 sed
1992 2036 2116 2102 hoc
2161 2043 2264 2101 est
2307 2033 2389 2099 de

423 2141 554 2205 quo
598 2120 1078 2202 contendimus,
1130 2122 1518 2216 Christqne,
1577 2131 1695 2188 aut
1736 2122 2225 2207 praetermissO,
2275 2126 2391 2186 aut

424 2207 781 2292 neglectim
844 2208 1099 2288 habite,
1169 2217 1285 2275 aut
1347 2210 1418 2275 in
1474 2216 1691 2275 totum
1750 2209 1974 2276 valere
2028 2209 2235 2288 iussu,
2304 2206 2389 2272 ad

425 2302 810 2360 sanctorum
863 2296 1230 2378 patrocinia
1287 2296 1833 2379 circumspectare
1889 2294 2118 2359 liceat:
2176 2293 2284 2358 vel
2329 2293 2390 2358 si

423 2380 571 2464 quis
615 2381 804 2445 malit
848 2382 1157 2465 apertius,
1202 2383 1375 2447 sitne
1418 2383 1653 2448 unicus
1709 2379 2010 2447 sacerdos
2059 2378 2386 2459 Christus,

423 2467 542 2617 quui
586 2473 655 2532 et
697 2468 1145 2533 sanctuarium
1181 2469 1312 2534 Dei
1352 2469 1562 2552 patris
1603 2467 1792 2533 nobis
1829 2469 2096 2550 aperiat,
2141 2485 2389 2549 nosque

427 2553 442 2567 ‘
500 2574 584 2620 uc
629 2552 807 2620 solus
863 2553 1299 2634 manuducat,
1357 2561 1424 2619 et
1466 2561 1726 2636 patrem
1769 2573 1889 2620 sua
1933 2550 2389 2636 deprecatione

422 2637 509 2703 ad
542 2660 772 2723 preces
805 2646 1067 2707 nostras
1103 2638 1548 2706 exaudiendas
1581 2642 1820 2719 flectat,
1856 2640 1931 2703 in
1965 2639 2152 2704 cuius
2187 2639 2389 2704 clien—

421 2725 626 2790 telam
669 2726 1045 2806 concedere,
1092 2734 1159 2791 et
1200 2728 1387 2794 cuius
1429 2747 1672 2792 nomen
1712 2724 2069 2792 obtendere
2121 2724 2195 2788 in
2238 2745 2388 2808 pre-

422 2810 607 2878 cibus
663 2811 1049 2879 debeamus:
1111 2833 1197 2879 an
1253 2814 1695 2881 communiter
1750 2812 1876 2878 hoc
1899 2837 1908 2844 ·
1933 2832 2180 2877 munus
2236 2831 2388 2877 cum

422 2897 571 2964 aliis
613 2900 859 2965 sanctis
903 2900 1240 2965 sustineat.

598 2983 1000 3069 Quanquam
1057 3006 1192 3050 non
1248 2985 1454 3051 solius
1511 2982 1860 3058 sacerdotii
1924 2983 2204 3062 honore,
2270 2982 2386 3049 sed

421 3070 723 3136 omnium
766 3092 1022 3156 quoque
1070 3094 1341 3138 suorum
1382 3071 1849 3139 beneficiorum
1895 3069 2110 3154 gratia
2153 3065 2385 3136 Chris-

419 3162 568 3223 tum
621 3178 866 3243 magna
920 3179 1005 3224 ex
1057 3166 1246 3242 parte
1297 3158 1503 3225 fuisse
1558 3163 1831 3223 exutum
1849 3208 1867 3237 ,
1926 3156 2228 3241 superius
2272 3155 2384 3221 de—

422 3245 807 3311 monstravi.
899 3249 1046 3324 [pag.
1093 3249 1202 3325 90]
1249 3243 1423 3310 Nam
1468 3243 1845 3326 redemptor
1889 3242 2154 3326 quidem
2193 3262 2384 3308 voca-

422 3336 566 3396 tur:
609 3330 724 3396 sed
767 3331 878 3410 ita,
923 3337 1000 3395 ut
1042 3351 1114 3397 se
1158 3352 1415 3416 quoque
1459 3352 1542 3397 ex
1585 3328 1836 3413 peccati
1877 3337 1948 3394 et
1980 3328 2210 3394 mortis
2246 3349 2382 3393 ser-

421 3415 670 3497 vitute,
727 3438 848 3500 per
900 3416 1180 3483 liberum
1226 3417 1608 3495 arbitrium,
1678 3415 1978 3480 homines
2033 3413 2381 3479 redimant.

420 3501 720 3569 Vocatur
776 3502 1041 3586 quidem
1098 3504 1355 3570 iustitia
1411 3510 1480 3568 et
1536 3503 1745 3570 salus:
1801 3499 1917 3567 sed
1960 3501 2081 3581 ita,
2139 3507 2214 3566 ut
2257 3501 2384 3584 ipsi

421 3588 550 3654 sibi
622 3611 894 3673 operum
974 3591 1229 3656 meritis
1296 3590 1599 3655 homines
1666 3588 1946 3654 salutem
2019 3586 2378 3670 acquirant.

421 3672 865 3742 scholasticos
909 3680 1088 3741 enim
1117 3676 1287 3742 nihil
1329 3674 1533 3759 pudet
1562 3675 1693 3740 huc
1726 3673 2127 3758 restringere
2165 3672 2381 3738 inaes-

419 3762 715 3828 timabile
770 3760 938 3827 illud
997 3761 1466 3847 redemptionis
1530 3760 1949 3828 beneficium:
2020 3759 2124 3824 cui
2191 3778 2380 3824 enar-

419 3848 629 3914 rando
672 3847 878 3927 nulla,
922 3868 1043 3915 nec
1084 3850 1446 3929 hominum,
1488 3869 1610 3915 nec
1647 3847 2035 3931 angelorum
2076 3844 2384 3912 facundia

420 3935 735 4001 sufficiat:
798 3943 876 4000 ut
929 3935 1155 4002 dicant
1207 3957 1361 4002 eum
1414 3935 1606 4001 nobis
1671 3932 2025 3998 contulisse
2090 3932 2382 4015 primum

418 4022 765 4102 meritum,
824 4020 996 4105 quod
1038 4022 1445 4089 occasionem
1485 4018 1782 4086 merendi
1825 4020 2378 4102 interpretantur:

419 4128 543 4172 nos
584 4127 773 4188 vero,
830 4107 955 4173 hoc
997 4106 1396 4175 adminiculo
1442 4106 1731 4183 adiutos,
1791 4104 1994 4173 vitam
2044 4111 2382 4170 aeternam

413 4194 725 4278 operibus
763 4195 1047 4278 propriis
1088 4195 1347 4260 mereri.
1422 4193 1755 4259 Fatentur
1796 4189 2077 4275 quidem,
2125 4190 2380 4256 Christi

413 4281 741 4366 sanguine
793 4300 917 4347 nos
974 4279 1233 4347 ablutos
1293 4301 1437 4347 esse
1493 4301 1533 4345 a
1586 4278 1904 4363 peccatis:
1964 4277 2081 4342 sed
2125 4277 2249 4356 ita,
2307 4284 2383 4341 ut

411 4387 486 4432 se
571 4368 805 4450 uisque
848 4366 1069 4433 ascitis
1112 4366 1269 4434 hinc
1312 4365 1468 4433 inde
1508 4364 1795 4432 lavacris
1827 4369 2088 4448 purget.
2157 4362 2382 4428 Habet

415 4388 684 4536 quidem
739 4474 919 4519 mors
964 4452 1214 4519 Christi
1272 4452 1573 4519 sacrificii
1618 4450 1919 4516 titulum:
1973 4448 2089 4515 sed
2132 4450 2252 4529 ita,
2305 4456 2382 4515 ut

457 4538 811 4605 uotidianis
875 4539 1222 4605 hominum
1275 4539 1612 4604 sacrificiis
1668 4542 1940 4622 peccata
2004 4536 2375 4618 expientur.

482 4626 677 4693 icitur
734 4625 998 4709 quidem
1043 4623 1353 4691 Christus
1396 4624 1853 4692 reconciliasse
1906 4642 2028 4686 nos
2073 4623 2219 4687 Deo
2263 4641 2376 4704 pa-

407 4714 531 4778 tri:
597 4712 714 4778 sed
779 4710 1061 4781 conditio
1119 4710 1415 4789 additur,
1481 4717 1557 4776 ut
1622 4707 2177 4775 satisfactionibus
2242 4707 2379 4773 suis

410 4798 746 4865 redimant
773 4798 1075 4863 homines
1108 4817 1351 4880 poenas
1372 4795 1504 4861 Dei
1540 4795 1782 4861 iudicio
1805 4793 2077 4860 debitas.
2152 4791 2378 4874 Quum

409 4907 493 4952 su
538 4885 946 4969 plementum
1001 4882 1341 4967 quaeritur
1384 4904 1466 4947 ex
1524 4881 1810 4947 clavium
1867 4880 2217 4959 beneficio,
2275 4878 2379 4943 ni-

405 4971 483 5038 hi
509 4992 550 5036 o
593 4971 746 5055 plus
787 4969 1057 5034 honoris
1111 4968 1392 5034 habetur
1436 4966 1705 5034 Christo
1723 5018 1739 5046 ,
1797 4986 1992 5049 quam
2039 4965 2376 5051 Cypriane

407 5064 530 5124 aut
585 5056 867 5142 Cyricio.
890 5054 948 5140 2)
1036 5053 1413 5140 Martyrum
1476 5054 1656 5118 enim
1713 5059 1781 5117 et
1832 5051 2085 5117 Christi
2141 5052 2378 5117 merita

411 5141 614 5211 simul
656 5142 1076 5225 permiscent,
1120 5147 1198 5206 ut
1233 5139 1582 5206 conficiant
1626 5138 1938 5204 ecclesiae
1971 5137 2374 5205 thesaurum.

549 5348 609 5416 1)
653 5346 854 5403 Genus
887 5346 1078 5402 habet:
1118 5347 1292 5401 sainct
1325 5344 1500 5399 Lubin
1539 5360 1610 5397 ou
1649 5342 1825 5398 sainct
1866 5340 2118 5396 Thibaut.

550 5418 612 5486 2)
656 5416 856 5473 Gallus
889 5416 1108 5471 ambit.-
1145 5417 1178 5471 ὰ
1214 5415 1388 5470 sainct
1421 5414 1633 5483 George
1682 5429 1753 5467 ou
1788 5412 1822 5465 a
1861 5411 2039 5466 sainct
2072 5409 2373 5466 Guillaume

1792 464 2518 533 REFORMANDAE
2559 465 3104 535 ECCLESIAE.

4330 474 4452 540 506

2492 652 2732 720 Nonne
2788 663 2946 739 quot
2996 655 3106 721 hic
3165 657 3469 724 audimus
3526 660 3756 739 verba,
3812 665 3912 725 tot
3953 668 4113 726 sunt
4154 683 4454 730 exsecra-

2493 739 2658 807 biles
2704 741 3149 825 blasphemiae
3166 795 3181 824 ,
3237 744 3477 827 quibus
3519 746 3963 829 proscinditur
4007 769 4082 814 ac
4125 748 4456 816 laceratur

2494 825 2747 894 Christi
2824 829 3076 912 gloria?
3146 837 3221 894 ut
3279 831 3449 914 ipse,
3515 832 3989 914 propemodum
4056 836 4451 917 exinanitus,

2492 933 2733 978 nomen
2776 916 3061 980 retineat
3101 922 3363 981 tantum
3378 968 3392 994 ,
3439 917 3684 983 virtute
3728 926 3950 983 autem
3996 929 4231 986 careat.
4321 922 4454 990 Hic

2492 998 2689 1064 etiam
2756 1001 3192 1068 tacuissemus
3257 1002 3536 1082 scilicet,
3604 1025 3810 1087 quum
3874 1004 4082 1071 filium
4150 1005 4311 1087 Dei,
4379 1009 4452 1074 in

2493 1106 2691 1167 quem
2743 1095 2932 1170 pater
2988 1109 3179 1154 omne
3235 1088 3617 1171 imperium,
3677 1110 3941 1155 omnem
3984 1094 4342 1175 potentiam
4387 1101 4455 1160 et

2493 1171 2770 1255 gloriam
2819 1174 3127 1254 contulit,
3187 1183 3253 1239 et
3296 1176 3366 1239 in
3409 1196 3539 1258 quo
3584 1176 3722 1240 solo
3768 1177 4037 1262 gloriari
4080 1199 4203 1243 nos
4247 1180 4452 1261 iubet,

2491 1259 2589 1322 ita
2633 1259 2702 1324 in
2750 1262 2899 1339 [pag.
2940 1265 3048 1354 92]
3086 1259 3384 1326 ordinem
3430 1261 3642 1346 redigi
3685 1283 4125 1342 cerneremus,
4173 1272 4251 1330 ut
4292 1287 4455 1350 pau-

2493 1343 2703 1408 lulum
2785 1364 2989 1429 supra
3051 1367 3276 1412 servos
3342 1367 3500 1412 suos
3567 1347 3931 1414 emineret?
4024 1349 4247 1431 Quum
4313 1353 4455 1419 eius

2491 1430 2812 1496 beneficia
2864 1433 2939 1495 in
2992 1432 3318 1498 oblivione
3374 1433 3589 1499 iacere
3606 1485 3623 1512 ,
3680 1455 3884 1517 quum
3939 1436 4081 1501 eius
4135 1437 4455 1503 virtutem

2494 1517 2837 1582 hominum
2859 1518 3334 1602 ingratitudine
3369 1519 3716 1603 sepultam,
3754 1542 3958 1604 quum
3976 1523 4263 1605 pretium
4300 1545 4454 1590 san-

2492 1602 2716 1686 guinis
2769 1604 2910 1669 eius
2967 1604 3309 1684 vilescere,
3367 1626 3569 1688 quum
3622 1607 3912 1672 fructum
3968 1609 4198 1673 mortis
4249 1630 4455 1694 prope

2494 1687 2832 1769 abolitum,
2878 1712 3082 1773 quum
3126 1690 3408 1774 denique
3451 1692 3668 1774 ipsum
3713 1692 3809 1757 ita
3847 1691 4284 1760 deformatum
4329 1696 4453 1762 fal-

2491 1775 2583 1840 sis
2627 1781 2694 1840 et
2735 1776 3026 1859 profanis
3069 1776 3417 1842 hominum
3461 1778 3876 1861 opinionibus
3919 1778 4330 1862 videremus,
4375 1789 4455 1848 ut

2492 1860 2680 1926 inani
2722 1870 2980 1945 spectro
3017 1883 3219 1946 quam
3262 1864 3319 1928 si
3364 1864 3389 1926 i
3429 1872 3604 1930 esset
3646 1864 3938 1945 similior,
3984 1885 4068 1930 an
4104 1867 4230 1934 hoc
4276 1869 4456 1935 taciti

2495 1954 2565 2012 et
2633 1948 2839 2030 quieti
2916 1949 3217 2015 tulissem
3435 1947 3497 2015 Ο
3572 1950 3963 2016 sceleratam
4038 1953 4453 2036 patientiam,

2493 2054 2698 2118 quum
2751 2035 3132 2113 imminuto,
3204 2055 3293 2100 ne
3347 2035 3564 2101 dicam
3617 2044 3947 2120 prostrato
4003 2039 4132 2104 Dei
4190 2039 4453 2122 honore,

2492 2121 2588 2184 ita
2630 2120 2865 2185 leviter
2905 2122 3263 2206 tangimur,
3308 2127 3387 2186 ut
3426 2122 3757 2206 possimus
3794 2123 4205 2190 connivendo
4241 2134 4457 2193 trans-

2492 2205 2704 2270 silirel
2797 2204 2858 2271 O
2913 2207 3088 2272 male
3146 2206 3461 2274 collocata
3511 2208 3585 2272 in
3637 2229 3763 2273 nos
3820 2208 4073 2275 Christi
4117 2211 4454 2293 beneficia,

2492 2292 2552 2357 si
2586 2312 2813 2358 eorum
2857 2294 3246 2358 memoriam
3287 2293 3510 2376 impiis
3553 2293 3979 2377 blasphemiis
4014 2296 4108 2361 ita
4151 2299 4459 2364 suffocari

2492 2378 2923 2444 sustinemus!

2666 2463 2776 2529 Ad
2853 2464 3209 2531 secundam
3286 2465 3688 2532 christianae
3776 2465 4116 2533 doctrinae
4191 2475 4452 2554 partem
4520 2497 4523 2500 ·

2490 2549 2736 2615 iterum
2788 2550 3002 2617 redeo,
3094 2549 3262 2632 Quis
3313 2559 3515 2635 neget
3562 2554 3658 2617 ita
3713 2554 3956 2636 passim
4011 2553 4292 2620 delirare
4336 2555 4455 2620 ho-

2491 2635 2733 2717 mines,
2800 2645 2880 2702 ut
2931 2659 3311 2721 comparare
3368 2659 3438 2703 se
3501 2639 3708 2703 vitam
3777 2647 4117 2705 aeternam
4181 2647 4455 2725 operum

2489 2724 2728 2788 merito
2805 2723 3231 2789 existiment?
3323 2723 3791 2809 Coniungunt,
3869 2726 4108 2806 fateor,
4186 2727 4453 2792 interim

2490 2829 2644 2874 cum
2667 2809 2807 2874 suis
2830 2810 3138 2893 operibus
3160 2810 3290 2875 Dei
3335 2810 3648 2894 gratiam:
3698 2810 3815 2877 sed
3853 2832 4056 2894 quum
4089 2833 4228 2878 non
4263 2813 4455 2880 aliter

2491 2914 2563 2959 se
2606 2902 2829 2980 gratos
2864 2917 3007 2962 esse
3052 2895 3404 2974 confidant,
3450 2917 3648 2980 quam
3683 2897 3741 2963 si
3783 2896 3965 2981 digni
4003 2906 4178 2979 sunt,
4226 2919 4455 2965 eorum

2491 2990 2561 3046 et
2628 2980 2937 3047 fiduciam
3004 2988 3070 3047 et
3134 2981 3592 3066 gloriationem
3656 2985 3727 3047 in
3794 2983 4102 3067 operibus
4164 2985 4454 3051 residere

2489 3075 2761 3134 constat.
2851 3066 3037 3135 Haec
3080 3069 3240 3134 trita
3275 3076 3377 3135 est
3419 3089 3494 3134 ac
3538 3068 3989 3153 receptissima
4031 3071 4105 3135 in
4146 3071 4452 3140 omnibus

2489 3153 2729 3219 scholis
2770 3152 3094 3234 doctrina,
3155 3155 3320 3221 haec
3362 3156 3657 3220 omnium
3712 3156 3849 3220 fere
3894 3157 4131 3220 animis
4186 3158 4451 3240 penitus

2486 3240 2696 3304 infixa
2739 3241 2975 3324 opinio,
3022 3240 3115 3305 ita
3159 3262 3479 3324 quemque
3523 3243 3731 3305 amari
3776 3263 3816 3306 a
3850 3242 4011 3321 Deo,
4059 3248 4138 3306 ut
4179 3244 4452 3327 quisque

2488 3327 2580 3391 sit
2612 3325 2869 3410 dignus.
2940 3326 3089 3392 Hoc
3126 3334 3405 3409 recepto,
3452 3347 3673 3391 nonne
3709 3325 4027 3393 diabolica
4059 3328 4456 3396 confidentia

2487 3413 2557 3477 in
2604 3412 2811 3477 altum
2869 3412 3216 3496 eriguntur
3258 3411 3549 3493 animae,
3610 3420 3684 3478 ut
3725 3413 4031 3498 graviore
4069 3417 4453 3500 praecipitio

2486 3500 2556 3562 in
2635 3497 3115 3582 desperationis
3197 3499 3531 3583 gurgitem
3608 3508 3835 3582 postea
3916 3501 4158 3566 ruant?
4249 3501 4448 3582 Quid,

2487 3582 2661 3667 quod
2703 3605 2836 3650 non
2882 3586 3058 3651 veris
3098 3584 3331 3651 saltem
3376 3585 3729 3669 obsequiis,
3790 3584 3907 3652 sed
3949 3587 4142 3652 nihili
4183 3588 4449 3672 ineptiis

2485 3672 2708 3737 Deum
2752 3670 2990 3736 volunt
3022 3669 3386 3737 demereri?
3460 3670 3808 3755 Siquidem
3850 3672 3922 3737 in
3966 3672 4271 3757 operibus
4311 3696 4451 3739 me-

2483 3757 2734 3822 ritoriis
2799 3757 2963 3824 haec
3027 3756 3357 3823 habentur
3420 3757 3768 3841 primaria:
3834 3757 4081 3823 multas
4149 3760 4449 3843 preculas

2488 3863 2833 3909 susurrare
2850 3896 2866 3925 ,
2922 3845 3014 3910 eri
3063 3865 3175 3909 ere
3219 3843 3483 3923 altaria,
3539 3850 3794 3910 statuas
3841 3849 3990 3923 [pag.
4029 3850 4138 3926 92]
4186 3854 4305 3911 aut
4347 3852 4448 3910 ta-

2486 3929 2676 3995 bulas
2730 3929 2866 3995 illic
2924 3930 3020 3996 col
3050 3951 3240 3996 ocare
3255 3981 3272 4010 ,
3326 3930 3747 4013 frequentare
3792 3929 4069 4014 templa,
4127 3933 4449 3998 cursitare

2489 4014 2571 4081 de
2604 4015 2848 4099 templo
2880 4016 2953 4080 in
2987 4014 3329 4100 templum,
3367 4015 3612 4081 multas
3643 4017 3880 4081 missas
3916 4015 4162 4096 audire,
4197 4017 4450 4101 aliquas

2489 4122 2738 4180 emere,
2802 4101 3025 4167 nescio
3096 4100 3335 4185 quibus
3403 4101 3849 4180 abstinentiis,
3922 4124 4090 4185 quae
4146 4123 4186 4167 a
4239 4105 4451 4171 chris-

2489 4188 2670 4252 tiano
2713 4187 2958 4252 ieiunio
3013 4188 3086 4252 in
3129 4193 3344 4251 totum
3401 4186 3792 4267 dissideant,
3857 4188 4150 4273 affligere
4193 4212 4449 4273 corpus,

2486 4273 2831 4340 servandis
2883 4273 3230 4338 hominum
3288 4271 3748 4340 traditionibus
3803 4272 4155 4360 diligenter
4196 4275 4449 4342 incum-

2484 4360 2658 4426 bere.
2747 4359 2835 4424 In
2891 4359 3449 4426 satisfactionibus
3513 4380 3733 4425 nonne
3784 4362 3996 4426 maior
4048 4361 4269 4427 adhuc
4334 4362 4449 4428 de-

2482 4444 2780 4512 mentia?
2871 4444 3101 4527 Quum
3164 4445 3415 4511 scilicet
3478 4445 3893 4513 ethnicorum
3954 4468 4138 4513 more
4190 4448 4451 4530 piacula

2484 4540 2913 4616 quaererent,
2995 4532 3232 4619 quibus
3319 4553 3389 4597 se
3468 4552 3623 4598 cum
3701 4533 3846 4599 Deo
3924 4533 4442 4600 reconciliarent.

2483 4618 2631 4683 Iam
2700 4639 2887 4699 vero,
2980 4639 3183 4702 quum
3259 4618 3480 4684 omnia
3546 4617 3867 4684 tentando
3935 4618 4049 4685 diu
4127 4620 4445 4685 multum—

2482 4724 2610 4787 que
2673 4726 2743 4770 se
2785 4705 3201 4790 fatigassent,
3306 4702 3422 4769 uid
3465 4704 3919 4787 profecerant?
4024 4705 4201 4770 Nam
4242 4727 4447 4788 quum

2483 4790 2708 4855 omnia
2793 4792 3089 4857 facerent
3193 4788 3280 4855 du
3325 4791 3392 4855 ia
3479 4798 3547 4855 et
3644 4790 4014 4873 trepidante
4110 4794 4446 4857 conscien-

2482 4875 2579 4941 tia
2596 4929 2613 4956 ,
2686 4898 2944 4960 semper
3011 4897 3124 4942 eos
3189 4877 3559 4961 excipiebat
3632 4875 3965 4942 horribilis
4034 4876 4153 4942 illa
4217 4880 4447 4945 anxie-

2481 4971 2617 5041 tas,
2695 4962 2805 5029 vel
2868 4963 3089 5047 potius
3145 4961 3367 5027 dirum
3432 4959 3600 5027 illud
3657 4969 4091 5043 tormentum,
4169 4962 4251 5028 de
4317 4986 4445 5048 quo

2484 5053 2640 5113 ante
2699 5047 2866 5113 dixi:
2931 5049 3113 5132 quia,
3177 5070 3261 5114 an
3301 5049 3448 5114 Deo
3505 5067 3657 5112 cum
3711 5047 3852 5114 suis
3906 5049 4209 5132 operibus
4263 5052 4447 5116 exosi

2482 5141 2735 5214 essent,
2793 5133 3092 5200 dubitare
3135 5134 3545 5201 iubebantur.
3635 5133 3895 5201 Eversa
3936 5156 4132 5219 porro
4175 5157 4329 5201 eum
4375 5139 4446 5202 in

2479 5218 2748 5285 modum
2786 5218 3045 5301 fiducia,
3089 5220 3287 5287 simul
3333 5219 3626 5286 accidere
3670 5242 3935 5288 necesse
3977 5228 4096 5302 est,
4143 5221 4315 5306 quod
4352 5223 4448 5287 ait

2478 5306 2751 5386 Paulu's,
2791 5315 2865 5372 ut
2896 5316 3201 5373 aeternae
3236 5304 3668 5373 haereditatis
3703 5308 4052 5393 promissio
4089 5307 4444 5374 aboleatur.

2478 5391 2612 5460 Ubi
2668 5400 2829 5459 tunc
2871 5392 3216 5459 hominum
3277 5392 3499 5459 salus?
3589 5392 3728 5460 Nos
3787 5415 3977 5473 vero,
4036 5396 4092 5460 si
4134 5395 4206 5459 in
4260 5400 4448 5459 tanta
