4999 6179
423 431 550 495 633

421 627 709 687 mantur.
796 620 1106 701 Proinde,
1153 640 1311 687 suae
1353 621 1588 704 cuique
1622 620 1954 686 facultatis
1991 619 2391 686 conscientia

422 728 463 773 6
512 708 674 772 tima
728 707 884 787 erit,
949 727 1099 772 meo
1160 704 1436 786 iudicio,
1503 707 1630 772 hac
1687 708 1761 770 iu
1824 726 1898 771 re
1963 706 2387 772 moderatrix.

494 794 677 859 ui⁸se
717 794 1116 859 instructum
1159 793 1285 872 hae
1327 793 1535 858 animi
1569 787 2028 876 magnitudine
2072 792 2388 875 agnoscit,

423 887 502 944 ut
542 886 812 962 paratus
854 881 941 945 sit
982 879 1314 944 sustinere
1345 879 1612 966 quosvis
1655 879 1962 961 impetus,
2004 899 2090 943 ne
2135 899 2205 943 se
2247 877 2389 944 1666

422 972 706 1031 moveat.
779 964 916 1047 Qui
958 972 1178 1031 autem
1216 964 1686 1031 imbecillitatis
1731 986 1888 1030 suae
1924 965 2222 1030 conscius
2266 965 2393 1029 sibi

424 1050 683 1129 diffidit,
727 1073 851 1117 1166
893 1051 1252 1135 quidquam
1292 1051 1418 1117 sibi
1458 1050 1752 1134 polliceri
1796 1048 2026 1128 audet,
2072 1053 2234 1133 quin
2275 1071 2390 1133 po-

407 1137 561 1203 ·tius
624 1137 915 1220 trepidat
982 1145 1049 1202 et
1115 1144 1431 1203 eventum
1491 1139 1760 1203 veretur
1775 1187 1791 1215 ,
1860 1135 1982 1200 sibi
2050 1138 2266 1220 potius
2330 1137 2391 1201 is

396 1223 746 1312 -cousulat,
792 1223 1157 1307 periculum
1202 1222 1669 1306 praecavendO,
1716 1242 1915 1304 quam
1951 1223 2269 1305 praecoci,
2316 1229 2393 1288 ut

422 1309 520 1375 ita
583 1309 844 1394 loquar,
910 1308 1297 1375 fortitudine
1361 1330 1432 1374 se
1495 1309 1588 1372 iu.
1632 1307 1912 1373 exitium
1978 1309 2386 1392 praecipitet.

423 1396 600 1461 Nam
666 1397 779 1479 qui
846 1393 927 1461 de
1003 1397 1388 1461 infirmitate
1454 1415 1576 1460 sua
1639 1393 1932 1459 monitus
1996 1415 2130 1458 non
2196 1394 2387 1479 fugit,

424 1503 629 1566 quum
666 1480 884 1547 Deum
930 1488 1162 1561 tentet,
1210 1480 1602 1546 temeritatis
1648 1501 1808 1546 suae
1841 1499 2141 1563 poenam,
2185 1501 2389 1564 quum

424 1569 498 1633 111
528 1588 671 1632 rem
716 1576 1132 1651 praesentem
1166 1573 1436 1634 ventum
1484 1576 1602 1645 est,
1648 1567 1885 1631 merito
1928 1565 2069 1631 luit.
2137 1565 2390 1648 Quam-

426 1653 655 1719 obrem
720 1674 1258 1738 unumquemque
1321 1655 1393 1719 in
1448 1675 1517 1721 se
1573 1651 1970 1718 descendere
2025 1652 2218 1718 iubeo
2234 1704 2251 1732 ,
2318 1659 2394 1717 ut

426 1741 539 1824 qui
583 1760 654 1806 se
691 1748 957 1824 apertae
1003 1745 1152 1819 [pag.
1200 1743 1348 1819 121]
1395 1738 1787 1805 confessioni
1822 1736 2117 1803 nondum
2162 1749 2392 1821 apt-um

427 1847 572 1892 esse
629 1825 838 1903 videt,
898 1825 981 1891 ab
1032 1827 1388 1909 impiorum
1446 1825 1628 1890 rabie
1681 1831 2002 1908 quantum
2058 1831 2278 1908 potest
2322 1841 2391 1888 se

427 1912 765 1979 subducat.
833 1911 981 1976 Hac
1024 1932 1238 1990 causa,
1287 1913 1398 1995 qui
1432 1911 1741 1977 exsilium
1763 1909 2210 1975 voluntarium
2238 1910 2392 1976 sub-

373 2035 387 2048 ·
429 1999 598 2078 ierit,
644 1999 827 2063 omni
870 1996 1381 2081 reprehensione
1425 2005 1622 2062 caret.
1835 2063 1844 2072 ,

602 2082 982 2151 Secundam
1025 2084 1477 2168 quaestionem
1518 2085 1587 2148 in
1634 2082 1762 2147 duo
1807 2081 2105 2147 membra
2139 2079 2388 2148 divido:

428 2190 586 2236 nam
629 2191 797 2254 quae
854 2177 933 2235 tu
973 2177 1171 2254 putas
1228 2171 1426 2235 unius
1471 2189 1614 2236 esse
1657 2167 2089 2252 quaestionis,
2147 2167 2395 2234 habent

427 2278 565 2322 nou
598 2278 878 2341 parvum
900 2255 1272 2322 discrimen.
1309 2256 1541 2322 ‘Prius
1572 2254 1945 2320 membrum
1984 2261 2112 2319 est:
2147 2253 2392 2321 Utrum

429 2344 542 2427 qui
584 2343 795 2410 vitam
839 2343 1172 2426 privatam
1215 2341 1493 2426 degunt,
1552 2347 1669 2407 aut
1703 2341 2082 2425 funguntur
2125 2360 2202 2405 eo
2244 2359 2392 2404 mu-

430 2450 616 2508 nere,
686 2428 860 2513 quod
927 2428 1258 2511 publicam
1322 2427 1647 2511 evangelii
1718 2427 2193 2510 professionem
2259 2446 2392 2491 6611

428 2515 753 2598 requirat,
812 2513 974 2580 dum
1017 2514 1099 2580 ab
1143 2514 1514 2579 idololatria
1557 2514 1925 2590 abstinent,
1987 2512 2244 2578 consilii
2288 2512 2392 2576 sui

428 2602 759 2666 rationem
829 2599 1021 2668 obvio
1087 2601 1319 2684 cuique
1389 2597 1665 2665 reddere
1722 2606 2091 2664 teneantur.
2121 2599 2172 2682 ¹)
2258 2597 2395 2663 Re-

429 2686 749 2771 spondeo‚
814 2706 923 2752 me
980 2686 1088 2750 hic
1145 2694 1532 2769 perpetuam
1575 2685 1789 2770 legem
1848 2685 2214 2770 'praefigere
2259 2701 2422 2748 nou*

429 2771 702 2838 audere:
760 2771 953 2838 video
1012 2773 1191 2837 euim
1252 2770 1594 2837 Christum
1610 2824 1624 2849 ,
1682 2791 1888 2855 quum
1943 2769 2026 2835 ab
2079 2769 2394 2854 improbis

315 2865 326 2876 ‘
429 2857 714 2941 captiose
767 2859 1319 2943 interrogaretur,
1376 2857 1714 2923 interdum
1768 2856 1877 2924 vel
1919 2858 2228 2937 tacuisse,
2287 2855 2395 2921 vel

430 2944 611 3010 aliud
664 2943 943 3024 dixisse,
1005 2950 1080 3008 ut
1133 2965 1364 3009 eorum
1413 2943 1689 3009 insidias
1734 2943 2046 3008 eluderet.
2137 2942 2273 3022 Ita,
2336 2943 2394 3008 61

429 3031 578 3115 111116
621 3030 951 3129 ambiguis
1003 3031 1239 3114 figuris
1296 3050 1650 3113 suspensos
1708 3028 2041 3112 relinquat
2085 3049 2223 3107 666,
2281 3029 2412 3112 11111·

428 3117 648 3201 ipsum
725 3117 1141 3195 adorluntur,
1240 3138 1368 3180 non
1444 3115 1702 3180 damno.
1793 3113 2192 3198 Quanquam
2270 3135 2394 3178 uec

2073 369 2084 378 ·
2124 426 2738 536 AJPENDICES.

2442 2165 2448 2243 Ι
2497 2189 2599 2233 an·
2633 2167 3183 2236 satisfactionibus
3228 2167 3511 2234 redimi?

4335 438 4459 500 634

2493 619 2811 704 quidnam
2856 619 3189 704 expediat:
3240 641 3394 686 nam
3437 640 3561 687 nec
3601 621 3857 688 Paulus
3898 637 4117 688 coram
4162 625 4461 691 sacerdo-

2492 708 2671 772 tibus
2696 708 3012 790 primum,
3057 706 3293 772 deiude
3326 726 3546 773 coram
3584 708 3974 791 proconsule
4010 709 4272 776 disertis
4306 732 4461 777 ver-

2495 792 2616 871 bis,
2662 791 2820 877 quid
2865 793 2947 859 de
2990 793 3309 878 religione
3356 797 3624 872 sentiat,
3684 796 3984 878 exponit:
4042 816 4257 880 neque
4299 818 4461 863 vero

2495 879 2913 963 supersedet,
2982 880 3140 963 quia
3195 877 3462 945 studeat
3512 880 3693 946 vitae
3748 900 3907 946 suae
3960 901 4228 964 parcere
4274 882 4463 968 (nam

2497 965 2581 1031 ad
2624 971 2903 1030 mortem
2955 965 3144 1050 quasi
3189 965 3428 1031 devoto
3472 966 3693 1031 animo
3734 967 4097 1051 ferebatur)
4146 968 4262 1034 sed
4306 969 4464 1051 quia

2495 1072 2628 1117 1166
2703 1072 2845 1117 6666
2903 1052 3064 1116 111116
3119 1049 3384 1118 iudicat.
3475 1051 3729 1118 Christi
3778 1051 4048 1120 diversa
4115 1060 4218 1118 est
4269 1055 4460 1120 ratic.

2495 1139 2702 1204 Tacet
2745 1137 2926 1203 enim
2970 1135 3051 1203 de
3104 1137 3333 1203 multis
3378 1158 3600 1206 cora-m
3643 1139 3865 1204 Pilato
3884 1192 3901 1218 ,
3961 1141 4115 1222 quia
4168 1140 4464 1206 tribunal

2493 1224 2660 1289 illud
2701 1232 2842 1289 erat
2880 1245 3013 1290 nou
3042 1224 3353 1308 agendae
3397 1245 3661 1304 causae,
3709 1223 3826 1290 sed
3869 1225 4234 1291 audiendae
4278 1226 4463 1291 dam-

2495 1311 2804 1375 nationis.
2896 1308 3148 1376 Verum
3166 1362 3182 1389 ,
3251 1309 3339 1390 de·
3397 1313 3764 1377 6666666116
3836 1311 4054 1395 61111116
4124 1312 4463 1397 religionis

2495 1396 2710 1478 capite
2775 1394 2932 1460 dum
2998 1416 3340 1481 rogamur,
3407 1396 3541 1463 illic
3608 1398 3931 1463 subticere
3993 1398 4459 1482 periculosum:

2498 1480 2713 1548 dicere
2759 1489 2999 1561 autem,
3044 1503 3170 1564 quo
3223 1491 3291 1547 16
3332 1483 3740 1566 impietatem
3785 1484 4146 1567 approbare
4190 1506 4349 1569 prae
4392 1493 4464 1550 te

2493 1569 2687 1645 feras,
2732 1587 3004 1650 prorsus
3044 1567 3392 1652 indignum
3431 1578 3532 1634 est
3571 1569 3931 1636 christiano
3968 1577 4265 1653 pectore..
4310 1571 4463 1635 Nou

2543 1652 2868 1718 raescribo
2934 1654 3326 1719 nominatim
3341 1705 3356 1730 ,
3424 1675 3760 1739 quousque
3815 1654 4285 1739 progrediaris:
4344 1655 4463 1722 sed

2543 1760 2629 1804 uo
2673 1741 2903 1805 venire
2959 1738 3079 1804 tibi
3130 1740 3204 1805 16
3246 1748 3535 1805 mentem
3579 1739 3754 1816 yolo:
3812 1750 3879 1805 te
3944 1741 4081 1808 illic
4136 1749 4466 1825 ‚tanquam

2494 1823 2627 1890 Dei
2691 1846 2897 1890 manu
2961 1826 3105 1891 sisti
3121 1878 3136 1903 ,
3207 1825 3290 1890 ad
3360 1824 3681 1891 edendam
3745 1826 3898 1892 fidei
3961 1829 4464 1911 professionem:

2498 1910 2734 1976 deinde
2792 1910 3193 1994 sophisticen
3250 1911 3345 1976 illi
3421 1934 3563 1999 esse
3629 1933 3913 1978 exosam.
4005 1914 4200 1980 Nunc
4243 1913 4466 1979 videa-

2495 2018 2666 2072 mus,
2724 1997 3088 2080 suffugium
3151 1996 3317 2062 illud
3387 2019 3701 2081 quorsum
3767 2007 4033 2081 spectet.
4128 2007 4274 2079 [pag.
4315 2013 4340 2063 1
4356 2004 4465 2078 23]

2497 2081 2682 2163 Quid
2706 2081 2785 2151 de
2819 2089 3243 2166 peccatorum
3274 2085 3664 2149 remissione
3697 2084 3952 2150 sentis?
4001 2085 4465 2169 gratuitamne,

3596 2168 3792 2251 Quod
3837 2179 4068 2236 sancta
4110 2169 4319 2236 credit
4363 2190 4467 2236 ec-

2497 2253 2714 2320 clesia.
2772 2255 2945 2320 Nam
2984 2256 3040 2320 si
3065 2275 3295 2320 veram
3332 2253 3641 2338 appelleS,
3687 2256 4057 2339 exprimere
4102 2265 4167 2320 te
4210 2264 4464 2340 cogent,

2499 2339 2582 2405 de
2625 2362 2756 2424 qua
2798 2340 3102 2424 loquaris.
3193 2339 3524 2422 Quorsum
3571 2341 3697 2407 hoc
3731 2341 3989 2406 totum?
4037 2342 4167 2408 nisi
4210 2348 4290 2406 ut
4331 2341 4467 2407 illis

2498 2428 2905 2512 gratificeris.
2977 2426 3152 2504 Mea,
3195 2426 3472 2510 inquies,
3517 2427 3690 2510 nihil
3732 2429 4025 2508 interest,
4070 2427 4265 2493 modo
4310 2447 4466 2495 eva-

2498 2511 2669 2578 dam.
2761 2512 2976 2596 Cupio
3032 2512 3491 2579 infestissimos
3536 2512 3868 2578 dimittere
3885 2566 3900 2593 ,
3957 2513 4152 2579 modo
4194 2536 4281 2579 ne
4369 2514 4468 2579 la-

2499 2598 2684 2664 dium
2727 2598 2860 2664 illis
2902 2598 3103 2664 nimis
3162 2605 3390 2683 aperta
3448 2599 3854 2665 confessione
3898 2599 4251 2684 porrigam.
4385 2596 4468 2665 ed

2497 2686 2643 2769 quis
2687 2691 2790 2750 est
2833 2684 2943 2749 hic
2978 2684 3291 2751 ecclesiae
3334 2685 3765 2768 praetextus?
3839 2686 4074 2751 Nonne
4116 2685 4264 2751 ideo
4308 2705 4467 2751 eva-

2497 2771 2617 2851 dis,
2663 2771 2818 2855 quia
2860 2777 2927 2834 te
2970 2772 3044 2835 iu
3088 2771 3399 2837 ecclesiae
3443 2790 3756 2837 romanae
3795 2773 4188 2838 servitutem
4232 2771 4465 2838 reduc-

2496 2865 2640 2923 tum
2679 2876 2824 2922 esse
2861 2855 3140 2941 putant?
3207 2856 3394 2938 Quos
3438 2878 3635 2941 porro
3680 2858 4024 2942 theologos
4066 2856 4463 2942 intelligent,
4524 2871 4533 2880 '

2497 2943 2632 3009 11161
2683 2961 2867 3022 61166;
2920 2941 3046 3007 1166
3104 2951 3235 3022 661,
3293 2945 3590 3008 omnium
3632 2943 4192 3029 blasphemiarum
4249 2943 4465 3010 archi-

2497 3028 2747 3095 tectos?
2835 3029 3093 3095 Eorum
3136 3037 3202 3095 te
3246 3028 3485 3096 iudicio
3530 3031 3897 3111 submittis,
3942 3038 4019 3096 ut
4061 3037 4328 3114 paratus
4373 3031 4465 3098 sis

2498 3113 2910 3181 subscribere
2954 3116 3258 3181 omnibus
3305 3136 3533 3198 66111111
3580 3117 3856 3198 placitis,
3901 3138 4071 3200 quae
4115 3118 4293 3181 omni
4337 3118 4464 3181 im-

431 3225 708 3287 semper·
758 3203 952 3269 debet
1016 3201 1083 3266 id
1150 3203 1322 3267 fieri:
1399 3222 1525 3266 nec
1575 3201 1714 3267 'nisi
1784 3201 1962 3265 iusta
2027 3199 2108 3265 de
2176 3219 2388 3264 causa.
2411 3188 2447 3301 ‘3
2497 3202 2741 3285 pietate
2784 3202 3029 3266 referta
3072 3222 3215 3266 esse
3260 3210 3534 3266 constat.
3624 3202 3774 3267 Hoc
3814 3203 3868 3267 si
3913 3203 4035 3268 tibi
4071 3203 4274 3268 semel
4315 3224 4464 3287 per-

428 3289 656 3356 Unum
701 3290 979 3372 excipio:
1042 3310 1124 3353 ne
1181 3288 1310 3353 huc
1353 3295 1602 3370 spectet
1644 3287 2070 3371 ambiguitaS,
2119 3294 2192 3350 ut
2238 3305 2392 3350 con-

434 3377 680 3441 sentire
735 3376 1060 3455 impietati
1104 3373 1405 3440 videaris.
1495 3374 1669 3438 Nam
1724 3383 1799 3437 ut
1851 3372 2097 3438 claram
2152 3372 2394 3437 missae

430 3461 934 3527 detestationem
971 3463 1235 3545 exigere
1274 3461 1391 3526 abs
1411 3466 1480 3524 16
1511 3481 1643 3524 11611
1678 3458 1905 3536 6111166,
1941 3459 2037 3522 116
2072 3459 2130 3523 61
2150 3458 2393 3523 1616666

428 3555 498 3613 te
554 3549 967 3626 interfuisse,
1027 3546 1132 3611 vel
1177 3547 1657 3611 interfuturum
1720 3544 2017 3623 simules,
2076 3552 2190 3608 aut
2233 3565 2392 3628 quo-

423 3633 750 3717 quomodo
815 3635 956 3698 eius
1025 3633 1343 3716 religione
1406 3639 1476 3697 te
1539 3631 1864 3714 implicari
1929 3651 2212 3710 annuas,
2278 3638 2395 3696 aut

426 3741 587 3804 prae
630 3727 699 3785 16
743 3719 917 3785 feras
961 3718 1069 3784 vel
1113 3718 1471 3801 impietatis
1514 3738 1940 3796 consensum,
1985 3738 2123 3782 uon
2169 3716 2392 3782 dubito

426 3803 910 3888 reprehendere
954 3826 1030 3870 ac
1071 3804 1402 3869 damnare.
1494 3802 1797 3870 Alterum
1843 3803 2242 3875 membrum:
2281 3804 2392 3868 An

429 3891 507 3970 is,
555 3892 668 3975 qui
711 3889 794 3956 ad
837 3890 1126 3958 tribunal
1172 3891 1359 3974 impii
1403 3890 1638 3957 iudicis
1682 3898 1950 3969 tractus,
1998 3910 2197 3973 quum
2243 3894 2391 3968 [pag.

437 3983 587 4058 122]
644 3977 890 4043 nullius
939 3978 1037 4044 rei
1092 3977 1433 4044 convictus
1478 3977 1593 4052 sit,
1649 3977 1944 4041 confiteri
2002 3975 2400 4059 simpliciter

429 4071 497 4128 et
544 4063 720 4129 clare
763 4063 964 4129 fidem
1008 4085 1196 4129 suam
1240 4063 1503 4143 debeat,
1547 4061 1660 4127 ubi
1704 4060 1787 4126 de
1831 4082 1910 4126 ea
1952 4082 2028 4126 ro
2114 4068 2255 4125 tur:
2303 4082 2390 4126 66

428 4151 591 4216 66116
636 4149 879 4216 habeat
921 4152 1181 4229 testari,
1239 4171 1310 4215 66
1360 4148 1646 4217 credere·
1686 4146 1859 4231 quod
1913 4168 2022 4214 cre
2068 4148 2125 4211 it
2165 4158 2391 4212 sancta

429 4236 732 4303 ecclesia:
792 4242 859 4300 et
905 4237 977 4299 iu
1031 4236 1311 4321 siugulis
1359 4236 1684 4319 capitibus
1729 4231 1813 4298 ad
1858 4232 2029 4298 hanc
2069 4232 2391 4298 latebram

427 4323 798 4407 confugere.
889 4319 1086 4403 Quod
1130 4324 1186 4387 si
1229 4322 1511 4388 ulterius
1553 4328 1900 4404 urgeatur,
1947 4340 2108 4383 num
2154 4339 2390 4402 provo-

427 4428 576 4473 care
619 4409 720 4473 illi
763 4408 864 4473 fas
921 4408 1006 4472 sit
1050 4407 1133 4472 ad
1188 4407 1481 4491 publicos
1535 4427 1759 4473 sacrae
1812 4404 2181 4489 theologiae
2234 4423 2389 4488 pro-

423 4496 725 4574 fessores,
773 4500 841 4559 et
884 4514 994 4559 eos
1037 4493 1304 4577 quidem
1347 4494 1490 4577 pios
1534 4502 1601 4558 et
1644 4493 1880 4558 doctos.
1972 4490 2386 4574 RespondeO,

426 4581 484 4645 si
536 4578 934 4646 universalis
1000 4588 1175 4646 esset
1232 4580 1692 4664 interrogatiO,
1764 4577 2112 4644 deliberari
2177 4597 2387 4660 posse,

567 4733 626 4799 1)
680 4733 774 4787 Sic
821 4735 1045 4788 omnino
1103 4733 1385 4802 leyendum
1430 4749 1551 4787 cum
1599 4735 1855 4802 principe
1914 4730 2082 4798 (1549
2130 4737 2181 4786 et
2222 4729 2388 4794 1550)

426 4810 479 4858 et
529 4802 691 4858 Gallo
753 4806 907 4868 (sont
952 4805 1161 4865 tenuz).
1237 4801 1521 4857 Gallasius
1573 4810 1622 4855 et
1666 4802 1821 4857 Besa
1864 4802 2115 4857 mendose
2161 4803 2391 4869 scripse-

423 4878 592 4927 runt.-
637 4880 887 4941 teneant,
909 4869 1080 4954 ‘quod
1124 4873 1285 4926 etiam
1331 4870 1414 4925 ed.
1450 4870 1712 4925 Bau-hirii
1753 4872 1926 4928 habet.
2001 4870 2298 4927 Severiana
2341 4876 2394 4924 et

428 4940 947 4997 Amstezodammm
980 4954 1165 4994 veram
1200 4940 1475 4995 lectionem
1509 4941 1880 4995 restituerunt.

2443 3308 2448 3357 Ι
2496 3287 2790 3367 16166116,
2838 3307 2957 3352 6111
2998 3308 3149 3364 non,
3208 3286 3435 3351 eodem
3462 3287 3656 3366 iure,
3710 3287 4013 3353 fraenum
4071 3289 4188 3354 tibi
4248 3289 4463 3372 magis

2496 3372 2683 3439 laxes
2727 3371 3005 3438 subinde
3049 3392 3126 3437 66
3157 3374 3389 3455 magis,
3434 3379 3513 3436 ut
3543 3372 3677 3439 illis
3712 3375 3783 3438 iu
3820 3376 4104 3459 speciem
4140 3372 4222 3439 ad
4265 3395 4461 3457 quae-

2496 3460 2601 3524 vis
2645 3457 2979 3543 postulata
3023 3457 3328 3523 annuas?
3399 3458 3803 3524 Gratuitane
3842 3468 3945 3525 est
3978 3460 4277 3525 remissio
4313 3480 4463 3543 pec-

2498 3552 2793 3612 catorum
2811 3597 2829 3624 ,
2909 3565 2999 3609 611
3071 3544 3516 3611 satisfactione
3592 3546 3889 3612 constat?
3981 3545 4179 3611 Sane.
4269 3544 4463 3612 Intus

2498 3632 2677 3713 enim
2722 3631 2843 3695 tibi
2887 3631 3097 3709 canis,
3144 3631 3491 3696 Christum
3532 3632 3932 3698 satisfecisse.
4024 3630 4258 3697 Credis
4303 3652 4464 3714 pur-

2496 3715 2875 3803 gaterium?
2967 3715 3262 3797 Quidni?
3354 3716 3605 3783 Christi
3675 3720 3867 3784 enim·
3917 3719 4239 3802 sanguine
4302 3732 4462 3799 pur-

2498 3825 2752 3889 gamur.
2820 3801 2967 3867 Hoc
3010 3803 3333 3885 posterius
3381 3803 3657 3868 tacitum
3703 3805 4062 3871 devorabis.
4132 3802 4465 3868 Audietur

2498 3890 2766 3957 interim
2823 3911 2907 3954 ex
2974 3908 3087 3953 ore
3142 3895 3256 3954 tuo
3314 3896 3543 3972 aperta
3597 3889 4042 3974 blasphemiae
4081 3888 4460 3976 simulatio,

2495 3976 2630 4042 Ubi
2689 3975 2806 4040 illa
2846 3974 3238 4058 promissio?
3330 3974 3619 4040 Dabitur
3661 3976 3847 4042 vobis
3890 3975 4006 4041 illa
4049 3975 4213 4041 hora
4228 4027 4243 4053 ,
4307 3974 4466 4059 quid

2496 4060 2877 4144 loquamini,
2923 4068 3042 4125 etc.
3091 4058 3364 4145 (Matth.
3414 4066 3505 4138 10,
3552 4063 3679 4144 19).
3747 4060 4246 4127 Audebimusne
4291 4062 4463 4127 eius-

2494 4147 2675 4213 modi
2718 4146 3110 4213 confessioni
3150 4146 3511 4211 inscribere
3557 4150 3705 4226 [pag.
3750 4153 3896 4229 124]
3931 4148 4239 4232 spiritum
4274 4168 4462 4214 sanc-

2495 4242 2642 4299 tum
2696 4230 3039 4297 autorem?
3130 4229 3367 4312 Qualis
3420 4253 3616 4316 porro
3674 4235 3804 4298 erit
3856 4234 3964 4300 hic
4010 4234 4141 4298 Dei
4181 4241 4459 4318 martyr,

2495 4321 2610 4404 qui
2668 4318 2990 4401 impietati
3058 4317 3280 4400 palam
3347 4316 3863 4402 suffragabitur?
3955 4318 4236 4385 Summa
4295 4318 4461 4384 11666

2496 4408 2612 4472 sit:
2669 4425 2896 4470 omnes
2940 4402 3235 4486 obliquas
3278 4405 3765 4486 responsiones,
3826 4405 4062 4488 quibus
4104 4406 4461 4489 impiorum

2494 4494 2820 4570 furorem,
2898 4497 3213 4572 tanquam
3281 4491 3583 4555 veritatis
3661 4492 4121 4575 abnegatione,
4199 4491 4460 4575 placare

2496 4576 2870 4654 studemus,
2918 4574 3167 4641 alienas
3214 4573 3618 4642 Christianis
3664 4597 3807 4643 esse
3852 4599 4103 4644 666666.
4175 4578 4348 4642 Ν6111
4393 4586 4463 4641 61

2494 4664 2683 4731 Deus
2719 4662 3137 4745 sophisticen,
3184 4668 3262 4725 ut
3311 4660 3467 4739 dixi,
3520 4662 3964 4728 abominatur:
4010 4685 4132 4729 nec
4176 4663 4461 4727 multum

2496 4750 2803 4826 interest,
2853 4747 3090 4830 quibus
3136 4746 3356 4815 verbis
3401 4749 3614 4813 eiures
3657 4748 3811 4813 fidei
3855 4750 4322 4832 professionem
4340 4799 4356 4826 ‚
4401 4748 4462 4812 si

2498 4834 2621 4899 tihi
2662 4834 3067 4918 propositum
3120 4841 3222 4897 est
3276 4833 3496 4916 impiis
3555 4840 3620 4897 et
3663 4833 3916 4899 Christi
3974 4834 4272 4900 hostibus
4326 4833 4460 4918 sig-

2498 4920 2942 4988 nificationem
2987 4939 3344 4985 consensus
3391 4918 3563 4984 dare.
