4999 6179
519 436 644 497 315

519 622 693 688 verit
726 618 900 703 quod
941 616 1252 684 inveniat.
1345 616 1655 701 Agedum
1672 664 1689 692 ‚
1747 613 1913 677 illud
1955 612 2130 695 quod
2185 614 2254 678 in
2299 612 2480 678 clau-

519 708 673 775 sula
706 706 892 789 ponit
931 703 1233 787 Pighius,
1281 703 1424 767 sine
1467 701 1614 766 fuco
1662 698 2170 782 amplectamur:
2215 700 2311 762 ita
2359 717 2480 762 nos

520 811 814 859 asserere
858 788 1116 855 arbitrii
1159 787 1547 864 libertatem,
1585 796 1662 851 ut
1698 794 1922 851 tamen
1960 784 2128 848 nihil
2164 785 2354 849 nobis
2395 803 2479 847 ex

518 879 709 945 nobis
765 878 982 941 inesse
1022 875 1479 939 confiteamur:
1536 879 1604 935 et
1655 892 1787 954 pax
1835 872 2011 935 inter
2053 892 2174 936 nos
2223 875 2480 936 consta-

517 964 634 1031 bit.
723 960 861 1029 Sed
904 962 1056 1044 quia
1099 966 1234 1024 toto
1280 961 1531 1041 impetu
1571 956 1656 1022 ad
1699 956 2069 1022 faciendum
2102 956 2330 1021 fucum
2372 973 2478 1019 ra-

518 1052 719 1134 pitur,
765 1046 925 1131 quid
967 1047 1091 1111 hoc
1133 1044 1370 1122 valeat,
1417 1065 1552 1108 non
1598 1042 2079 1108 animadvertit.

696 1133 835 1201 Sed
890 1133 1113 1198 obiicit
1166 1131 1365 1196 aliam
1416 1130 1832 1206 sententiam,
1890 1150 1975 1192 ex
2029 1127 2326 1192 Homilia
2376 1131 2475 1191 53.

521 1223 598 1287 in
641 1221 989 1286 Ioannem:
1051 1216 1316 1281 tametsi
1368 1216 1584 1281 locum
1646 1234 1788 1278 non
1842 1213 2160 1296 designat.
2265 1212 2478 1276 Nemo

521 1309 617 1373 sic
672 1305 911 1372 audeat
966 1301 1313 1367 defendere
1368 1301 1649 1366 liberum
1718 1299 2066 1364 arbitrium
2081 1350 2096 1377 ,
2157 1308 2233 1362 ut
2289 1298 2479 1362 invo-

520 1392 807 1458 candum
862 1396 1064 1473 neget
1107 1388 1357 1472 gratiae
1415 1385 1771 1465 auxilium;
1823 1406 1944 1449 nec
1998 1387 2342 1466 quisquam
2386 1382 2481 1448 sic

522 1486 726 1561 neget
765 1475 1128 1543 voluntatis
1171 1471 1537 1550 arbitrium,
1577 1480 1654 1535 ut
1698 1470 1873 1553 quod
1916 1469 2070 1534 inde
2113 1468 2480 1534 necessario

520 1563 945 1645 consequitur
962 1612 976 1636 ‚
1037 1558 1280 1624 audeat
1334 1577 1652 1623 excusare
1708 1565 2064 1639 peecatum.
2170 1552 2306 1619 Sed
2350 1574 2478 1637 quo

519 1651 666 1714 iure
731 1647 974 1731 Pighio
1037 1645 1223 1710 licuit
1240 1696 1256 1724 ,
1326 1643 1751 1726 parenthesin
1818 1643 1990 1707 hanc
2049 1648 2343 1706 attexere
2398 1638 2479 1704 de

521 1755 661 1812 suo,
700 1756 777 1800 ac
821 1733 915 1798 sic
957 1734 1251 1797 inserere
1294 1728 1665 1805 contextui,
1712 1735 1789 1792 ut
1831 1748 1988 1810 pars
2033 1747 2176 1792 esse
2221 1723 2478 1791 videre-

517 1820 672 1884 tur?
764 1818 918 1900 Qua
960 1817 1350 1882 necessitate
1393 1815 1605 1897 magis
1640 1814 1956 1897 sequitur,
1993 1812 2295 1878 excusari
2331 1831 2478 1893 pee-

520 1914 746 1971 catum
761 1956 775 1982 ,
844 1904 903 1968 si
958 1902 1238 1967 liberum
1299 1900 1646 1965 arbitrium
1700 1906 2008 1983 negatur,
2081 1918 2279 1980 quam
2337 1896 2478 1961 tolli

521 1993 777 2076 gratiae
837 1987 1167 2054 auxilium
1185 2039 1199 2065 ,
1270 1986 1386 2051 ubi
1453 1984 1811 2050 statuitur?
1912 1983 2292 2049 Periculum
2358 1989 2476 2059 est,

519 2098 610 2142 ne
672 2076 957 2141 liberum
1025 2073 1376 2139 arbitrium
1441 2069 1793 2135 asserendo
1807 2121 1821 2147 ,
1879 2070 2125 2134 iniuria
2178 2070 2299 2134 fiat
2350 2068 2480 2132 Dei

523 2162 805 2247 gratiae:
855 2180 1120 2224 rursum
1164 2178 1267 2235 ne,
1313 2156 1383 2221 id
1427 2176 1684 2240 quoque
1727 2153 2049 2240 negand0,
2095 2154 2481 2237 praetextus

522 2246 931 2314 excusationi
991 2245 1348 2327 impiorum
1402 2243 1610 2307 detur.

522 2331 892 2400 cavendum
934 2331 1245 2397 admonet
1270 2329 1707 2413 Augustinus,
1754 2327 1925 2393 sicut
1967 2346 2087 2391 nos
2132 2325 2483 2408 diligenter

522 2418 969 2485 admonemus.
1060 2414 1136 2481 Si
1180 2435 1446 2480 necesse
1492 2422 1609 2491 est,
1656 2421 1883 2477 autore
1928 2411 2168 2494 Pighio
2183 2462 2197 2489 ,
2245 2410 2359 2475 ubi
2402 2410 2481 2474 li-

519 2506 755 2572 berum
794 2502 1143 2568 arbitrium
1187 2507 1487 2583 negatur,
1535 2498 1839 2563 excusari
1882 2505 2165 2580 peccata,
2210 2518 2329 2563 eur
2368 2496 2480 2561 de-

519 2592 691 2657 strui
734 2588 867 2655 Dei
910 2587 1195 2671 gratiam
1238 2587 1460 2649 minus
1503 2602 1768 2648 necesse
1811 2585 1956 2662 erit,
2003 2584 2060 2648 si
2103 2581 2478 2648 asseratur?

520 2676 673 2742 Hoc
718 2677 773 2741 si
819 2695 938 2739 suo
982 2672 1252 2736 nomine
1295 2669 1601 2747 dixisset,
1659 2668 1952 2734 iuberem
1996 2690 2147 2735 cum
2194 2668 2334 2733 suis
2374 2669 2478 2732 in-

521 2762 718 2845 eptiis
773 2757 1002 2841 procul
1062 2758 1399 2822 facessere.
1501 2754 1566 2821 N
1568 2777 1698 2821 unc
1733 2756 1782 2839 ¹)
1850 2776 2053 2839 quum
2108 2756 2480 2838 Augustino

522 2845 878 2924 affinxerit,
921 2840 1040 2909 eur
1083 2862 1220 2907 non
1260 2840 1604 2907 falsarium
1645 2840 2024 2905 nominem?
2103 2841 2315 2905 Porro
2359 2840 2480 2905 fal-

523 2953 667 2997 sam
707 2931 879 2996 hanc
919 2927 1351 2994 adiectionem
1395 2926 1572 3005 tolle,
1617 2925 1778 3009 quid
1818 2927 1955 2991 illie
1990 2932 2110 3005 est,
2158 2925 2330 3008 quod
2364 2948 2482 2991 no-

523 3016 626 3082 bis
665 3013 1098 3081 adversetur?
1189 3012 1428 3079 Oaveri
1471 3012 1619 3078 vult
1659 3012 2095 3098 Augustinus,
2142 3032 2228 3076 ne
2261 3013 2482 3096 impiis

524 3101 720 3169 detur
761 3102 999 3185 aliquis
1041 3108 1424 3185 praetextus
1468 3098 1551 3163 ad
1597 3098 1977 3165 excusanda
2018 3106 2300 3182 peccata.
2370 3100 2482 3164 An

521 3211 659 3255 non
699 3188 822 3253 hoc
865 3185 1094 3252 sedulo
1144 3184 1613 3252 observamus?
1704 3185 1876 3250 Nam
1922 3190 1992 3250 et
2043 3193 2277 3268 sponte
2322 3184 2481 3250 dici-

523 3296 677 3339 mus
734 3293 1034 3358 peceare,
1096 3272 1471 3354 quicunque
1514 3279 1817 3354 peccant,
1880 3292 2082 3354 eoque
2129 3271 2273 3353 ipso
2327 3291 2481 3336 con-

525 3361 734 3426 victos
777 3359 1008 3437 teneri,
1046 3379 1131 3422 ne
1174 3378 1244 3422 se
1289 3378 1329 3421 a
1368 3365 1556 3421 reatu
1599 3357 1911 3422 eximant.
1979 3356 2165 3421 Iusto
2209 3356 2337 3421 Dei
2380 3357 2481 3420 iu-

526 3445 695 3510 dicio
750 3442 1080 3522 damnari,
1144 3443 1255 3526 qui
1308 3444 1452 3508 eius
1506 3443 1828 3507 iustitiam
1883 3441 2310 3519 violaverint,
2373 3442 2478 3507 cui

525 3531 854 3598 subiectos
907 3549 1051 3595 esse
1106 3549 1225 3593 nos
1283 3548 1509 3593 omnes
1553 3528 1767 3594 decet:
1828 3538 2102 3593 naturae
2161 3549 2316 3593 vero
2358 3530 2483 3591 im-

524 3616 952 3682 becillitatem
994 3619 1113 3679 aut
1149 3614 1608 3695 impotentiam
1635 3614 1882 3678 frustra
1920 3622 2325 3696 praetexere,
2371 3634 2485 3678 cu-

524 3705 634 3767 ius
695 3700 821 3767 sibi
884 3699 1145 3782 culpam
1216 3699 1543 3780 imputare
1607 3697 1900 3764 debeant.
2013 3698 2247 3782 Itaque
2313 3697 2484 3783 quod

524 3807 876 3873 perperam
939 3786 1012 3850 in
1076 3805 1196 3849 nos
1251 3793 1559 3865 torquere
1604 3784 1845 3868 Pighio
1899 3783 2097 3849 libuit
2111 3834 2127 3864 ,
2185 3805 2327 3850 nos·
2349 3804 2484 3849 non

522 3893 765 3959 parum
806 3870 1094 3936 adiuvat.
1181 3869 1358 3933 Nam
1400 3889 1603 3951 quum
1637 3869 1762 3936 hac
1801 3871 2184 3952 exceptione
2216 3877 2484 3935 conten-

525 3969 638 4026 tus
690 3958 779 4024 sit
828 3955 1247 4041 Augustinus
1262 4005 1277 4033 ,
1333 3955 1678 4021 nobiscum
1733 3954 1832 4019 illi
1884 3954 2053 4020 bene
2106 3957 2480 4034 convenire,

526 4047 677 4128 quis
731 4062 866 4108 non
919 4032 1138 4108 videt?
1240 4040 1666 4105 Praestamus
1729 4042 1909 4105 enim
1977 4039 2260 4106 fideliter
2311 4040 2483 4125 quod

526 4130 825 4212 requirit,
872 4125 1048 4206 dum,
1095 4125 1220 4190 hac
1254 4123 1700 4191 moderatione
1735 4126 2049 4205 adhibita,
2094 4149 2179 4192 ne
2214 4137 2483 4209 peccata

527 4234 650 4280 sua
691 4223 1010 4278 excusent
1051 4211 1352 4276 homines
1365 4262 1381 4289 ,
1427 4210 1706 4276 liberum
1750 4210 2096 4276 arbitrium
2139 4234 2477 4296 negamus.

702 4297 840 4364 Sed
882 4296 1359 4362 formidabilem
1401 4296 1779 4361 machinam
1815 4296 2056 4363 habere
2089 4319 2160 4363 se
2197 4299 2482 4384 Pighius

528 4390 748 4469 putat,
795 4403 880 4448 ex
924 4380 1135 4461 libris,
1192 4401 1356 4465 quos
1398 4379 1482 4445 ad
1529 4380 1957 4446 Valentinum
2000 4384 2264 4467 scripsit
2305 4384 2482 4451 idem

528 4469 965 4553 Augustinus.
1054 4467 1230 4532 Nam
1273 4487 1479 4550 quum
1534 4467 2022 4549 suspicarentur
2065 4479 2222 4534 tunc
2264 4470 2479 4550 multi,

531 4554 793 4621 defendi
848 4554 1132 4619 liberum
1185 4552 1532 4616 arbitrium
1586 4574 1719 4617 non
1763 4574 1950 4635 posse
1965 4605 1979 4631 ,
2037 4556 2180 4621 sine
2232 4557 2481 4642 gratiae

529 4641 802 4707 iniuria:
848 4639 934 4704 ad
978 4639 1156 4704 hune
1191 4657 1482 4702 errorem
1517 4637 1967 4718 refellendum,
2005 4641 2202 4723 prior,
2246 4643 2480 4726 inquit,

531 4726 617 4791 ad
659 4726 1092 4790 Valentinum
1132 4723 1300 4789 liber
1341 4744 1381 4786 a
1424 4733 1649 4788 sancto
1691 4725 1836 4790 vir0
1872 4727 2151 4808 scriptus
2195 4736 2324 4794 est:
2369 4729 2482 4794 ubi

531 4831 723 4876 suam
788 4809 870 4874 de
934 4809 1149 4892 gratia
1211 4817 1281 4873 et
1345 4808 1550 4874 libero
1614 4810 1885 4874 arbitrio
1962 4811 2323 4878 doctrinam
2389 4814 2485 4880 sic

532 4903 893 4977 temperat,
952 4900 1031 4958 ut
1083 4894 1279 4960 simul
1337 4896 1753 4962 conveniant.
1856 4897 2032 4962 Nam
2085 4906 2154 4962 et
2204 4901 2277 4964 in
2339 4900 2482 4982 ipso

529 4980 684 5046 libri
726 4977 993 5045 exordio
1050 4980 1452 5046 sufficienter
1492 4980 1856 5064 praedicari
1905 4982 1978 5047 in
2020 4984 2362 5066 scripturis
2402 4985 2484 5049 li-

669 5199 729 5266 1)
768 5199 864 5255 Sic
905 5201 1035 5256 bone
1160 5203 1331 5270 'neem
1367 5209 1421 5258 et
1469 5203 1776 5259 Gallasim.
1854 5202 2052 5258 Gallus
2086 5205 2277 5257 vertit.-
2324 5205 2480 5262 Mais.

1825 421 2199 491 RESPON
2200 421 2355 490 510
2400 421 2780 490 CONTRA
2820 420 3238 489 PIGEIUM

2529 1672 2536 1707 ,ᾳ-

1712 2241 2086 2323 Utrumque
2142 2244 2290 2318 [pag.
2335 2243 2482 2318 115]
2531 2240 2537 2299 l

4417 421 4545 485 316

2587 609 2818 676 berum
2865 609 3240 689 arbitrium,
3296 610 3486 692 quasi
3539 629 3660 693 pro
3704 609 4000 674 confesso
4056 610 4288 687 sumit;
4350 618 4415 672 et
4473 608 4545 673 id

2586 703 2814 779 postea
2829 747 2844 772 ‚
2908 703 3050 760 tam
3113 716 3199 760 ex
3262 695 3656 777 praeceptis,
3714 715 3915 778 quam
3976 693 4124 760 aliis
4177 693 4544 759 rationibus

2585 780 2837 864 probat.
2938 781 3211 847 Faciam
3264 779 3399 859 hic,
3468 780 3641 863 quod
3706 780 4027 846 hactenus
4085 779 4318 845 solitus
4375 801 4541 846 sum.

2584 868 2854 933 Nemini
2911 868 3091 933 enim
3145 866 3338 931 alteri
3407 868 3625 948 aptius
3642 917 3656 942 ,
3715 887 3916 948 quam
3972 866 4348 949 Augustino
4395 867 4543 949 ipsi,

2586 952 2889 1017 mandari
2957 973 3145 1035 posse
3211 952 3330 1017 has
3407 960 3629 1034 partes
3707 951 4011 1017 existimo
4026 1003 4045 1029 ,
4111 963 4186 1015 ut
4248 959 4546 1017 mentem

2589 1059 2774 1103 suam
2818 1041 3308 1120 interpretetur.
3400 1036 3580 1118 Quid
3634 1058 3794 1121 ergo
3837 1058 4041 1120 quum
4087 1037 4339 1102 homini
4380 1036 4545 1103 libe-

2586 1144 2739 1188 rum
2793 1124 3144 1191 arbitrium
3202 1123 3459 1201 tribuit,
3519 1123 3641 1188 sub
3698 1123 3826 1187 hoc
3882 1123 4149 1188 nomine
4204 1129 4352 1202 [pag.
4396 1137 4424 1186 1
4440 1127 4546 1201 16]

2587 1209 3135 1292 comprehendat,
3190 1216 3419 1291 postea
3453 1206 3685 1274 definit
3738 1208 3844 1273 his
3887 1208 4133 1275 verbis:
4192 1209 4543 1288 Voluntas,

2585 1295 2820 1377 inquit,
2866 1296 2939 1359 in
2982 1295 3247 1359 homine
3268 1315 3527 1376 semper
3563 1302 3665 1359 est
3702 1293 3942 1359 libera:
3990 1294 4106 1359 sed
4129 1316 4264 1359 non
4285 1315 4577 1377 semper

2586 1379 2770 1445 bona.
2840 1383 2981 1445 Aut
3024 1382 3200 1444 enim
3251 1402 3292 1444 a
3334 1381 3583 1445 iustitia
3627 1379 3838 1444 libera
3881 1388 3985 1444 est
4030 1380 4294 1463 quando
4341 1381 4548 1447 servit

2584 1474 2872 1549 peccato,
2925 1474 2992 1530 et
3031 1476 3190 1530 tunc
3239 1474 3341 1531 est
3375 1465 3568 1531 mala.
3645 1467 3785 1530 Aut
3819 1485 3859 1529 a
3903 1473 4167 1547 peccato
4207 1466 4415 1531 libera
4445 1476 4547 1532 est

2587 1551 2847 1635 quando
2883 1554 3092 1617 servit
3115 1553 3422 1631 iustitiae,
3457 1559 3525 1616 et
3547 1559 3709 1615 tunc
3735 1559 3837 1616 est
3860 1551 4058 1616 bona.
4119 1551 4359 1617 Gratia
4381 1572 4544 1619 vero

2585 1638 2714 1701 Dei
2759 1656 3018 1719 semper
3075 1645 3176 1700 est
3215 1638 3415 1716 bona,
3470 1657 3635 1719 quae
3687 1638 3872 1719 prius
3913 1637 4093 1703 mala
4137 1639 4380 1702 fuerat:
4426 1659 4546 1721 per

2587 1744 2787 1805 quam
2820 1723 3021 1788 etiam
3051 1724 3145 1800 fit,
3182 1731 3260 1787 ut
3292 1724 3437 1805 ipsa
3471 1724 3644 1788 bona
3664 1722 3990 1803 voluntas,
4022 1744 4193 1806 quae
4228 1725 4360 1788 iam
4400 1745 4544 1790 esse

2586 1809 2801 1891 coepit
2816 1861 2832 1888 ,
2890 1817 3225 1893 augeatur.
3328 1808 3699 1887 Habemus,
3763 1830 3898 1873 non
3960 1810 4092 1874 alia
4134 1828 4329 1875 causa
4380 1809 4543 1875 libe-

2584 1916 2730 1959 ram
2777 1894 2904 1960 dici
2946 1895 3385 1971 voluntatem,
3442 1894 3574 1960 nisi
3616 1895 3773 1978 quia
3828 1904 4191 1977 spontaneo
4233 1903 4543 1962 movetur

2586 1980 2844 2046 affectu.
2948 1980 3231 2063 Pighius
3287 1989 3508 2045 autem
3585 1981 3783 2064 longe
3846 1979 4026 2046 aliud
4096 1982 4405 2064 requirit:
4469 1989 4547 2047 ut

2585 2066 2840 2132 scilicet
2893 2066 3168 2131 liberam
3226 2066 3466 2131 habeat
3518 2066 3627 2131 vel
3680 2065 3837 2132 boni
3892 2067 3997 2131 vel
4054 2067 4213 2132 mali
4257 2067 4543 2151 eligendi

2584 2152 2983 2217 facultatem.
3096 2152 3345 2217 Libera
3412 2162 3542 2227 est,
3606 2153 3820 2235 inquit
3872 2152 4322 2237 Augustinus,
4389 2154 4545 2236 quia

2587 2245 2821 2320 sponte
2863 2238 3055 2302 mala.
3143 2238 3425 2322 Pighius
3473 2238 3749 2307 liberam
3792 2259 3934 2304 esse
3977 2239 4344 2318 contendit,
4390 2240 4546 2323 quia

2587 2322 2832 2389 liberae
2888 2325 2960 2387 in
3013 2333 3364 2407 utramque
3428 2332 3685 2406 partem
3754 2323 4088 2391 electionis
4155 2327 4243 2390 sit
4313 2346 4539 2409 capax.

2590 2410 2714 2475 Vis
2775 2430 2932 2493 ergo
2989 2410 3275 2476 breviter
3336 2412 3505 2477 scire
3526 2462 3541 2488 ‚
3597 2430 3725 2492 quo
3780 2431 3980 2475 sensu
4034 2411 4315 2476 liberum
4369 2413 4543 2477 arbi-

2588 2497 2792 2560 trium
2840 2517 2995 2561 cum
3132 2497 3265 2561 atia
3318 2495 3722 2579 coniungat?
3824 2495 4068 2562 Tribus
4121 2497 4342 2563 verbis
4397 2505 4545 2564 tan·

2588 2580 2740 2647 dem
2781 2582 2851 2646 in
2895 2583 3027 2647 fine
3094 2582 3217 2646 ibri
3254 2582 3625 2665 respondet.
3714 2581 3891 2663 Quia
3922 2603 4043 2666 per
4085 2584 4368 2666 gratiam
4407 2604 4546 2649 non

2588 2667 2842 2732 tollitur
2884 2668 3181 2733 humana
3222 2669 3556 2747 voluntas,
3614 2667 3730 2733 sed
3773 2690 3856 2734 ex
3913 2668 4089 2734 mala
4129 2677 4433 2735 mutatur
4470 2670 4545 2735 in

2585 2753 2844 2831 bonam,
2888 2762 2956 2818 et
2998 2774 3202 2837 quum
3244 2755 3417 2819 bona
3458 2754 3672 2831 fuerit,
3719 2752 4090 2821 adiuvatur.
4143 2754 4291 2820 Iam
4334 2754 4543 2831 audis,

2587 2839 2841 2905 homini
2883 2838 3149 2922 quidem
3191 2847 3435 2905 natura
3477 2841 3743 2906 subesse
3778 2841 4207 2920 voluntatem,
4253 2840 4370 2907 sed
4404 2861 4546 2906 ma-

2586 2926 2739 3003 lam,
2786 2932 2853 2990 et
2898 2946 3064 3008 quae
3107 2926 3278 2991 bona
3320 2945 3462 2991 esse
3506 2947 3624 3009 per
3666 2946 3738 2991 se
3781 2934 4079 3011 nequeat,
4132 2947 4255 2992 nec
4298 2925 4384 2992 ad
4428 2927 4545 2992 bo-

2586 3032 2754 3076 num
2798 3012 3116 3095 aspirare:
3178 3011 3394 3095 gratia
3448 3021 3670 3077 autem
3712 3011 3842 3078 Dei
3886 3034 4024 3077 non
4065 3011 4238 3092 tolli,
4293 3019 4372 3077 ut
4409 3034 4545 3079 non

2588 3100 2691 3178 sit,
2751 3096 2868 3163 sed
2922 3099 3160 3182 corrigi
3216 3107 3286 3163 et
3338 3119 3421 3162 ex
3464 3098 3642 3164 mala
3698 3101 4022 3178 converti,
4082 3106 4158 3163 ut
4209 3100 4381 3164 bona
4433 3102 4541 3167 sit.

2586 3184 2743 3272 Non
2786 3203 3018 3250 vereor
3059 3193 3138 3249 ut
3190 3184 3300 3266 qui
3354 3184 3601 3250 librum
3654 3192 3866 3250 totum
3920 3184 4271 3269 diligenter
4314 3193 4383 3250 et
4426 3186 4543 3252 ad-

2582 3270 2795 3354 hibito
2838 3270 3077 3336 iudicio
3134 3271 3394 3354 legerit,
3441 3268 3698 3335 dubitet
3736 3292 3824 3335 an
3867 3271 4267 3336 sententiam
4309 3292 4543 3339 secun·

2589 3356 2747 3422 dum
2789 3378 2895 3421 me
2939 3356 3113 3421 ferre
3167 3355 3418 3420 debeat.
3509 3353 3838 3435 Quoniam
3893 3365 4113 3421 tamen
4154 3378 4286 3422 non
4329 3361 4546 3423 omni-

2593 3442 2713 3507 bus
2771 3455 2960 3506 vacat
3012 3442 3232 3525 legere
3246 3490 3261 3518 ,
3323 3462 3531 3523 pauca
3584 3441 3729 3507 eius
3772 3442 3977 3508 verba
4029 3442 4183 3508 inde
4240 3444 4541 3524 referam,

2590 3550 2676 3594 ex
2718 3528 2952 3610 quibus
2995 3529 3113 3592 fiat
3154 3528 3594 3609 perspicuum,
3639 3535 3962 3611 quantum
4005 3528 4337 3595 facultatis
4382 3550 4545 3596 con-

2591 3612 2784 3680 cedat
2826 3613 3137 3691 humano,
3183 3611 3358 3695 quod
3399 3612 3535 3680 illic
3579 3613 3887 3694 defendit,
3929 3613 4217 3680 arbitrio,
4305 3615 4544 3701 Fingi-

2589 3720 2774 3778 mur,
2832 3699 3077 3783 inquit,
3134 3696 3203 3762 id
3257 3707 3387 3778 est,
3438 3699 3802 3765 formamur
3852 3702 3924 3765 in
3969 3701 4276 3784 operibus
4332 3702 4541 3782 bonis,

2589 3806 2755 3868 quae
2796 3806 2928 3849 non
2971 3785 3509 3868 praeparavimus
3541 3786 3686 3868 ipsi,
3732 3786 3848 3852 sed
3882 3787 4300 3870 praeparavit
4333 3785 4542 3867 Deus,

2589 3879 2664 3936 ut
2726 3873 2798 3935 in
2862 3870 2996 3936 illis
3058 3870 3485 3937 ambulemus.
3596 3870 3764 3952 Quis
3828 3893 4024 3956 porro
4068 3874 4158 3937 sit
4212 3872 4543 3940 formandi

2588 3956 2853 4030 modus.
2910 3956 3234 4040 sequitur:
3296 3956 3628 4037 Quoniam
3678 3959 3820 4042 ipse
3871 3966 3947 4024 ut
3988 3958 4269 4026 velimus
4310 3980 4544 4044 opera-

2588 4049 2699 4107 tur
2753 4042 3099 4125 incipiens,
3155 4044 3267 4125 qui
3321 4042 3693 4109 volentibus
3737 4055 4121 4128 cooperatur
4172 4046 4540 4128 perficiens.

2587 4129 2683 4196 Ut
2728 4148 2887 4213 ergo
2932 4128 3230 4206 velimus,
3276 4129 3419 4192 sine
3459 4129 3649 4194 nobis
3683 4139 4020 4213 operatur:
4066 4153 4271 4215 quum
4316 4140 4545 4197 autem

2586 4215 2907 4294 volumus,
2952 4222 3021 4280 et
3063 4213 3157 4278 sic
3191 4213 3498 4280 volumus
3532 4223 3610 4279 ut
3641 4216 3975 4295 faciamus,
4021 4216 4357 4283 nobiscum
4394 4238 4545 4284 coo-

2586 4309 2884 4386 peratur:
2944 4309 3171 4364 tamen
3225 4302 3366 4365 sine
3410 4299 3522 4365 illo
3541 4351 3556 4379 ,
3613 4302 3722 4365 vel
3764 4311 4079 4387 operante
4122 4311 4199 4368 ut
4240 4303 4543 4382 velimus,

2586 4388 2694 4454 vel
2763 4393 3155 4467 cooperante
3233 4406 3437 4467 quum
3494 4385 3799 4452 volumus
3813 4438 3830 4466 ,
3898 4389 3981 4455 ad
4045 4390 4220 4454 bona
4277 4390 4546 4472 pietatis

2588 4492 2790 4555 opera
2831 4470 3001 4535 nihil
3053 4471 3369 4535 valemus.
3462 4469 3599 4537 Sed
3654 4474 3822 4539 forte
3878 4480 4026 4556 [pag.
4075 4489 4100 4538 1
4119 4481 4219 4553 17]
4266 4495 4544 4559 praepa-

2588 4565 2775 4624 ratur
2838 4556 3055 4640 aliquo
3110 4554 3303 4620 modo
3357 4556 3439 4621 ad
3508 4558 3954 4642 recipiendam
4018 4561 4191 4626 hanc
4256 4561 4544 4645 gratiam

2591 4643 2878 4710 hominis
2923 4643 3245 4707 voluntas.
3335 4643 3615 4708 Minime
3656 4666 3838 4723 vere,
3882 4646 4097 4728 inquit
4138 4646 4280 4711 ille:
4342 4668 4543 4711 num-

2589 4729 2747 4813 quid
2789 4729 2966 4794 enim
3011 4724 3226 4792 dicere
3267 4747 3641 4810 possumus,
3687 4731 3898 4797 bonae
3939 4732 4298 4798 voluntatis
4339 4733 4544 4798 meri-

2589 4824 2735 4881 tum
2790 4816 2865 4879 in
2917 4813 3186 4878 homine
3236 4816 3695 4896 praecessisse,
3754 4828 3832 4883 ut
3884 4818 4278 4883 avelleretur
4332 4817 4416 4883 ab
4460 4838 4542 4883 ee

2592 4922 2704 4968 cor
2744 4898 3123 4982 lapideum?
3181 4898 3354 4981 quod
3396 4922 3528 4965 non
3572 4902 3902 4986 significat
3942 4905 4074 4969 nisi
4117 4901 4544 4970 durissimam

2590 4986 3032 5064 voluntatem,
3086 4992 3155 5050 et
3205 4985 3522 5052 adversus
3574 4989 3794 5053 Deum
3858 4991 4124 5054 omnino
4175 4988 4545 5055 inflexibile

2590 5081 2707 5137 est.
2794 5070 2927 5136 Ubi
2980 5080 3204 5136 autem
3260 5072 3589 5154 praecedit
3629 5075 3802 5140 bona
3841 5074 4154 5141 voluntas
4170 5126 4185 5154 ,
4230 5077 4361 5139 iam
4404 5096 4547 5141 non

2590 5165 2693 5222 est
2734 5158 2962 5240 utique
3005 5178 3116 5223 eor
3164 5156 3511 5239 lapideum.
3602 5160 3698 5223 At
3742 5159 4148 5227 voluntatem
4188 5162 4355 5226 forte
4398 5182 4545 5226 mo-

528 5267 713 5324 nem
744 5268 912 5324 camo
945 5286 1012 5324 ex
1065 5272 1185 5325 ἐι.-
1216 5271 1381 5338 Nam,
1429 5273 1580 5342 quoa
1614 5271 1812 5327 deindo
1846 5271 2368 5328 Ammzoaamemcn
2414 5290 2480 5330 ιω
2586 5250 2702 5309 vet
2742 5249 3013 5308 eatenus
3045 5242 3177 5308 Dei
3210 5244 3441 5327 gratia,
3484 5251 3560 5308 1¹¹³
3596 5242 3681 5309 ad
3711 5245 3956 5311 bonum
3992 5246 4319 5312 duntaxat
4347 5248 4547 5313 flexi-

525 5339 840 5395 mactum
871 5341 1105 5396 manvi&
1137 5341 1230 5396 in:
1261 5339 1395 5395 Iam.

2582 5329 2666 5395 lis
2708 5327 2811 5405 sit,
2857 5349 2994 5393 non
3037 5337 3259 5395 autem
3302 5330 3635 5397 efficacem
3687 5330 3761 5395 in
3802 5353 3880 5398 ea
3924 5333 4231 5399 affectum
4273 5333 4545 5400 excitat.
