4999 6179
389 446 515 509 329
533 502 568 527 .„
1875 439 2004 506 116
2051 438 2406 509 LIBERO
2450 436 2927 506 ARBITRIO.
4287 443 4416 507 330

565 631 699 699 Sed
755 634 827 696 in
880 633 1232 716 postremis
1275 634 1480 697 etiam
1537 631 1798 714 scriptis
1856 633 2190 698 conveniri
2237 631 2351 696 do·
2452 628 2641 693 iubet
2683 628 2904 712 aliqua
2946 649 3113 712 quae
3148 650 3283 693 non
3318 649 3684 710 possumne,
3729 635 3806 694 ut
3840 629 4220 695 noverimus
4256 630 4416 714 quid

390 729 496 787 cet
538 720 820 784 liberum
858 719 1221 796 arbitrium,
1267 720 1520 801 quoties
1555 719 1875 801 praecipit
1909 718 2014 784 vel
2051 718 2353 782 hortatur
2456 714 2538 778 ab
2582 715 2695 779 illo
2739 724 2964 797 petere
3010 714 3381 780 debeamus.
3461 715 3617 797 Ipsa
3661 716 3834 780 enim
3877 723 3978 781 est
4024 715 4202 794 fides,
4248 739 4417 800 quae

392 806 594 871 Deus.
696 804 940 869 Fateor
1006 826 1166 869 sane
1233 805 1304 869 in
1374 804 1499 869 hoc
1553 806 1957 887 quaestionis
2009 813 2188 869 statu
2237 802 2349 867 diu
2454 799 2704 865 orando
2749 803 3091 883 impetrat,
3139 801 3313 885 quod
3360 801 3468 864 lex
3509 801 3808 883 imperat.
3900 801 4191 867 Deinde:
4248 802 4414 868 Cer-

391 913 541 956 eum
589 891 857 969 versari,
903 901 982 954 ut
1025 891 1304 956 liberum
1349 890 1694 956 arbitrium
1738 912 1890 956 eum
2016 891 2150 954 atia
2193 909 2349 955 eon·
2456 895 2600 950 tum
2653 896 2779 965 est,
2841 888 3154 952 mandata
3209 908 3330 952 nos
3389 906 3695 965 servare,
3739 887 3797 951 si
3848 888 4172 953 volumus.
4278 886 4417 955 Sed

392 980 653 1061 iungat,
712 998 797 1042 ne
850 976 1133 1041 liberum
1191 977 1540 1042 arbitrium
1585 976 1813 1042 tollere
1858 975 1926 1041 vi
1974 986 2163 1041 eatur
2203 997 2352 1058 gra-
2454 974 2609 1054 quia
2651 985 3083 1056 praeparatur
3127 997 3165 1038 a
3201 973 3489 1038 Domino
3533 972 3857 1052 voluntas,
3903 972 3986 1038 ab
4026 973 4142 1038 illo
4187 984 4418 1057 peten-

389 1065 520 1128 tiae
584 1063 1000 1145 praedicatio,
1107 1067 1253 1141 [pag.
1299 1068 1446 1142 134]
1506 1062 1643 1128 Sed
1696 1061 1853 1146 quid
1911 1063 2033 1127 hoc
2085 1063 2351 1126 nomine
2457 1058 2613 1123 dum
2673 1067 2800 1138 est,
2857 1070 2934 1123 ut
2985 1069 3248 1128 tantum
3295 1060 3605 1138 velimus,
3650 1068 3975 1141 quantum
4019 1061 4293 1139 suffieit,
4339 1068 4418 1127 ut

389 1151 513 1215 sibi
573 1149 734 1214 velit
799 1169 928 1214 non
992 1148 1307 1214 debemus
1370 1148 1737 1233 negligere,
1806 1148 1862 1213 si
1917 1169 2153 1213 verum
2209 1148 2350 1212 eius
2456 1143 2736 1210 volendo
2799 1146 3130 1210 faciamus.
3244 1145 3519 1211 Certum
3576 1154 3705 1223 est,
3788 1166 3907 1210 nos
3973 1145 4144 1210 velle
4211 1167 4416 1229 quum

391 1256 658 1301 sensum
700 1235 1013 1318 consequi
1056 1235 1386 1318 cupimus,
1435 1256 1569 1299 non
1615 1234 1968 1302 verborum
2015 1232 2348 1316 decipulas
2454 1230 2781 1307 volumus,
2828 1230 2945 1297 sed
2986 1232 3099 1296 ille
3142 1234 3314 1311 facit,
3362 1241 3440 1295 ut
3486 1230 3761 1297 velimus
3805 1229 4067 1296 bonum.
4137 1231 4419 1298 Certum

391 1331 459 1386 et
507 1322 788 1404 aucupia
839 1329 1111 1386 struere.
1215 1321 1368 1403 Ipse
1426 1331 1645 1386 autem
1702 1321 1864 1386 satis
1941 1318 2350 1385 demonstrat
2456 1326 2585 1393 est,
2653 1338 2775 1382 nos
2840 1320 3053 1383 facere
3120 1340 3323 1399 quum
3383 1318 3687 1396 facimus,
3764 1317 3880 1382 sed
3944 1317 4058 1381 1116
4122 1319 4280 1384 facit
4342 1326 4421 1383 ut

390 1418 523 1473 toto
567 1407 751 1483 libro,
799 1427 934 1472 non
980 1406 1162 1473 aliud
1204 1407 1447 1472 sentire
1489 1429 1560 1472 se
1596 1428 1793 1490 quam
1829 1416 2190 1490 spontanea
2229 1425 2347 1470 vo·
2450 1403 2795 1483 faciamus,
2850 1403 3066 1468 dando
3103 1406 3279 1470 vires
3320 1402 3803 1469 efficaciSsimas
3842 1404 4189 1469 voluntati.
4250 1405 4416 1470 Per-

388 1494 649 1558 luntate
694 1502 762 1558 et
801 1492 966 1558 bene
1013 1504 1081 1557 et
1121 1493 1296 1558 male
1342 1513 1538 1577 agere
1583 1493 1902 1571 homines,
1949 1490 2064 1556 sed
2112 1501 2350 1556 natura
2455 1489 2555 1571 git
2598 1496 2740 1553 tum
2798 1498 3023 1571 postea
3089 1490 3536 1574 compluribus
3600 1489 3965 1571 scripturae
4022 1491 4417 1557 testimoniis

389 1579 556 1644 nihil
600 1600 790 1661 posse
831 1600 1028 1661 quam
1075 1599 1376 1661 peccare,
1423 1581 1638 1663 gratia
1683 1588 1906 1644 autem
1953 1576 2196 1641 bonum
2243 1579 2347 1640 in·
2453 1584 2855 1653 monstrare,
2932 1597 3011 1640 ea
3087 1579 3231 1658 ipsa
3295 1577 3514 1640 Deum
3578 1576 3792 1640 facere
3858 1577 3930 1639 in
3993 1575 4183 1640 nobis
4251 1597 4419 1659 quae

388 1666 603 1747 cipere
670 1672 739 1729 et
792 1666 862 1728 in
919 1686 994 1730 eo
1049 1686 1490 1746 perseverare.
1582 1666 1815 1748 Itaque
1860 1666 2220 1747 praefatus,
2278 1684 2347 1727 se
2399 1620 2405 1709 Ι
2452 1662 2666 1725 faeere
2732 1684 2852 1726 nos
2927 1661 3125 1727 iubet.
3233 1663 3529 1726 Tandem
3595 1661 3710 1726 ubi
3784 1661 3866 1725 ad
3934 1662 4417 1727 conclusionem

389 1772 620 1816 eorum
663 1771 860 1816 causa
904 1751 1189 1815 scribere
1234 1772 1398 1833 opus
1441 1751 1635 1829 illud,
1692 1751 1806 1832 qui
1849 1750 2128 1814 liberum
2173 1749 2346 1813 arbi·
2399 1728 2405 1839 }
2454 1746 2669 1821 venit,
2752 1748 2846 1812 616
2924 1747 3239 1830 loquitur:
3360 1745 3541 1813 Satis
3617 1768 3723 1810 me
3808 1746 4177 1830 disputasse
4243 1748 4417 1813 arbi-

388 1839 595 1902 trium
635 1846 752 1902 aut
791 1846 1135 1920 negarent,
1182 1850 1298 1901 aut
1339 1858 1583 1920 negare
1618 1836 2020 1913 viderentur,
2066 1835 2348 1918 gratiam
2399 1844 2404 1889 1
2453 1842 2595 1895 tror
2660 1832 2979 1898 adversus
3045 1855 3183 1911 eos,
3261 1835 3373 1916 qui
3439 1832 3569 1897 Dei
3647 1832 3927 1915 gratiam
3993 1833 4419 1900 vehementer

388 1922 758 2001 asserendO,
796 1923 1166 2005 complures
1210 1922 1387 1988 locos
1426 1923 1738 2007 congerit,
1783 1923 1896 2005 qui
1927 1921 2206 1985 liberum
2243 1940 2346 1983 ar·
2398 1894 2404 2005 ff
2450 1928 2865 2000 oppugnant:
2928 1938 3058 2000 qua
3108 1919 3418 1984 voluntas
3463 1919 3756 1983 humana
3796 1939 3928 1984 non
3972 1919 4252 1997 tollitur,
4299 1918 4419 1985 sed

389 2011 660 2075 biti-ium
703 2009 971 2075 subesse
1012 2009 1262 2073 homini
1308 2009 1715 2092 significent:
1764 2009 1887 2073 1166
1932 2015 2065 2085 661,
2112 2005 2347 2071 volun·
2400 2028 2404 2077 2
2453 2025 2539 2067 ex
2603 2004 2779 2068 mala
2835 2013 3136 2070 mutatur
3192 2004 3261 2068 in
3320 2005 3589 2081 bonam,
3660 2013 3728 2070 61,
3781 2025 3985 2086 66616
4052 2004 4223 2069 11666
4273 2005 4416 2070 fue-

387 2104 614 2175 tatem,
656 2116 786 2177 qua
819 2103 1049 2177 sponte
1083 2095 1282 2159 faciat
1315 2095 1488 2176 quod
1523 2094 1707 2173 facit3
1753 2102 1946 2177 atque
1984 2093 2106 2157 1166
2140 2112 2349 2157 unum
2399 2090 2404 2097 ’
2453 2090 2572 2165 rit,
2638 2089 3020 2168 adiuvatur3
3102 2099 3169 2154 et
3235 2091 3327 2155 616
3396 2088 3793 2172 disputasse,
3857 2100 3932 2155 ut
4008 2112 4140 2155 non
4207 2092 4419 2174 magis

389 2181 603 2264 capite
669 2180 951 2246 secundo
1017 2180 1196 2262 quod
1272 2181 1520 2264 allegat
1583 2180 1869 2265 Pighius
1949 2180 2346 2260 exsequitur.
2453 2196 2576 2258 ego
2643 2196 2840 2257 quam
2920 2175 3143 2239 divina
3227 2176 3555 2256 scriptura
3628 2174 3899 2256 loquuta
3986 2178 4074 2241 sit
4145 2175 4417 2240 eviden-

389 2267 645 2332 Verum
688 2268 1000 2332 continuo
1043 2277 1190 2349 post
1230 2267 1666 2331 metuendum
1709 2288 1850 2331 esse
1895 2266 2220 2340 admonet,
2265 2285 2350 2328 ne
2455 2261 2711 2326 tissima
2764 2262 3059 2326 veritate.
3161 2259 3352 2341 Quae
3409 2261 3735 2343 scriptura
3793 2262 3851 2324 si
3907 2259 4258 2344 diligenter
4298 2263 4416 2326 'in-

391 2356 557 2420 haec
599 2353 979 2419 testimonia
1031 2354 1125 2417 sic
1178 2355 1248 2417 in
1297 2353 1672 2418 defensione
1715 2352 1905 2417 liberi
1951 2350 2204 2415 arbitrii
2249 2352 2350 2413 in·
2457 2347 2763 2428 spicitur,
2825 2347 3144 2423 ostendit,
3204 2368 3336 2411 non
3391 2347 3603 2415 solum
3663 2346 3865 2411 bonas
3911 2345 4257 2410 hominum
4303 2368 4417 2412 vo-

389 2441 805 2524 telligantur,
865 2450 944 2503 ut
999 2440 1251 2522 gratiae
1305 2440 1435 2503 Dei
1491 2441 1672 2504 locus
1728 2460 1862 2503 non
1919 2438 2346 2517 relinquatur.
2454 2433 2774 2509 16616166,
2833 2455 2994 2515 6666
3048 2435 3191 2515 ipse
3252 2433 3409 2499 facit
3452 2454 3535 2497 ex
3578 2431 3802 2509 malis,
3860 2442 3927 2496 et
3979 2452 4020 2494 a
4076 2453 4147 2497 se
4208 2434 4418 2499 tactas

390 2529 636 2591 Totum
690 2527 710 2590 i
763 2527 892 2589 'tur
948 2547 1123 2590 116116
1191 2526 1259 2588 16
1317 2545 1392 2589 66
1447 2527 1646 2590 situm
1701 2534 1831 2603 661,
1904 2533 1983 2587 61
2047 2524 2348 2598 66161666,
2454 2520 2660 2584 bonas
2705 2520 2777 2582 in
2813 2529 2999 2585 actus
3035 2517 3236 2584 bonos
3280 2527 3347 2583 et
3389 2520 3594 2584 vitam
3640 2517 3866 2601 dirigit
3910 2525 4266 2595 aeternam,
4303 2540 4417 2585 ve·-

389 2612 673 2695 qualiter
752 2613 1014 2694 einceps
1047 2612 1225 2675 inter
1260 2609 1543 2676 liberum
1579 2610 1922 2675 arbitrium
1965 2617 2031 2674 et
2066 2610 2348 2691 gratiam
2401 2616 2406 2691 1
2455 2626 2605 2669 rum
2649 2606 2845 2669 etiam
2893 2605 3055 2681 illae,
3096 2626 3265 2687 6666
3300 2612 3697 2671 conservant
3740 2602 3984 2668 saeculi
4027 2613 4413 2681 creaturam,

387 2700 734 2783 partiatur.
841 2697 1014 2760 Nam
1067 2705 1136 2760 et
1185 2696 1372 2765 inde.
1439 2697 1596 2779 quid
1653 2695 1937 2761 liberum
2005 2695 2352 2759 arbitrium
2402 2696 2406 2737 ¹
2455 2693 2551 2756 ita
2594 2713 2736 2755 6666
2771 2691 2844 2754 16
2868 2692 2995 2755 Dei
3036 2700 3373 2774 potestate,
3412 2706 3489 2756 ut·
3522 2711 3634 2754 eas
3661 2711 3789 2773 quo
3811 2689 4112 2765 voluerit,
4150 2689 4415 2772 quando

391 2784 747 2868 significet,
804 2784 1143 2848 constabit.
1250 2784 1559 2848 Testatur
1616 2792 1866 2860 autem,
1925 2792 1991 2846 et
2045 2802 2239 2863 saepe
2285 2788 2351 2845 et
2456 2777 2772 2856 voluerit,
2820 2777 3019 2842 faciat
3072 2778 3397 2853 inclinari.
3481 2775 3677 2857 Quod
3722 2777 3779 2841 si
3822 2783 4054 2858 potens
4099 2783 4232 2853 est,
4280 2778 4419 2843 sive

315 2884 328 2895 ⁶
391 2871 589 2936 claris
634 2868 883 2946 verbis,
941 2869 1067 2933 Dei
1115 2890 1257 2933 esse
1303 2869 1585 2948 donum,
1643 2867 1958 2952 quidquid
2012 2868 2166 2933 boni
2211 2867 2348 2949 agi·
2455 2883 2575 2945 per
2629 2862 2900 2946 angelos
2958 2865 3065 2929 vel
3121 2863 3324 2929 bonos
3382 2864 3485 2929 vel
3541 2863 3782 2941 malos,
3840 2862 3981 2927 sive
4033 2883 4420 2946 quocunque

387 2977 556 3034 mue,
603 2955 756 3037 quia
799 2952 961 3017 illud
1005 2956 1072 3017 in
1120 2953 1312 3019 nobis
1352 2955 1608 3019 efficiat.
1689 2955 1992 3021 Gratiam
2030 2973 2186 3017 vero
2223 2953 2351 3017 Dei
2401 2910 2406 3043 ἕ
2455 2950 2583 3014 6116
2626 2949 2849 3023 modo,
2897 2952 3153 3032 operari
3200 2953 3269 3013 in
3312 2949 3615 3014 cordibus
3658 2947 4018 3025 malorum,
4074 2952 4223 3027 [pag.
4269 2953 4417 3028 136]

389 3062 525 3108 non
581 3040 853 3106 retribui
908 3041 1192 3105 meritis·
1217 3043 1489 3116 nostris,
1552 3039 1667 3106 sed
1712 3050 1870 3107 tune
1917 3040 2089 3117 dari,
2148 3060 2349 3122 quum
2402 3058 2406 3118 i
2454 3057 2574 3120 pro
2610 3036 2863 3100 meritis
2909 3057 3154 3112 eorum,
3202 3057 3485 3118 quorum
3519 3036 3835 3100 malitiam
3882 3034 4024 3118 ipse
4068 3053 4198 3098 non
4245 3035 4417 3114 fecit,

391 3128 578 3193 nulla
637 3128 769 3191 sint
825 3127 1012 3191 nobis
1071 3127 1196 3190 nisi
1263 3127 1440 3192 mala
1504 3129 1761 3192 merita.
1851 3127 2018 3192 Inde
2062 3128 2352 3209 incipere
2403 3135 2408 3182 1
2457 3122 2574 3187 66(1
2626 3122 2735 3186 vel
2790 3121 3201 3204 originaliter
3257 3129 3465 3186 tracta
3529 3131 3630 3185 est
3682 3120 3762 3184 ab
3816 3122 3958 3203 ipso
4004 3119 4251 3198 Adam,
4312 3122 4418 3185 vel

389 3214 564 3279 bona
618 3213 888 3288 merita,
957 3213 1070 3276 sed
1110 3233 1276 3293 quae
1319 3234 1504 3277 mera
1558 3215 1693 3277 sint
1736 3213 1867 3277 Dei
1912 3212 2114 3287 dona,
2167 3211 2351 3276 nullo
2403 3193 2409 3286 Ξ
2457 3208 2668 3273 crevit
2710 3229 2828 3290 per
2871 3210 3205 3290 propriam
3252 3208 3677 3286 voluntatem,
3725 3206 3883 3288 quid
3918 3206 4162 3270 mirum
4210 3207 4267 3271 si
4301 3227 4420 3289 per

390 3299 585 3365 modo
632 3321 672 3363 a
720 3298 927 3363 nobis.
1017 3297 1164 3363 Hac
1221 3299 1556 3363 occasione
1611 3300 1679 3363 in
1737 3298 1919 3364 illam
1965 3298 2352 3379 disputatio·
2404 3291 2410 3386 ἱ
2458 3293 2763 3377 spiritum
2820 3304 3122 3357 sanctum
3179 3301 3488 3373 operatur
3540 3293 3613 3356 in
3678 3291 3984 3357 cordibus
4060 3291 4418 3357 electorum

392 3408 547 3452 nem
592 3383 995 3467 ingreditur,
1041 3384 1322 3464 qualiter
1365 3384 1504 3448 vita
1547 3391 1816 3448 aeterna
1857 3405 2108 3448 merces
2153 3383 2352 3448 simul
2406 3421 2410 3454 e
2458 3381 2647 3456 bona,
2694 3379 2805 3460 qui
2849 3387 3156 3460 operatus
3200 3386 3302 3441 est
3345 3389 3420 3440 ut
3463 3377 3659 3441 eorda
3699 3379 3842 3458 ipsa
3885 3386 4107 3443 essent
4150 3400 4235 3443 ex
4278 3398 4418 3441 ma-

393 3476 481 3536 sit
534 3481 602 3537 et
657 3472 899 3554 gratia:
957 3491 1156 3553 quam
1211 3471 1302 3533 616
1359 3470 1666 3547 absolvit,
1737 3469 1909 3550 quod
1953 3469 2139 3534 Deus
2181 3471 2354 3534 bona
2459 3467 2541 3529 lis
2601 3464 2810 3529 bona?
2904 3465 3007 3527 En
3058 3464 3293 3544 quibus
3348 3464 3627 3527 liberum
3700 3465 4043 3528 arbitrium
4104 3465 4419 3528 encomiis

391 3559 668 3641 quidem
740 3576 939 3639 opera
1022 3567 1485 3621 remuneretur
1543 3557 1616 3620 in
1697 3556 1941 3621 sanctis
1954 3579 1971 3634 3
2037 3557 2152 3620 sed
2229 3555 2352 3622 hoc
2405 3557 2412 3628 ί
2459 3552 2593 3616 11116
2637 3549 2930 3614 extollat.
3018 3550 3111 3613 Et
3155 3557 3403 3627 tamen,
3449 3570 3579 3631 qua
3622 3549 3792 3613 solet
3834 3551 4257 3629 verecundia,
4302 3552 4420 3617 Pi-

394 3642 677 3728 agendo,
725 3641 894 3706 nihil
938 3661 1132 3725 quam
1188 3642 1550 3725 gratuitam
1594 3662 1784 3707 suam
1839 3641 2352 3706 misericordiam
2405 3649 2411 3716 1
2458 3637 2653 3721 ghius
2689 3656 2808 3699 nos
2849 3634 3065 3700 studio
3101 3634 3408 3701 claudere
3449 3635 3670 3701 oculos
3712 3635 4116 3714 criminatur,
4160 3657 4245 3701 ne
4287 3637 4422 3703 cla·

395 3732 466 3795 in
509 3730 643 3795 illis
687 3735 1137 3812 prosequatur,
1183 3729 1490 3810 quoniam
1534 3729 1692 3810 ipsis
1738 3726 2050 3812 quidquid
2096 3733 2198 3790 est
2240 3727 2353 3792 bo·
2404 3721 2410 3774 ¹
2457 3723 2786 3788 rissimam
2830 3722 3045 3786 lucem
3093 3741 3459 3786 cernamus,
3546 3723 3641 3786 Et
3684 3721 3848 3786 adeo
3893 3722 4017 3786 sibi
4059 3723 4299 3804 placet,
4344 3733 4424 3787 61,

397 3837 638 3881 norum
708 3834 978 3896 operum
1046 3815 1339 3896 gratuito
1430 3814 1802 3879 contulerit.
1927 3814 2144 3893 Atque
2223 3812 2356 3877 11116
2465 3808 2564 3874 vel
2614 3808 2748 3872 solo
2791 3807 2979 3872 hiatu
3015 3807 3146 3872 oris
3182 3829 3252 3872 66
3289 3809 3564 3873 lectores
3587 3809 3927 3873 incantare
3958 3827 4145 3889 posse
4181 3818 4417 3889 speret.

400 3909 638 3968 tractat
696 3899 977 3982 qualiter
1030 3921 1152 3966 nos
1209 3903 1416 3983 fingat
1472 3920 1547 3966 ac
1600 3900 1839 3964 formet
1881 3898 2094 3974 Deus,
2152 3919 2354 3979 quum
2407 3937 2411 3962 ,
2635 3892 2963 3973 Quoniam
3012 3902 3232 3958 autem
3276 3894 3348 3958 in
3392 3914 3541 3958 mea
3584 3893 4029 3969 Institutione,
4078 3903 4224 3975 post
4269 3893 4420 3958 doc-

400 4010 515 4054 666
561 3988 801 4072 spiritu
833 3993 1212 4069 regenerat;
1257 3986 1538 4068 qualiter
1571 4005 1730 4066 prae
1777 3991 1919 4046 aret-
1952 3983 2124 4048 bona
2159 4004 2358 4066 opera
2407 3975 2412 4066 ξ
2461 3981 2676 4043 trinae
2730 3987 2996 4042 nostrae
3050 3980 3581 4062 explicationem,
3651 3985 4041 4060 argumenta
4094 3980 4422 4042 refutave-

399 4077 466 4140 in
511 4074 719 4152 nobis,
764 4093 898 4136 non
955 4071 1082 4155 ipsi
1138 4091 1624 4154 praeparemus.
1772 4068 1933 4133 imul
1980 4090 2207 4134 eorum
2254 4091 2357 4133 er·
2408 4073 2413 4150 ζ
2463 4088 2625 4142 ram,
2671 4064 2908 4146 quibus
2954 4086 3098 4128 6666
3143 4086 3399 4129 armare
3438 4066 3668 4140 solent,
3708 4065 3819 4145 qui
3855 4084 3998 4127 eam
4039 4084 4421 4147 oppugnare

398 4181 614 4226 rorem
661 4159 917 4235 refellit,
964 4160 1073 4240 qui
1112 4156 1444 4222 hominem
1483 4157 1650 4221 bono
1693 4155 1913 4236 aliquo
1947 4164 2132 4218 motu
2169 4176 2356 4236 prae·
2409 4153 2414 4216 3
2465 4152 2725 4215 volunt:
2775 4149 2897 4213 has
2941 4150 3067 4215 sibi
3110 4172 3284 4214 nunc
3327 4159 3548 4230 partes
3594 4150 3896 4230 suscipit,
3945 4157 4021 4211 ut
4065 4149 4422 4215 solutiones

398 4246 622 4330 parari
665 4248 942 4327 fingunt,
991 4244 1072 4307 ad
1118 4240 1563 4325 recipiendam
1605 4242 1735 4306 Dei
1780 4241 2094 4324 gratiam:
2155 4263 2357 4322 quum
2409 4223 2416 4298 1
2463 4258 2643 4301 meas
2702 4245 2818 4300 aut
2874 4236 3177 4318 frigidas,
3242 4247 3356 4298 aut
3401 4237 3620 4297 minus
3668 4235 3920 4316 plenas,
3979 4245 4098 4297 aut
4141 4237 4419 4318 ineptas,

402 4333 665 4398 initium
705 4332 954 4414 gratiae
981 4331 1118 4405 fsit,
1178 4328 1466 4393 avellere
1520 4348 1560 4391 a
1615 4328 1803 4392 nobis
1849 4347 1960 4391 cor
2001 4326 2357 4408 lapideum,
2410 4321 2415 4374 '-
2465 4335 2577 4386 aut
2634 4323 2869 4386 inanes
2927 4343 3067 4386 6666
3123 4341 3349 4384 omnes
3402 4322 3766 4384 convineat.
3872 4319 4020 4384 Hoc
4074 4329 4151 4383 ut
4204 4322 4419 4398 iaciat,

400 4418 572 4502 quod
619 4417 786 4480 nihil
845 4421 991 4496 [pag.
1037 4419 1182 4492 135]
1228 4435 1424 4496 quam
1483 4413 1904 4478 durissimam
1948 4412 2359 4477 voluntatem
2411 4417 2416 4500 Ι
2466 4410 2803 4491 dialogum
2867 4406 3197 4488 componit
3254 4406 3321 4496 in
3382 4427 3511 4487 quo
3556 4426 3662 4468 me
3719 4404 3971 4469 inducit
4026 4405 4419 4486 loquentem,

399 4505 759 4589 significat,
814 4511 878 4566 et
934 4500 1249 4567 adversus
1311 4501 1527 4564 Deum
1581 4496 2028 4562 inflexibilem.
2119 4500 2361 4564 Postea
2412 4507 2416 4550 ῑ
2465 4494 2579 4558 sed
2638 4514 2758 4576 pro
2817 4513 2935 4557 suo
2993 4492 3344 4557 commodo.
3452 4491 3625 4554 Nam
3673 4492 3925 4572 quoties
3970 4490 4158 4564 libet,
4217 4491 4419 4556 verba

401 4590 675 4656 definire
719 4588 966 4668 incipit,
1012 4586 1170 4669 quid
1213 4587 1534 4650 libertatis
1579 4606 1820 4649 nomen
1866 4583 2098 4648 valeat.
2169 4583 2357 4649 Sem·
2411 4583 2416 4640 ἒ
2466 4579 2817 4660 abrumpit.
2930 4577 3252 4640 Dixeram
3321 4584 3537 4641 autem
3612 4577 3678 4640 in
3761 4597 3907 4639 mea
3977 4577 4418 4653 Institutione,

401 4698 536 4759 per.
584 4674 818 4756 inquit,
864 4675 1067 4738 libera
1112 4679 1214 4736 est
1257 4672 1566 4736 voluntas
1609 4672 1679 4735 in
1727 4670 2018 4746 homine,
2064 4669 2180 4733 sed
2225 4691 2360 4733 non
2411 4663 2416 4742 ἱ
2466 4667 2576 4747 qui
2635 4664 2970 4728 doctrinae
3028 4673 3289 4728 nostrae
3344 4664 3693 4730 resistunt.
3745 4683 3856 4726 cos
3901 4660 4183 4726 absurda
4226 4683 4420 4744 61166-

404 4781 664 4843 semper
709 4761 896 4825 bona.
996 4759 1248 4822 Malam
1315 4780 1470 4821 vero
1536 4778 1676 4821 esse
1742 4765 2020 4820 testatur
2087 4767 2361 4819 naturae
2412 4745 2417 4790 ¹
2466 4752 2619 4815 dam
2664 4771 3048 4832 congerere,
3104 4750 3340 4830 quibus
3384 4771 3529 4814 eam
3574 4749 3861 4813 odiosam
3907 4746 4217 4825 reddant,
4275 4759 4420 4813 tan-

403 4848 596 4916 vit-io,
659 4846 877 4928 gratia
925 4844 1156 4907 bonam
1203 4845 1366 4906 ficri.
1459 4842 1665 4905 Vides
1710 4865 1860 4906 eum
1906 4842 2038 4905 iam
2084 4841 2360 4904 liberam
2412 4817 2417 4936 ξ
2466 4857 2663 4918 quam
2708 4857 2748 4899 a
2790 4835 3124 4899 communi
3168 4857 3363 4898 sensu
3413 4836 3903 4908 abhorrentem3
3948 4832 4183 4897 deinde
4218 4838 4420 4918 scrip-

403 4936 617 5000 facere
677 4932 1112 5006 voluntatem,
1184 4951 1348 5010 quae
1429 4927 1858 4990 nihilominus
1935 4929 2101 5001 nihil
2166 4949 2359 5008 quam
2411 4943 2417 5018 ξ
2468 4935 2653 4986 turae
2700 4920 3097 4985 testimoniis
3142 4943 3291 4984 61116
3340 4943 3417 4985 66
3473 4919 3801 5002 congredi.
3893 4918 4067 4998 Quia
4115 4927 4422 5003 utrasque

403 5019 580 5084 mala
635 5039 755 5099 per
806 5037 874 5080 66
920 5036 1062 5080 6666
1123 5016 1346 5097 possit.
1441 5013 1826 5094 Respondet
1881 5021 2106 5094 postca
2162 5033 2358 5094 argu·
2413 5035 2417 5050 ·
2467 5008 2808 5072 machinas
2864 5007 3093 5070 ordine
3148 5029 3250 5070 1116
3306 5008 3719 5088 repulsurum
3781 5007 4121 5086 profiteor,
4194 5029 4421 5089 super-

405 5106 646 5171 mentis
690 5102 822 5167 illis
863 5122 1030 5183 quae
1067 5123 1148 5164 ex
1193 5101 1336 5183 lege
1373 5111 1440 5164 et
1483 5100 1846 5182 praeceptis
1893 5099 2080 5163 obiici
2122 5097 2355 5162 solent:
2412 5107 2417 5170 ξ
2469 5095 2643 5157 biam
2693 5113 2901 5155 meam
2950 5094 3216 5174 tragicis
3255 5092 3824 5156 acclamationibus
3869 5093 4188 5173 exagitat:
4248 5094 4421 5174 quod

407 5194 730 5270 Magnum
788 5186 1066 5269 aliquid,
1126 5188 1248 5263 ait,
1307 5186 1648 5269 Pelagiani
1694 5206 1761 5248 66
1817 5184 2060 5249 habere
2108 5191 2359 5265 putant,
2414 5199 2417 5220 ³
2468 5202 2607 5262 ego,
2656 5178 2950 5241 misellus
2993 5179 3205 5252 culex,
3254 5191 3350 5241 tot
3386 5177 3596 5252 simul,
3636 5187 3982 5258 tantosque
4020 5176 4419 5258 elephantOS,

406 5268 667 5362 quando
712 5273 974 5337 dicunt:
1021 5272 1174 5336 Non
1215 5273 1470 5336 iuberet
1515 5273 1727 5346 Deus,
1774 5270 1942 5351 quod
1989 5271 2189 5335 sciret
2232 5291 2362 5332 non
2469 5275 2537 5329 et
2600 5264 2884 5329 nobilem
2953 5264 3136 5328 illam
3201 5264 3561 5346 aquilarum
3629 5264 4229 5345 congregationem,
4298 5264 4420 5329 hoc

406 5383 595 5448 posse
638 5361 718 5425 ab
764 5359 1028 5423 homine
1072 5358 1231 5423 ficri.
1302 5357 1469 5438 Quis
1517 5356 1634 5420 boe
1680 5354 1968 5420 neseiat?
2039 5355 2175 5420 Sed
2219 5355 2365 5418 ideo
2417 5397 2421 5414 .
2470 5359 2597 5422 est,
2685 5359 2941 5414 veteres
3018 5372 3243 5414 omnes
3321 5361 3576 5414 sanctos
3640 5348 3915 5413 adoriar.
4027 5349 4128 5412 Ac
4190 5370 4423 5414 rursus
