4999 6179
342 436 465 497 245

338 622 556 707 potius
601 623 914 689 horribile
959 634 1226 707 aspectu
1268 629 1418 703 [pag.
1463 628 1565 703 17]
1609 624 1840 703 chaos,
1883 633 1951 691 et
1991 624 2298 691 deformis

337 707 651 792 foedaque
705 730 930 775 rerum
984 713 1277 775 emnium
1332 711 1644 777 confusio.
1733 712 1907 777 Nam
1964 711 2139 796 qued
2186 732 2298 779 ve-

340 802 547 861 tustos
591 816 873 862 6666666
920 796 1105 861 661116
1149 797 1381 875 166161,
1427 796 1664 880 6611166
1708 796 2011 863 ordinata
2055 804 2123 862 et
2165 798 2296 862 fer·

336 888 520 947 mata
553 882 769 946 fuerat
802 882 1092 961 ecclesia,
1134 881 1293 967 quid
1327 883 1451 949 hoc
1471 882 1554 947 ad
1590 904 1729 947 rem
1752 885 2056 965 pertinet,
2095 904 2298 965 quum
2345 856 2352 997 {

1827 435 1954 501 DE
1997 433 2352 502 LIBERO
2399 434 2872 503 ARBITRJO.
2984 522 2995 533 ⁸

4235 444 4363 507 246

2577 623 2908 706 Quoniam
2953 634 3173 691 autem
3209 626 3339 691 Dei
3384 633 3452 691 et
3487 627 3772 692 heminis
3816 649 3888 693 co
3982 628 4097 693 itio
4133 636 4364 695 mutuo

2401 711 2578 776 inter
2640 733 2710 776 se
2766 733 2945 776 nexu
3000 711 3150 777 colli
3239 719 3344 777 tae
3399 720 3557 777 sunt
3625 721 3694 777 et
3764 713 3902 797 imp
3930 717 4152 795 icitae,
4223 737 4363 781 me-

2402 798 2533 861 rito
2577 796 2863 882 Pighius
2920 817 3107 863 suam
3197 819 3233 863 e
3276 798 3481 864 libere
3527 798 3795 867 arbitrie
3852 799 4363 883 disputationem

2401 881 2556 947 inde
2623 882 2870 965 incipit.
2961 883 3157 950 Dicet
3225 885 3579 967 quispiam,
3648 906 3754 950 me
3820 885 3997 952 hunc
4064 887 4363 953 ordinem

337 967 547 1067 nihilo
597 968 807 1033 maier
861 978 1035 1033 66661
1090 989 1318 1033 661616
1363 989 1553 1046 6666,
1612 989 1809 1051 66616
1855 970 1912 1034 61
1955 980 2297 1052 nunquam
2345 1004 2352 1061 5
2400 967 2700 1047 laudare,
2762 969 2918 1051 quia
2971 990 3158 1035 meus
3214 971 3318 1034 sit.
3410 971 3507 1034 At
3553 990 3674 1055 ego
3723 972 4044 1054 excipiam
4096 973 4211 1038 ille
4253 994 4362 1038 me

337 1053 618 1119 fuissent
659 1053 936 1136 scripti?
1022 1053 1310 1121 Perinde
1354 1062 1455 1121 est
1496 1055 1728 1138 igitur,
1775 1073 1852 1119 ac
1894 1055 1950 1121 si
1995 1075 2298 1137 repressa

339 1138 689 1223 tyrannide
744 1139 1037 1224 prodiret
1090 1140 1326 1224 aliquis
1381 1141 1687 1224 Dionysii
1753 1150 1871 1204 aut
1920 1140 2296 1206 Phalaridis

338 1225 619 1303 aulicus,
675 1246 749 1292 66
809 1224 1140 1291 turbatam
1190 1225 1660 1310 rempublicam
1714 1226 2171 1308 quiritaretur,
2229 1234 2297 1291 et

336 1311 687 1377 convulsas
738 1311 950 1395 leges,
1001 1311 1264 1377 ‘iudicia
1315 1313 1385 1377 in
1443 1310 1742 1376 ordinem
1797 1321 2034 1378 coacta.
2127 1310 2296 1393 Quis

338 1399 516 1469 hunc
557 1397 880 1464 libertatis
925 1406 993 1463 et
1032 1397 1256 1482 legum
1298 1404 1648 1481 patronum
1692 1397 1935 1462 ferret?
1996 1396 2193 1479 Quod
2237 1397 2296 1463 si

335 1484 508 1550 hanc
542 1482 1039 1551 similitudinem
1074 1506 1209 1549 non
1243 1483 1519 1566 recipiat
1551 1483 1851 1568 Pighius,
1889 1482 2298 1549 demonstret

335 1570 500 1636 mihi
554 1569 782 1649 velim,
828 1577 1076 1653 quante
1128 1569 1363 1635 melior
1403 1576 1470 1634 et
1516 1569 1876 1634 ordinatior
1933 1569 2024 1635 sit
2082 1577 2295 1634 status

335 1656 457 1723 sub
513 1677 786 1721 remano
851 1656 1290 1733 AntichristO,
1357 1676 1554 1738 quam
1608 1656 1731 1722 sub
1801 1655 2137 1722 veteribus
2191 1663 2294 1740 ty-

333 1742 560 1808 rannis
603 1742 820 1807 fuerit.

501 1828 690 1894 Haec
760 1848 966 1912 pauca
1015 1828 1262 1894 cursim
1329 1825 1727 1911 respondere
1781 1828 1999 1894 visum
2058 1833 2160 1893 est
2212 1824 2297 1891 ad

332 1914 550 1999 Pighii
621 1915 1127 1998 praefationem,
1195 1935 1283 1980 ne
1354 1912 1511 1996 quid
1566 1912 1949 1996 praeiudicii
2019 1912 2100 1978 de
2153 1913 2298 1995 ipsa

332 2021 531 2067 66666
597 2001 890 2067 facerent
953 2001 1265 2078 lectores,
1345 2000 1487 2066 eius
1552 1998 1897 2065 calumniis
1966 1999 2293 2082 occupati:

2400 1075 2597 1119 usum
2641 1075 2815 1133 esse,
2876 1056 3031 1138 quia
3072 1055 3386 1139 optimus,
3446 1065 3513 1120 et
3568 1056 3652 1121 ad
3697 1054 4062 1124 docendum
4102 1059 4364 1142 aptissi-

2398 1160 2550 1204 mus
2586 1139 2939 1205 videretur.
3009 1140 3242 1207 Placet
3286 1162 3460 1226 erge,
3508 1142 3679 1224 quod
3717 1143 4138 1208 adversarius
4175 1166 4360 1210 meus

2401 1236 2714 1307 sequatur
2748 1226 2835 1305 id,
2873 1225 3045 1310 qued
3079 1248 3199 1311 ege
3234 1228 3556 1311 optimum
3593 1228 3892 1295 iudicavi.
3967 1227 4361 1313 Quanquam

2401 1311 2634 1391 miror,
2681 1332 2812 1394 qua
2852 1313 3069 1378 fronte
3113 1334 3312 1378 ausus
3356 1315 3574 1392 fuerit,
3622 1314 3808 1380 nulla
3851 1317 3981 1379 mei
4026 1317 4362 1381 mentione

2398 1398 2601 1476 facta,
2660 1404 2795 1461 tam
2838 1397 3252 1463 familiariter
3306 1420 3564 1465 sumere
3610 1399 3690 1464 de
3746 1421 3893 1465 mee
3937 1401 4131 1478 libre,
4190 1402 4363 1485 qued

2400 1483 2473 1547 in
2529 1503 2725 1549 suum
2783 1484 3300 1550 transscriberet.
3389 1484 3617 1568 Neque
3671 1487 3848 1551 66116
3901 1507 4030 1570 666
4090 1489 4234 1553 1616
4291 1487 4361 1553 111

2400 1568 2625 1648 faciat,
2694 1568 2918 1634 video:
2973 1570 3103 1635 nisi
3155 1570 3323 1635 forte
3378 1572 3962 1653 praescript-ionem
4022 1572 4357 1653 obtendat,

2441 1654 2555 1720 1116
2594 1654 2688 1720 616
2731 1655 2943 1723 facere
2988 1654 3243 1739 pridem
3302 1656 3532 1721 solitus
3591 1658 3693 1722 sit.
3785 1658 3961 1722 Nam
4004 1659 4076 1722 in
4119 1680 4358 1743 magne

2397 1740 2420 1803 i
2473 1761 2513 1803 e
2552 1740 2738 1820 libre,
2783 1762 2980 1824 quem
3015 1740 3333 1807 adversus
3370 1749 3665 1808 nostram
3704 1744 4178 1809 cenfessionem
4221 1744 4359 1810 edi-

2399 1823 2514 1903 dit,
2558 1827 2852 1909 integras
2896 1846 3006 1892 666
3055 1848 3091 1891 6
3137 1849 3221 1893 ex
3256 1827 3681 1894 Institutione
3718 1850 3867 1894 mea
3900 1830 4198 1914 paginas,
4244 1830 4358 1896 ubi

2401 1911 2622 1977 visum
2664 1918 2796 1988 est,
2854 1912 2960 1976 inf
3023 1913 3128 1992 eit,
3155 1914 3203 1997 ξ)
3260 1934 3336 1979 66
3392 1935 3509 1978 666
3554 1914 3891 1979 6661166116
3934 1916 4027 1981 616
4072 1915 4359 1999 adaptat,

2399 1998 2587 2079 quasi
2622 1995 2887 2062 aliunde
2922 2019 3053 2063 nen
3096 1999 3498 2081 sumpsisset.
3561 2000 3784 2067 Velim
3819 2022 3996 2066 nunc
4031 2002 4197 2066 scire
4232 2021 4361 2084 quo

335 2086 507 2171 qued
573 2108 704 2186 me·
742 2095 1233 2186 consequutum·
1289 2106 1436 2185 6666
1497 2082 1770 2151 confide.
1860 2085 2035 2150 Nam
2090 2084 2296 2184 male·
2345 2086 2353 2195 ff
2399 2084 2545 2147 iure
2579 2090 2698 2181 aut
2728 2083 2917 2148 titulo
2936 2103 3085 2148 mea
3120 2085 3213 2149 sic
3232 2104 3352 2184 pre
3376 2085 3513 2149 suis
3536 2094 3825 2168 usurpet.
3865 2084 4098 2169 Siqua
4119 2107 4364 2186 magna

353 2171 545 2251 dicta,
596 2172 834 2256 6611166
877 2173 1163 2237 Luthen
1215 2192 1557 2256 ingemum
1608 2191 1950 2253 moresque
2002 2190 2297 2253 11166616-
2401 2176 2575 2234 66661
2619 2182 2789 2234 inter
2847 2190 2966 2234 666
3008 2167 3422 2235 necessitudo
3440 2221 3455 2248 ,
3514 2191 3636 2253 ego
3680 2169 3851 2238 11666
3894 2172 4362 2238 confident1am

337 2257 464 2339 dit,
542 2279 678 2324 666
733 2266 835 2326 661
884 2258 1248 2343 praesentis
1301 2257 1590 2324 instituti
1643 2256 1965 2322 refellere:
2034 2254 2296 2339 quando

338 2363 550 2428 neque
595 2344 680 2410 ad
721 2366 882 2421 rem,
927 2342 1010 2410 de
1044 2365 1174 2427 qua
1208 2344 1447 2428 agitur,
1493 2342 1783 2407 multum
1818 2343 2136 2408 momenti
2177 2342 2297 2407 ha-

341 2430 516 2508 bent,
575 2451 785 2514 neque
837 2431 1183 2496 Lutherus
1232 2450 1379 2495 meo
1437 2428 1802 2514 patrocinio
1846 2449 2011 2512 epus
2068 2428 2295 2495 habet:

336 2537 550 2600 neque
613 2522 942 2600 pestremo
1010 2516 1190 2582 aliud
1259 2516 1402 2600 agit
1451 2514 1767 2599 Pighius,
1838 2534 2037 2598 quam
2092 2533 2298 2580 verax

338 2609 408 2668 et
456 2602 796 2669 famelicus
852 2603 1062 2681 canis,
1119 2602 1232 2685 qui
1273 2602 1521 2667 latratu
1586 2621 1656 2667 se
1711 2600 2080 2675 ulciscitur,
2139 2597 2298 2665 dum

339 2708 473 2754 666
503 2688 764 2756 invenit
798 2686 970 2771 qued
1003 2687 1208 2754 rodat.
1289 2687 1464 2752 Nam
1499 2707 1666 2770 quae
1702 2686 1842 2753 eius
1887 2685 2298 2752 atrocissima

338 2781 438 2840 est
500 2779 573 2840 16
628 2774 1008 2840 Lutherum
1069 2774 1474 2853 criminatio,
1558 2792 1692 2837 nen
1758 2771 1939 2838 aliud
2007 2772 2299 2837 continet

340 2880 538 2943 quam
587 2866 948 2925 tartareum
994 2881 1136 2926 esse
1168 2868 1562 2939 monstrum,
1602 2859 1756 2941 quia
1790 2857 2106 2943 gravibus
2142 2878 2296 2924 con-

2401 2255 2726 2320 amicitiae
2802 2276 2937 2320 nen
3011 2254 3362 2321 difficulter
3440 2255 3884 2322 concederem.
3975 2255 4113 2322 Sed
4185 2278 4363 2322 6666

2402 2339 2556 2404 11616
2614 2341 2843 2406 veniae
2895 2361 3030 2405 nen
3091 2349 3192 2406 661
3261 2340 3458 2407 16666.
3549 2342 3663 2406 An
3716 2342 3873 2425 quia
3927 2341 4135 2407 hostis
4190 2363 4360 2422 sum,

2400 2448 2472 2491 se
2529 2427 2631 2491 166
2687 2424 3071 2509 direptionis
3129 2426 3202 2491 in
3264 2426 3486 2491 emnia
3555 2433 3702 2507 [pag.
3757 2432 3860 2505 19]
3914 2448 4062 2492 mea
4120 2427 4362 2493 habere

2400 2512 2635 2594 putat?
2727 2512 2819 2577 At
2873 2511 2996 2578 hec
3048 2511 3332 2595 praedae
3388 2533 3596 2595 genus
3653 2511 3838 2578 nulle
3884 2533 4006 2578 nec
4048 2512 4191 2577 iure
4237 2533 4360 2578 nec

2401 2618 2584 2663 mere
2627 2595 2887 2663 defendi
2942 2606 3174 2681 potest.
3262 2597 3454 2664 Unus
3511 2619 3667 2682 erge
3710 2607 4089 2682 praetextus
4132 2605 4360 2678 restat,

2398 2682 2655 2748 homini
2701 2683 2885 2749 docto
2920 2685 3207 2766 potuisse
3244 2704 3376 2748 nen
3420 2685 3642 2748 minus
3685 2683 3916 2750 venire
3953 2684 4026 2748 in
4070 2690 4360 2751 mentem

2401 2790 2570 2853 quae
2607 2769 2925 2847 dixeram,
2971 2790 3167 2852 quam
3203 2769 3369 2834 mihi
3412 2770 3597 2851 prius
3641 2775 3978 2835 venerant.
4056 2769 4192 2835 Sed
4232 2770 4362 2849 lec-

2399 2864 2578 2921 tores
2622 2856 2909 2933 obsecre,
2950 2856 3009 2920 si
3055 2862 3313 2921 tantum
3357 2853 3643 2920 habeant
3686 2856 3819 2935 etii,
3866 2865 3945 2920 61
3987 2862 4185 2940 caput
4229 2857 4362 2939 pri-

337 2947 647 3013 scientiae
711 2944 1181 3011 certaminibus
1237 2954 1516 3011 vexatus
1569 2964 1765 3028 saepe
1817 2944 2022 3009 fuerit
2088 2965 2297 3026 usque
2347 2974 2352 3035 Ι
2399 2962 2588 3005 mum
2641 2940 2791 3006 libri
2838 2941 3154 3025 Pighiani
3210 2963 3359 3006 cum
3412 2942 3623 3023 prime
3677 2941 4124 3009 Institutionis
4179 2962 4364 3006 meae

338 3032 422 3098 ad
466 3030 721 3098 dolores
778 3038 844 3098 et
897 3039 1229 3097 tormenta
1278 3032 1659 3098 inferorum.
1749 3031 1846 3098 At
1887 3050 2047 3097 vere
2092 3031 2145 3095 si
2191 3029 2300 3096 vel
2346 3044 2352 3120 Ι
2401 3027 2614 3110 capite
2681 3028 3039 3094 conferant.
3132 3025 3315 3092 Nihil
3375 3026 3546 3092 dico:
3617 3027 3746 3092 nisi
3801 3026 3973 3110 qued
4022 3028 4165 3093 sine
4221 3028 4362 3093 risu

421 3142 455 3184 r
518 3118 848 3186 somnium
914 3118 1251 3201 concipere
1319 3125 1543 3200 posset
1597 3117 1705 3182 1116
1773 3124 2081 3202 nugator,
2140 3114 2296 3199 quid
2346 3135 2352 3200 j
2401 3134 2478 3179 66
2545 3112 2879 3179 stomacho
2948 3114 3344 3196 perspicient
3416 3113 3612 3177 nimis
3682 3112 4008 3196 perditam
4073 3113 4363 3178 hominis

388 3225 464 3270 ec
528 3205 654 3271 sibi
720 3203 881 3271 velit
944 3213 1008 3270 et
1074 3203 1232 3286 quid
1296 3204 1547 3282 valeat,
1630 3201 1736 3267 vel
1800 3201 2294 3280 obmutesceret,
2346 3203 2351 3272 ἰ
2398 3198 2896 3281 impudentiam.
2987 3197 3186 3279 Quod
3227 3200 3284 3263 61
3328 3197 3604 3263 ulterius
3644 3219 3919 3281 pergere
3949 3198 4169 3278 libeat,
4213 3218 4364 3283 per-

340 3290 445 3357 vel
487 3292 559 3356 in
602 3290 886 3356 Lutheri
937 3289 1439 3355 admirationem
1483 3289 1699 3372 petius
1753 3308 1828 3353 ac
1872 3287 2099 3353 laudes
2144 3308 2297 3354 con-

341 3384 729 3466 verteretur.
819 3376 883 3440 N
885 3397 992 3440 am
1078 3395 1242 3440 uum
1282 3376 1368 3442 sit
1417 3375 1581 3440 haec
1624 3375 1879 3456 piorum
1937 3394 2078 3439 sors
2121 3394 2297 3439 cem-

339 3463 590 3541 munis,
636 3469 714 3527 ut
757 3462 934 3527 diros
979 3483 1058 3528 su
1106 3461 1259 3526 inde
1304 3460 1738 3527 conscientiae
1782 3459 2108 3525 cruciatus
2152 3479 2296 3524 sus-

340 3550 628 3627 tineant,
675 3546 911 3631 quibus
955 3546 1196 3611 eruditi
1240 3545 1322 3612 ad
1367 3567 1595 3612 veram
1651 3544 2098 3611 humilitatem
2137 3543 2298 3609 Dei-

2399 3290 2672 3350 currant
2714 3304 2881 3367 quae
2925 3282 3005 3349 de
3060 3283 3524 3349 iustificatione
3582 3291 3823 3349 tractat
3874 3285 3944 3348 in
4002 3283 4207 3350 611616
4251 3284 4365 3350 1116

2402 3390 2619 3452 opere,
2667 3379 2734 3435 et
2768 3369 2849 3433 ad
2895 3376 3158 3436 sextum
3174 3370 3233 3452 ²)
3277 3370 3720 3436 Institutienis
3754 3390 3938 3434 meae
3983 3379 4180 3454 caput
4223 3372 4365 3436 exi-

2401 3463 2593 3540 gant:
2664 3455 2909 3520 mirum
2981 3456 3040 3520 61
3108 3455 3307 3520 bilem
3378 3455 3713 3520 continere
3781 3462 4062 3537 queant·
4134 3456 4366 3539 Neque

2401 3543 2580 3606 enim
2625 3541 2999 3608 clanculum
3030 3542 3289 3607 furatur
3323 3548 3440 3605 aut
3483 3541 3786 3625 carptim:
3834 3562 4045 3624 neque
4090 3542 4366 3607 artificio

339 3656 463 3719 que
521 3635 826 3699 timorem
890 3632 1126 3698 melius
1180 3634 1569 3698 assuefiant:
1633 3639 1711 3696 ut
1764 3629 2084 3715 singulari
2140 3650 2298 3712 prae
2403 3635 2469 3691 te
2555 3646 2629 3692 re
2688 3628 2782 3692 ita
2834 3626 3057 3692 studet
3107 3647 3261 3692 suas
3305 3627 3605 3710 rapinas,
3663 3635 3739 3690 ut
3794 3626 3973 3709 apud
4018 3647 4089 3692 se
4133 3635 4365 3693 natum

342 3721 488 3787 aliis
544 3719 796 3804 ingenii
856 3720 1264 3801 praestantia
1320 3719 1593 3801 quisque
1635 3716 1971 3799 praeditus
2015 3725 2150 3794 est,
2206 3717 2299 3779 ita
2348 3765 2353 3800 ‚
2402 3714 2468 3778 vi
2517 3721 2733 3790 661111,
2789 3711 2965 3795 66611
3018 3711 3192 3795 apud
3249 3733 3357 3777 me
3400 3713 3594 3796 legit,
3654 3712 3770 3777 sed
3814 3713 3909 3777 ita
3952 3713 4170 3796 palam
4214 3734 4365 3779 mea

341 3807 526 3872 miris
571 3815 638 3870 et
680 3806 1012 3870 inusitatis
1054 3804 1266 3869 modis
1299 3803 1637 3868 interdum
1680 3809 2034 3868 tractatur:
2079 3810 2157 3865 ut
2200 3801 2297 3865 di-

344 3914 489 3959 cere
543 3898 767 3975 queat‚
825 3912 959 3955 non
1003 3889 1196 3956 medo
1252 3910 1322 3955 se
1365 3890 1599 3953 mertis
1641 3887 1972 3953 doloribus
2017 3887 2297 3953 circum·

346 3977 568 4044 datum
622 3978 822 4042 fuisse
877 3987 944 4042 61
999 3976 1370 4054 6116666616,
1424 3973 1539 4040 6611
1596 3974 1678 4039 ab
1723 3979 1870 4052 [pag.
1924 3978 2026 4052 18]
2069 3972 2297 4037 inferis

2402 3798 2486 3898 ad
2530 3799 2807 3898 uerbum
2850 3799 3110 3898 recitat,
3168 3805 3247 3862 ut
3300 3798 3604 3897 videatur
3644 3799 3922 3947 paginas
3968 3799 4145 3881 ipsas
4190 3805 4363 3864 totas

2402 3893 2673 4034 gigmtia
2714 3904 3026 3962 assuisse,
3084 3904 3210 3968 que
3268 3882 3680 3982 describendi
3766 3884 4029 3949 aberem
4077 3884 4360 4004 fugeret.

2459 3992 2481 4033 1
2534 3970 2858 4035 fateretur
2904 3977 3225 4047 autorem,
3281 3991 3434 4035 eum
3478 3968 3763 4035 dicerem
3808 3977 4121 4033 61616611.
4184 3987 4364 4034 61166

344 4065 504 4149 ipsis
568 4062 969 4145 absorptum.
1058 4061 1165 4127 Ita
1231 4083 1317 4127 ex
1380 4061 1622 4126 sanctis
1683 4058 2296 4142 praestantissimos,
2404 4053 2564 4138 quid
2606 4055 2860 4122 causari
2899 4063 3141 4138 petest,
3187 4056 3536 4138 queminus
3579 4054 3939 4136 plagiarius
3981 4052 4202 4135 palam
4246 4075 4363 4119 vo-

345 4151 533 4234 quasi
575 4148 851 4215 selectas
895 4148 1023 4212 Dei
1068 4148 1359 4214 officinas
1415 4167 1559 4212 esse
1603 4153 1887 4229 eportet,
1946 4145 2017 4208 in
2064 4144 2300 4227 quibus
2349 4117 2355 4218 1
2405 4140 2636 4206 cetur?
2710 4139 3065 4206 Mirabitur
3108 4141 3480 4223 quicunque
3524 4138 3716 4222 leget,
3763 4138 3937 4204 unde
3972 4147 4199 4205 tantus
4242 4140 4365 4204 he-

346 4258 467 4302 sua
507 4234 754 4301 iudicia
796 4241 1058 4318 praeter
1103 4252 1363 4298 emnem
1412 4233 1627 4297 carnis
1671 4251 1940 4296 sensum
1983 4229 2298 4295 mirabili-

347 4329 448 4387 ter
485 4328 828 4387 exereeat·
877 4320 979 4385 Ne
1017 4317 1431 4384 recensendis
1464 4317 1766 4401 pluribus
1802 4315 2120 4398 exemplis
2153 4314 2298 4379 166-

347 4409 487 4493 gier
532 4408 689 4472 sim:
747 4405 908 4473 haec
961 4413 1061 4470 est
1114 4405 1293 4471 lucta
1335 4404 1561 4483 Iacob,
1618 4404 1687 4468 in
1733 4422 1861 4485 qua
1902 4401 2142 4466 nobilis
2185 4400 2299 4466 ille

348 4493 601 4559 athleta
652 4513 787 4556 non
835 4491 1182 4556 hominum
1224 4489 1595 4573 quempiam
1649 4488 2135 4572 antagonistam
2180 4486 2298 4550 ha-

2404 4228 2566 4292 mini
2626 4234 2879 4309 stupor:
2983 4226 3051 4290 ui
3108 4225 3277 4290 nihil
3334 4226 3583 4291 veritus
3625 4226 3741 4302 sit,
3817 4225 3887 4288 in
3941 4224 4081 4307 ipse
4140 4227 4364 4291 statim

2403 4313 2683 4396 vestigio
2755 4311 2955 4394 depre
3005 4310 3174 4376 endi.
3264 4311 3411 4394 Ege
3482 4332 3636 4376 vero
3697 4310 3853 4375 dum
3917 4311 4143 4376 emnia
4196 4310 4364 4376 bene

2403 4407 2655 4481 reputo,
2704 4397 2912 4463 habeo
2957 4396 3129 4479 quod
3171 4417 3290 4479 pre
3326 4396 3611 4461 heminis
3653 4397 4074 4462 excusatione
4117 4396 4362 4462 dicam:

2403 4504 2556 4548 eum
2600 4484 2952 4549 securitate
2987 4483 3200 4567 magis
3239 4502 3437 4565 quam
3483 4482 3775 4547 socordia
3807 4481 3876 4546 id
3920 4483 4165 4547 fecisse.
4239 4481 4364 4580 Sa-

350 4578 515 4657 buit,
575 4577 690 4643 sed
742 4598 894 4643 cum
937 4576 1082 4676 Dee
1136 4577 1277 4659 ipse
1335 4595 1725 4661 congressus
1781 4582 1899 4639 est.
1991 4573 2186 4638 Nunc
2242 4573 2297 4637 si
2403 4569 2491 4634 tis
2537 4569 2713 4634 enim
2756 4568 3019 4647 habuit,
3075 4570 3131 4634 si
3174 4565 3369 4632 medo
3414 4567 3495 4633 iis
3539 4568 3855 4650 placeret,
3902 4569 4016 4650 qui
4062 4588 4197 4631 666
4239 4587 4365 4630 161-

347 4663 905 4748 comprehendere
959 4683 1178 4727 ammo
1234 4660 1424 4740 velis,
1498 4667 1823 4744 quantum
1877 4657 1989 4722 ille
2045 4656 2302 4724 sudarit

346 4751 419 4815 in
439 4772 519 4816 ea
538 4769 756 4827 arena,
782 4749 909 4814 Dei
931 4746 1390 4813 fortitudinem
1410 4747 1699 4830 primum
1721 4746 2004 4811 intuere:
2044 4744 2297 4821 deinde,
2405 4795 2420 4801 -
2437 4797 2464 4801 .-

348 4836 506 4902 11166
547 4856 805 4918 666666
859 4835 1304 4901 coniecturam
1347 4853 1594 4911 sumas,
1650 4830 1823 4914 qued
1875 4831 2082 4897 victor
2125 4827 2299 4894 61111-

349 4921 639 4987 lominus
684 4919 769 4986 ad
806 4922 1011 4987 finem
1066 4940 1272 5002 usque
1329 4918 1504 4983 vitae
1548 4916 2028 4984 claudicaverit.
2117 4915 2302 4980 Haec

348 5008 475 5091 piis
535 5007 713 5072 dieta
765 5008 916 5072 sint.
1007 5006 1181 5071 Nam
1235 5003 1392 5087 quid
1434 5002 1672 5089 Pighie
1716 5010 1783 5069 et
1825 5001 2117 5087 profanis
2161 5000 2305 5067 istis

350 5090 727 5159 hominibus
770 5091 1014 5158 facias?
1066 5093 1177 5175 qui
1222 5111 1345 5155 nec
1387 5089 1854 5155 censcientiam
1897 5088 2131 5166 ullam,
2187 5107 2308 5151 nec

349 5178 613 5264 pietatis
656 5198 922 5243 sensum
963 5177 1228 5256 habent,
1273 5198 1396 5243 nec
1440 5175 1633 5242 aliter
1674 5174 2009 5257 accipiunt
2049 5174 2108 5240 si
2150 5169 2312 5257 quid

353 5264 434 5331 de
477 5263 735 5330 iudiciis
778 5263 911 5329 Dei
954 5270 1280 5340 narratur,
1326 5283 1526 5346 quam
1567 5260 1627 5327 si
1670 5259 1751 5326 de
1793 5260 2114 5326 conviviis
2159 5258 2311 5325 dee-

353 5372 503 5417 16111
547 5351 914 5416 homericae
960 5349 1265 5416 audirent
1310 5347 1583 5414 fabulas.

2405 4655 2554 4718 nori
2616 4654 2932 4738 religione
2985 4676 3024 4720 a
3078 4654 3319 4720 nostris
3377 4654 3735 4734 abstinent,
3807 4674 4007 4737 666111
4052 4652 4367 4718 facilitate

2547 4874 2607 4941 1)
2656 4873 2752 4929 Sic
2809 4875 3031 4944 scripsit
3088 4881 3249 4931 autor
3303 4880 3353 4930 et
3403 4875 3600 4930 habent
3648 4875 3912 4943 princeps
3969 4879 4019 4929 ct
4068 4873 4368 4929 Gallasius.

2411 4945 2605 4999 Etiam
2645 4943 2798 4999 Gaui
2830 4945 3038 4998 versio:
3080 4944 3120 4999 il
3223 4943 3434 5012 fourre,
3481 4944 3588 4998 huc
3619 4944 3869 5011 pertinet.
3941 4942 4095 4998 Besa
4130 4959 4257 4998 cur.-
4292 4944 4369 4997 in·

2409 5015 2568 5069 feroit
2591 5014 2891 5081 scripserit,
2928 5011 3077 5083 quod
3100 4961 3221 5067 edd.
3252 5013 3586 5081 posteriores
3622 5017 3919 5066 servarum
3958 5027 4071 5067 non
4106 5013 4367 5067 videmus.

2550 5081 2609 5147 2)
2634 5081 2853 5151 Spectat
2884 5082 2986 5137 hoc
3019 5080 3096 5136 ad
3129 5080 3254 5137 edit.
3281 5080 3657 5135 Institutionis
3692 5080 3832 5135 anni
3865 5054 4018 5134 1539.
4081 5081 4189 5135 Est
4222 5079 4372 5150 quod

2411 5151 2630 5206 mireris
2671 5166 2957 5205 numerum
3012 5151 3073 5204 in
3191 5150 3513 5204 clerieo-ibus
3554 5149 3885 5204 editionibus
3942 5166 4055 5203 non
4101 5155 4368 5203 ’natatum

2409 5221 2604 5287 fuisse,
2639 5220 2722 5273 vel
2755 5224 2895 5274 certe
2928 5225 3063 5274 nota
3085 5236 3120 5274 a
3142 5221 3275 5288 iqua
3310 5218 3607 5286 marginali
3641 5218 3992 5273 declaratum.
4050 5217 4185 5272 Fuit
4203 5224 4370 5285 caput

2412 5289 2556 5343 caud
2596 5287 2861 5344 decimum
2906 5288 2987 5342 ed.
3039 5286 3175 5340 1543
3222 5293 3273 5342 et
3318 5288 3676 5356 sequentium,
3725 5294 3776 5344 et
3820 5289 3882 5342 in
3927 5288 4238 5341 recensione
4271 5301 4366 5342 no·

2415 5358 2644 5414 vissima
2678 5357 2802 5412 Lib.
2840 5356 2965 5412 III.
3009 5356 3141 5425 Gap.
3183 5355 3292 5412 XI.
3328 5371 3472 5426 seqq.

3864 5440 3963 5496 16*
