4999 6179
625 460 754 525 275

622 648 904 714 Irenaeo
966 666 1117 713 cum
1180 644 1683 729 improbissimis
1757 643 2136 722 haereticis,
2204 641 2316 725 qui
2380 639 2591 706 nihilo

624 734 776 820 plus
822 732 1182 816 scripturae
1227 732 1578 797 autoritate
1613 735 2054 809 moverentur,
2092 749 2292 812 quam
2326 727 2593 792 univer-

627 840 740 887 sae
804 817 1116 886 660166166
1178 837 1522 884 00666666.
1621 817 1853 897 Itaque
1919 815 2369 897 conqueritur,
2424 811 2596 877 nihil

716 926 821 971 sse
862 904 1142 989 proferri
1158 955 1176 983 ,
1231 901 1404 987 quod
1442 923 1576 969 non
1619 901 1905 967 eludant.
1992 900 2226 983 Neque
2270 898 2447 964 enim
2490 898 2594 962 lu-

626 926 828 1058 &icis
883 989 1534 1074 tergiversationibus
1588 988 1760 1054 elabi
1813 986 2171 1071 quidquam
2222 985 2354 1050 illis
2399 1004 2596 1051 curae

630 1082 790 1157 erat,
838 1074 955 1142 sed
996 1072 1414 1159 impudenter
1453 1074 1878 1158 respuebant,
1922 1071 2240 1157 quidquid
2282 1071 2594 1138 obiicere-

629 1170 759 1227 tur.
862 1160 939 1227 Si
1003 1160 1549 1227 convincerentur
1607 1159 1950 1243 scripturis
1966 1211 1983 1240 ,
2039 1157 2432 1240 sapientiam
2476 1156 2598 1221 ha-

630 1247 786 1314 bere
829 1269 900 1314 se
944 1246 1246 1313 dicebant
1289 1246 1600 1331 apostolis
1646 1249 1794 1328 [pag.
1842 1250 1949 1325 59]
1995 1244 2296 1310 6161016111
2339 1250 2405 1309 66
2446 1261 2599 1327 per-

627 1334 983 1401 fectiorem.
1074 1330 1151 1399 Si
1196 1332 1282 1398 ad
1323 1331 1631 1398 ecclesiae
1676 1351 2068 1398 consensum
2115 1338 2597 1407 revocarentur,

630 1417 938 1485 dicebant
981 1438 1115 1483 non
1159 1419 1402 1483 mirum
1447 1438 1610 1498 esse,
1658 1418 1715 1484 si
1759 1415 2033 1484 ecclesia
2074 1436 2312 1500 puram
2356 1413 2599 1482 doctri-

630 1525 789 1570 nam
832 1524 966 1569 non
1012 1512 1344 1584 servaret,
1391 1523 1556 1587 quae
1602 1509 1981 1588 corruptam
2022 1508 2090 1567 et
2130 1502 2455 1567 fermento
2499 1499 2600 1565 vi-

629 1590 865 1656 tiatam
910 1610 1044 1654 non
1088 1596 1347 1655 tantum
1394 1610 1435 1654 a
1481 1589 1834 1673 discipulis,
1881 1588 1999 1655 sed
2037 1608 2077 1653 a
2114 1586 2402 1652 Domino
2440 1605 2601 1669 quo·

631 1697 760 1759 que
827 1688 1184 1759 acceperat.
1277 1674 1457 1756 Quid
1524 1676 1608 1743 ad
1663 1674 1827 1740 haec
1888 1671 2252 1750 Irenaeus?
2290 1673 2340 1758 ¹)
2449 1672 2603 1737 Non

630 1782 753 1845 per
793 1761 974 1843 alios,
1016 1761 1250 1844 inquit,
1293 1761 1614 1827 habemus
1650 1760 1884 1826 salutis
1927 1766 2191 1826 nostrae
2236 1757 2604 1841 dispositio-

633 1867 819 1928 nem,
877 1868 1076 1930 quam
1129 1867 1251 1930 per
1294 1847 1650 1931 apostolos:
1710 1847 1848 1930 qui,
1893 1844 2063 1929 quod
2109 1864 2268 1913 voce
2310 1842 2604 1926 promul-

632 1941 902 2017 garunt,
945 1939 1173 2016 postea
1215 1934 1455 2016 scripto
1497 1932 1687 1999 nobis
1728 1930 2166 2010 tradiderunt,
2213 1928 2605 1995 fundamen-

632 2026 780 2083 tum
835 2024 902 2082 66
962 2017 1333 2083 columnam
1389 2018 1542 2084 fidei
1615 2026 1877 2084 nostrae
1942 2018 2257 2082 futurum.
2358 2015 2606 2081 Postea

633 2103 810 2168 hanc
855 2124 1110 2186 quoquc
1154 2102 1428 2169 alteram
1470 2111 1730 2188 partem
1771 2108 1994 2189 urget,
2040 2102 2214 2185 quod
2257 2100 2412 2167 fidei
2453 2099 2604 2166 uni-

634 2194 842 2253 tatem
858 2240 875 2268 ,
943 2189 1014 2253 in
1080 2190 1424 2273 scripturis
1488 2190 1860 2269 fundatam,
1940 2188 2230 2255 colerent
2292 2185 2605 2253 ecclesiae

637 2294 882 2354 0611166,
928 2274 1009 2339 ab
1055 2274 1364 2357 apostolis
1405 2275 1670 2343 edoctae
1714 2283 1778 2341 et
1821 2275 2180 2340 institutae.
2258 2270 2395 2338 Sed
2436 2269 2606 2337 illud

639 2380 899 2443 semper
939 2359 1366 2426 nihilominus
1409 2362 1687 2440 retinet,
1732 2361 2127 2444 scripturam
2170 2359 2498 2443 perfectae
2541 2363 2608 2422 et

639 2443 974 2511 absolutae
1032 2448 1389 2529 sapientiae
1435 2447 1729 2513 scholam
1773 2467 1938 2512 6666.
2031 2444 2477 2511 Tertullianus
2524 2440 2606 2508 de

635 2532 1149 2615 praescriptione
1223 2532 1527 2598 veritatis
1605 2529 1832 2597 scribit
1906 2536 2134 2597 eontra
2208 2529 2602 2596 haereticos:

637 2618 791 2701 quia
854 2625 921 2681 et
984 2617 1272 2699 ipsorum
1340 2617 1776 2701 petulantiam
1841 2615 2107 2685 videbat
2158 2615 2341 2681 nullo
2405 2614 2603 2680 modo

632 2723 824 2785 posse
866 2703 1185 2782 coerceri,
1236 2704 1395 2785 quin
1440 2704 1683 2769 centies
1725 2703 1916 2785 victi,
1973 2701 2190 2768 adhuc
2231 2702 2600 2785 litigarent:

634 2792 704 2851 et
746 2785 869 2852 1100
923 2788 1244 2870 optimum
1294 2809 1436 2854 esse
1491 2788 1962 2856 adminiculum
2015 2787 2324 2855 censebat
2366 2787 2604 2852 confir-

633 2870 912 2937 mandae
955 2874 1246 2953 veritati,
1304 2874 1363 2939 si
1406 2895 1552 2939 eam
1594 2881 1921 2941 constaret
1963 2873 2046 2940 ab
2086 2873 2250 2957 ipsis
2293 2870 2604 2957 apostolis

630 2958 930 3024 fluxisse:
989 2967 1219 3025 contra
1276 2981 1434 3026 vero
1484 2961 1721 3026 fortem
1776 2967 1844 3035 66
1882 2958 2176 3026 validam
2227 2958 2603 3024 machinam

628 3043 712 3109 ad
756 3042 1077 3111 diruenda
1119 3045 1602 3113 haereticorum
1645 3044 2022 3126 mendacia,
2080 3046 2134 3113 si
2174 3044 2602 3112 ostenderen-

628 3137 741 3195 tur
780 3130 1028 3215 aliquid
1071 3133 1140 3196 in
1186 3133 1629 3217 apostolorum
1674 3132 1973 3199 doctrina
2015 3152 2278 3199 novare.
2370 3130 2599 3212 Quan-

627 3237 826 3299 quam
883 3224 1103 3282 autem
1156 3219 1228 3284 in
1293 3218 1615 3303 probabili
1658 3219 1817 3285 alias
1861 3227 1929 3284 et
1968 3219 2143 3284 iusta
2185 3237 2410 3296 06666,
2468 3217 2599 3281 fer-

628 3322 789 3368 vore
832 3300 1295 3387 disputationis
1349 3306 1530 3371 ultra
1580 3307 1787 3372 iustas
1844 3312 2054 3371 metas
2096 3302 2401 3369 nonnihil
2444 3322 2599 3387 pro·

627 3386 926 3466 vehitur,
987 3409 1123 3453 non
1179 3399 1402 3456 tamen
1444 3391 1624 3456 aliud
1667 3391 2011 3457 consilium
2066 3390 2293 3469 habet,
2347 3389 2477 3454 nisi
2522 3394 2601 3452 ut

628 3471 997 3539 doctrinam
1039 3482 1216 3541 certo
1257 3477 1601 3561 scripturis
1645 3476 2000 3561 proditam,
2048 3473 2223 3559 apud
2267 3474 2599 3558 simplices

628 3564 697 3624 66
753 3559 1049 3625 infirmos
1104 3561 1229 3628 1160
1286 3581 1540 3646 (160(166
1595 3573 1753 3629 nota
1796 3563 2171 3640 confirmet,
2233 3559 2405 3644 (16οᾶ
2451 3579 2599 3626 6616

630 3645 786 3711 viva
839 3665 1095 3729 quoque
1149 3668 1307 3713 voce
1368 3647 1644 3732 apostoli
1696 3668 1816 3733 per
1874 3667 2112 3712 manus
2154 3645 2596 3711 tradidissent.

629 3729 739 3795 Ad
783 3730 1140 3814 scripturas
1182 3732 1675 3816 provocandum
1718 3740 1936 3819 negat,
1982 3732 2295 3817 quoniam
2336 3731 2408 3795 in
2442 3730 2597 3809 illis,

632 3822 748 3882 aut
804 3817 1084 3896 incerta,
1154 3825 1270 3883 aut
1321 3839 1559 3902 parum
1614 3826 1793 3885 certa
1849 3819 1938 3885 sit
1995 3819 2284 3885 victoria.
2301 3818 2357 3900 ²)
2459 3814 2598 3882 Sed

629 3901 786 3986 quid
831 3902 972 3986 ipse
1014 3909 1111 3968 tot
1147 3904 1332 3970 libris
1376 3903 1575 3972 facit?
1675 3903 1932 3985 Quibus
1976 3904 2180 3969 armis
2223 3903 2435 3968 utitur
2479 3901 2595 3967 ad-

627 4008 867 4060 versus
908 3989 1330 4070 Marcionem,
1376 3991 1727 4071 Praxeam,
1770 3990 2259 4074 Hermogenem
2303 3995 2372 4052 et
2412 3987 2593 4067 alios,

630 4074 762 4140 nisi
805 4074 1085 4157 simplici
1129 4077 1329 4143 verbo
1370 4076 1551 4142 Dei?
1643 4074 1823 4158 Quid
1865 4075 2114 4162 igitur?
2204 4075 2314 4139 An
2358 4093 2594 4156 parum

621 4158 789 4224 bene
832 4158 957 4225 sibi
1000 4161 1305 4228 constat?
1406 4160 1542 4229 Sed
1593 4163 1727 4228 iam
1770 4163 2089 4229 citaverat
2141 4161 2358 4228 locum
2401 4179 2590 4243 apos-

620 4244 740 4310 toli
754 4294 771 4325 ,
830 4245 943 4311 ubi
997 4253 1180 4314 vetat
1239 4270 1387 4315 cum
1441 4248 1773 4314 haeretico
1826 4248 2125 4326 homine,
2181 4253 2333 4330 post
2381 4266 2587 4310 unam

621 4337 737 4396 aut
780 4329 1058 4396 alteram
1101 4332 1644 4415 admonitionem,
1689 4334 1972 4419 amplius
2017 4332 2382 4416 disceptare
2427 4332 2587 4416 (Tit.

623 4420 681 4498 3,
726 4417 855 4503 10).
958 4415 1110 4483 Non
1176 4419 1446 4486 dubium
1511 4420 1749 4504 igitur,
1813 4420 1973 4502 quin
2035 4418 2194 4485 illuc
2259 4417 2586 4501 respiciat,

620 4522 824 4588 quum
869 4509 1071 4587 negat
1111 4504 1455 4589 agitandas
1493 4504 1573 4570 de
1615 4505 1746 4571 fide
1783 4506 2231 4572 contentiones
2267 4524 2351 4569 ex
2385 4504 2588 4587 scrip-

620 4590 806 4655 turis.
896 4587 1131 4669 Nobis,
1193 4594 1340 4670 [pag.
1380 4596 1489 4671 60]
1536 4591 1775 4675 inquit,
1830 4592 2206 4657 curiositate
2249 4610 2412 4673 opus
2455 4610 2589 4654 non

622 4680 755 4754 666,
821 4682 971 4759 post
1028 4674 1375 4741 Christum
1430 4676 1682 4757 Iesum,
1751 4697 1872 4742 1160
1925 4678 2375 4761 inquisitione,
2438 4681 2589 4760 post

623 4761 1063 4844 evangelium.
1163 4761 1248 4827 In
1303 4783 1588 4843 summa,
1649 4769 1908 4829 tantum
1963 4763 2107 4831 vult
2159 4762 2587 4830 concertatio-

623 4845 816 4911 nibus
861 4847 1058 4911 finem
1103 4847 1374 4932 imponi,
1420 4869 1585 4931 quae
1629 4855 1696 4914 et
1733 4850 2039 4915 astutiam
2076 4855 2316 4917 acuant
2355 4849 2590 4914 116616-

623 4932 904 4997 61001661
927 4982 944 5010 ,
1004 4940 1081 4996 66
1136 4934 1268 4999 61116
1314 4934 1397 5000 6(1
1454 4954 1745 5018 pugnam
1790 4936 2272 5015 instructiores,
2328 4941 2395 4999 et
2437 4955 2588 5018 per-

619 5017 938 5085 vicaciam
980 5027 1278 5103 augeant,
1326 5028 1393 5086 et
1434 5021 1731 5087 infirmas
1766 5023 2193 5090 conscientias
2228 5020 2588 5106 exagitent,

764 5307 824 5374 1)
860 5307 1006 5363 Libr.
1039 5307 1089 5363 3.
1129 5309 1248 5366 adv.
1282 5312 1539 5369 haereses
1576 5328 1693 5382 cap.
1730 5311 1778 5366 1.

762 5375 825 5444 2)
864 5375 1090 5433 Tertull.
1128 5379 1194 5433 de
1229 5383 1548 5452 praescript.
1584 5399 1628 5437 c.
1668 5381 1737 5436 14
1773 5397 1921 5451 seqq.

1938 449 2469 525 RESPONSIO
2516 450 2897 519 CONTRA
2938 450 3357 521 PIGHIUM

4540 448 4663 512 276

2698 639 2840 705 sine
2884 639 3022 705 ullo
3062 640 3300 707 fluctu.
3389 637 3521 704 Ubi
3570 647 3792 703 autem
3835 657 3941 702 res
3982 635 4294 719 postulat,
4339 656 4473 701 non
4519 657 4666 702 ver-

2696 725 2799 792 bis
2840 725 3057 805 modo,
3103 722 3219 790 sed
3262 722 3563 807 exemplo
3600 722 4025 801 demonstrat,
4071 742 4207 788 non
4242 722 4436 787 aliter
4471 743 4670 805 quam

2699 834 2783 877 ex
2838 811 2982 896 ipso
3035 809 3168 876 Dei
3221 810 3424 877 verbo
3482 808 3564 874 de
3616 808 3748 874 fide
3802 818 3871 875 et
3924 807 4396 893 disputandum
4434 814 4502 873 et
4554 805 4667 873 (16-

2697 895 3079 964 finiendum.
3169 896 3403 979 Neque
3447 895 3644 961 aliam
3688 895 3949 978 sequuti
3994 901 4153 960 sunt
4196 895 4521 960 rationem
4563 915 4701 960 or·-

2698 983 2977 1049 thodoxi
3019 1003 3277 1062 01111166,
3339 1002 3543 1065 quum
3596 985 3873 1047 rectam·
3898 1001 4264 1065 puramque
4307 980 4507 1046 fidem
4550 979 4666 1046 ad-

2699 1090 2933 1137 versus
2977 1067 3341 1135 haereticos
3385 1066 3827 1134 defenderent.
3928 1067 4161 1132 Refert
4210 1065 4668 1146 Theodoritus,

2701 1177 2905 1240 quum
2949 1153 3275 1241 synodum
3308 1154 3630 1221 Nicenam
3658 1148 4138 1219 Constantinus
4181 1154 4520 1238 coegisset,
4562 1151 4670 1218 his

2701 1240 2920 1309 verbis
2963 1241 3375 1324 alloquutum
3415 1240 3617 1305 fuisse
3660 1240 4022 1323 episcopos:
4076 1240 4371 1305 Exstant
4410 1244 4671 1322 aposto-

2701 1328 2813 1393 lici
2853 1327 3006 1394 libri
3059 1333 3126 1393 et
3181 1346 3302 1410 pro
3348 1325 3656 1391 betarum
3702 1326 4104 1406 sanctiones,
4148 1345 4314 1408 quae
4356 1345 4475 1391 nos
4518 1345 4669 1389 eru-

2704 1413 2897 1478 diunt
2928 1411 3086 1496 quid
3130 1410 3212 1477 de
3247 1433 3320 1477 re
3366 1433 3445 1478 us
3485 1411 3688 1478 sacris
3723 1411 3969 1477 sentire
4004 1411 4375 1477 debeamus.
4440 1411 4671 1476 Posito

2704 1499 2911 1583 igitur
2953 1498 3175 1565 hostili
3229 1497 3620 1578 certamine,
3676 1517 3760 1562 ex
3802 1497 4063 1581 scriptis
4107 1496 4421 1565 divinitus
4462 1496 4671 1579 inspi-

2704 1585 2868 1651 ratis
2913 1584 3366 1669 quaestionum
3409 1603 3801 1667 quaeramus
3853 1583 4266 1650 solutionem.
4354 1582 4494 1649 Cur
4530 1602 4673 1648 non

2705 1671 3096 1736 restiterunt
3136 1677 3387 1754 patres,
3435 1670 3490 1735 si
3534 1670 3698 1736 haec
3741 1691 3875 1735 non
3919 1676 4065 1735 erat
4105 1669 4404 1753 legitima
4446 1668 4670 1752 dispu-

2680 1757 2978 1831 tationis
3036 1755 3279 1822 series?
3381 1755 3527 1821 Imo
3583 1777 3703 1823 cur
3766 1756 4050 1822 libenter
4104 1756 4666 1839 obtemperarunt,

2708 1844 2879 1909 sicut
2928 1848 3077 1909 acta
3132 1841 3391 1909 concilii
3461 1841 3839 1908 testantur?
3940 1839 4123 1923 Quin
4180 1843 4380 1908 etiam
4437 1846 4669 1925 sponte

2706 1929 2908 1994 fuisse
2949 1928 3264 2007 facturos,
3311 1926 3482 2012 quod
3526 1926 4051 1994 admonebantur
4065 1979 4081 2007 ,
4124 1927 4282 1993 inde
4322 1929 4670 1994 aestimare

2705 2021 3084 2098 promptum
3148 2020 3277 2095 est,
3337 2013 3512 2097 quod
3567 2015 3910 2097 scripturis
3964 2013 4049 2080 ad
4106 2014 4230 2081 hoc
4292 2015 4514 2097 ipsum
4570 2012 4672 2078 in-

2707 2101 2944 2166 structi
2983 2108 3050 2165 66
3092 2101 3447 2183 comparati
3487 2108 3823 2166 venerant.
3892 2099 4032 2166 Cur
4067 2121 4200 2165 non
4236 2121 4467 2166 eorum
4504 2098 4670 2164 stul-

2704 2186 2916 2251 titiam
2961 2184 3216 2252 deridet
3256 2186 3339 2251 Pi
3386 2185 3569 2266 hius,
3615 2186 3816 2269 quod,
3861 2186 4094 2252 relicta
4132 2186 4251 2251 illa
4293 2192 4473 2252 certa
4516 2183 4671 2251 fidei

2707 2272 2965 2357 regula,
3023 2272 3095 2337 in
3152 2293 3286 2356 qua
3326 2208 3532 2357 ggere
3621 2271 3809 2338 edem
3855 2278 4001 2338 tuto
4044 2279 4381 2357 poterant,
4434 2271 4509 2336 in
4553 2292 4671 2337 va-

2801 2379 2872 2422 m
2923 2357 3112 2423 illum
3165 2357 3532 2441 scripturae
3612 2358 4046 2443 abyrinthum
4099 2359 4310 2442 abripi
4367 2378 4438 2423 se
4490 2355 4670 2442 passi

2781 2442 2997 2509 erint?
3099 2443 3246 2509 Imo
3302 2464 3421 2509 cur
3474 2465 3607 2509 non
3651 2444 4102 2530 Augustinum
4154 2442 4520 2528 capitaliter
4561 2462 4669 2509 60-

2709 2535 2914 2611 06666,
2959 2530 3065 2594 061
3110 2551 3312 2614 quum
3356 2530 3485 2596 ista
3525 2529 3810 2596 conditio
3854 2529 4210 2610 diceretur,
4252 2537 4329 2596 ut
4372 2528 4667 2610 eandem,

2709 2636 2879 2700 quae
2943 2616 3119 2681 inter
3175 2637 3297 2683 nos
3360 2616 3683 2701 agitatur,
3749 2617 4197 2699 quaestionem
4253 2616 4670 2699 superiorum

2708 2701 3048 2768 doctorum
3103 2702 3360 2785 scriptis
3403 2702 3653 2783 finiret,
3696 2703 4108 2786 acquiescere
4150 2700 4406 2768 noluit?
4494 2700 4671 2767 Nam

2704 2786 2829 2853 etsi
2872 2807 3109 2852 eorum-
3140 2788 3532 2853 testimoniis
3586 2788 3829 2868 utitur,
3887 2794 3954 2855 et
3994 2788 4120 2854 sibi
4154 2809 4290 2853 non
4324 2809 4467 2854 esse
4512 2806 4671 2853 con-

2705 2872 2944 2938 trarios
2984 2872 3300 2953 ostendit,
3358 2876 3873 2940 controversiam
3928 2882 4151 2940 tamen
4194 2873 4346 2939 inde
4389 2872 4671 2939 iudicari

2706 2979 2842 3024 non
2884 2958 3164 3043 patitur,
3222 2956 3337 3024 sed
3392 2959 3478 3025 ad
3532 2960 3926 3043 scripturam
3981 2965 4314 3045 provocat.
4401 2959 4668 3040 Patent,

2702 3045 2936 3129 inquit,
2978 3044 3133 3111 libri
3174 3045 3331 3112 Dei:
3378 3066 3510 3111 non
3556 3054 3933 3114 avertamus
3981 3053 4337 3131 aspectum.
4407 3043 4672 3112 Clamat

2705 3132 3056 3214 scriptura:
3103 3129 3532 3198 adhibeamus
3572 3130 3888 3198 auditum.
3978 3132 4169 3213 Item,
4217 3131 4297 3198 de
4338 3131 4507 3198 libro
4550 3152 4672 3198 suo

2702 3217 3007 3301 loquens:
3066 3218 3162 3285 Ut
3217 3216 3400 3284 vobis
3455 3219 3541 3283 sit
3594 3218 4179 3299 fructuosissimus,
4232 3239 4363 3284 non
4407 3240 4527 3284 vos
4568 3219 4671 3302 pi-

2703 3310 2858 3388 geat
2898 3305 3158 3387 saepius
3200 3303 3526 3389 relegere,
3581 3311 3661 3368 ut
3717 3304 3940 3370 sciatis
3982 3304 4218 3388 quibus
4258 3311 4326 3370 et
4365 3304 4670 3387 qualibus

2703 3389 3191 3473 quaestionibus
3234 3389 3563 3456 solvendis
3599 3401 3796 3473 atque
3836 3390 4148 3457 sanandis
4191 3396 4340 3471 [pag.
4379 3393 4490 3470 61]
4534 3389 4670 3455 illic

2701 3496 2837 3539 non
2881 3475 3190 3553 humana,
3237 3475 3351 3540 sed
3396 3474 3621 3541 divina
3660 3476 3882 3542 valeat
3925 3478 4259 3556 autoritas,
4305 3496 4347 3541 a
4388 3495 4521 3559 qua
4562 3497 4668 3542 16-

2703 3560 2931 3626 cedere
2969 3581 3105 3626 non
3150 3559 3478 3641 debemus,
3525 3561 3582 3627 si
3625 3561 3930 3628 volumus
3965 3564 4311 3647 pervenire
4344 3580 4473 3644 quo
4518 3569 4667 3627 ten·

2704 3645 2935 3713 dimus.
3023 3646 3248 3712 Habet
3300 3668 3479 3714 nunc
3520 3647 3802 3733 Pighius
3855 3669 4133 3732 quocum
4181 3655 4411 3714 certet:
4467 3668 4667 3731 quem

2700 3732 2815 3798 ubi
2860 3730 3300 3813 debellaverit,
3344 3733 3428 3797 ad
3464 3754 3587 3799 nos
3628 3734 3855 3801 veniat
3893 3733 4061 3800 licet.

2875 3818 3279 3902 Quanquam
3344 3839 3478 3885 non
3542 3820 3615 3884 in
3672 3839 3819 3885 eam
3882 3826 4138 3904 partem
4192 3819 4394 3903 accipi
4462 3819 4665 3886 velim

2744 3925 2867 3968 uae
2911 3903 3084 3984 dico,
3143 3923 3219 3970 ac
3275 3904 3331 3970 si
3389 3905 3813 3971 ecclesiarum
3867 3907 4216 3972 consensui
4273 3904 4530 3971 nullum
4592 3907 4664 3970 in

2744 3988 3090 4056 efiniendis
3154 3988 3305 4055 fidei
3375 3990 3862 4074 quaestionibus
3925 3991 4139 4057 locum
4200 3991 4661 4074 relinquerem.

2697 4072 2836 4140 Sed
2893 4062 3487 4158 huno⁸s0ripturae
3547 4077 3860 4143 honorem
3914 4077 4117 4144 tribui
4172 4076 4386 4157 decet,
4443 4084 4519 4142 ut
4577 4076 4661 4143 ad

2696 4161 2836 4226 eius
2879 4182 3157 4227 examen
3179 4161 3556 4246 ‚exigantur
3598 4163 3833 4229 omnia.
3920 4160 4255 4264 Quidquid
4289 4163 4433 4229 eius
4473 4168 4661 4228 auto-

2694 4247 2889 4311 ritate
2933 4246 3410 4331 comprobatur,
3457 4270 3590 4314 non
3626 4255 3896 4315 vocetur
3929 4249 4210 4332 amphus
4243 4250 4315 4315 in
4350 4247 4655 4314 dubium:

2694 4354 2958 4398 rursum
3000 4333 3188 4412 nihil,
3234 4333 3363 4399 nisi
3405 4331 3580 4416 quod
3623 4355 3773 4400 cum
3808 4355 3885 4401 ea
3905 4335 4228 4414 convenit,
4272 4335 4656 4418 recipiatur;

2694 4418 3013 4502 quidquid
3070 4419 3401 4485 diversum
3452 4426 3579 4498 est,
3638 4420 3726 4484 sit
3776 4442 3895 4505 pro
3940 4420 4279 4500 damnato,
4335 4427 4410 4485 ut
4452 4420 4535 4486 ab
4580 4440 4656 4486 66

2693 4503 2833 4569 6016
2864 4503 3198 4588 pendeant
3240 4510 3307 4569 66
3348 4505 3418 4569 in
3461 4524 3540 4570 66
3574 4506 3934 4573 consistant
3968 4507 4312 4573 universae
4345 4505 4501 4571 fidei
4546 4504 4655 4570 de-

2689 4590 3036 4656 finitiones.
3125 4590 3302 4656 Huic
3337 4588 3491 4656 dum
3537 4590 3785 4657 accedit
3827 4593 4245 4659 ecclesiarum
4281 4611 4652 4671 consensus,

2691 4698 2824 4742 non
2865 4696 3101 4761 parum
3147 4676 3461 4742 momenti
3503 4676 3704 4742 habet
3748 4678 3831 4744 ad
3875 4678 4462 4745 confirmationem.
4518 4676 4652 4741 Ve-

2692 4784 2841 4827 rum
2888 4762 3009 4828 hoc
3067 4762 3420 4847 diligenter
3470 4763 3949 4830 observandum
3994 4770 4095 4831 est
4146 4786 4230 4830 ne
4275 4763 4358 4829 ab
4401 4784 4482 4829 ea
4523 4761 4652 4828 dis·

2692 4848 3024 4932 iungatur.
3125 4847 3234 4913 Ita
3300 4847 3423 4915 1100
3481 4850 3668 4915 nobis
3726 4850 4077 4935 singularis
4143 4850 4500 4916 testimonii
4550 4850 4649 4913 in·

2694 4943 2832 4998 star
2875 4939 2992 5014 est,
3039 4933 3124 4997 ad
3166 4932 3642 5019 obsignandam
3676 4936 3828 5002 fidei
3872 4942 4135 5002 nostrae
4169 4935 4647 5014 certitudinem,

2693 5018 2866 5103 quod
2910 5020 3081 5085 hanc
3125 5019 3337 5102 ipsam
3381 5041 3523 5087 esse
3568 5022 3837 5102 scimus,
3884 5042 4082 5106 quam
4123 5020 4382 5106 pridem
4425 5039 4646 5086 omnes

2694 5124 2779 5170 ex
2823 5111 2959 5169 toto
3003 5105 3160 5170 orbe
3203 5107 3417 5173 sancti
3458 5107 3746 5192 amplexi
3788 5114 3974 5188 sunt,
4019 5107 4091 5171 in
4135 5127 4266 5192 qua
4305 5107 4645 5172 unanimes

2692 5192 3124 5272 perstiterunt
3178 5213 3387 5276 usque
3443 5192 3529 5257 ad
3582 5201 3892 5273 mortem,
3946 5214 4067 5277 pro
4119 5213 4249 5277 qua
4299 5194 4499 5259 etiam
4552 5199 4643 5256 tot

2694 5295 2777 5340 ex
2822 5277 2982 5359 ipsis
3023 5277 3322 5356 vincula,
3368 5276 3600 5344 exsilia
3614 5330 3629 5357 ,
3689 5277 4172 5363 deportationes
4186 5332 4201 5359 ,
4244 5276 4639 5362 lapicidinas,

2692 5361 3084 5446 ignominias
3128 5364 3424 5449 perpessi
3467 5370 3648 5444 sunt,
3707 5366 4101 5451 sanguinem
4145 5365 4421 5450 denique
4462 5363 4640 5430 fude-
