4999 6179
591 478 673 540 87
1899 470 2025 537 LE
2071 466 2676 536 CATEOHJSME
2719 470 2849 536 DE
2897 467 3302 536 GENEVE.
4531 465 4617 529 88

588 682 828 731 666616
869 660 1025 729 16116
1060 660 1385 742 affection,
1431 666 1501 728 et
1531 658 1627 725 tel
1660 659 1799 727 zele
1833 680 1961 744 que
1993 660 2175 726 Dieu
2210 657 2552 740 demande,
2659 659 3045 741 animosque
3097 664 3361 722 6661166
3416 655 3658 722 format
3712 654 3788 720 in
3839 654 4002 721 haec
4047 651 4398 734 desideria,
4454 671 4620 736 quae

590 769 847 817 comme
889 748 987 813 dit
1029 749 1244 815 sainct
1281 747 1459 815 Paul
1501 745 1722 831 (Rom.
1765 750 1824 827 8,
1864 749 1947 812 20
1958 769 1975 827 ;
2014 745 2165 813 Gal.
2206 750 2267 825 4,
2310 745 2398 828 6).

765 922 1025 988 Ε61-66
1067 928 1110 987 a
1153 919 1321 1001 dire,
1378 869 1505 1003 (11116
1547 939 1714 984 6666
1757 939 1843 983 66
1887 916 2161 985 (1611666
2213 938 2334 1002 666
2387 936 2555 981 6666

587 1007 826 1077 1661161
854 1014 937 1093 ,et
980 1006 1264 1074 soliciter
1307 1013 1350 1072 6
1390 1003 1570 1089 61161
1611 1002 1828 1069 Dieu?

724 1290 749 1298 -
766 1264 938 1330 Non.
1027 1263 1202 1329 Mais
1246 1282 1331 1328 au
1374 1192 1729 1341 ooz’ffrffe.‚
1776 1261 1912 1327 afin
1954 1279 2081 1343 que
2124 1257 2343 1343 quand
2388 1278 2558 1323 nous

592 1370 681 1416 ne
720 1356 989 1417 sentens
1031 1369 1151 1433 pas
1195 1368 1280 1413 66
1322 1369 1489 1414 6666
1532 1347 1688 1413 16116
1733 1344 2151 1430 (11666611166,
2209 1365 2338 1428 666
2387 1364 2558 1410 6666

592 1457 721 1521 666
766 1436 936 1502 11666
998 1435 1066 1501 16
1121 1433 1451 1520 86136661
1502 1432 1665 1516 qu’il
1724 1431 1814 1518 l’y
1865 1438 2100 1511 mette,
2165 1450 2336 1515 pour
2388 1450 2558 1496 nous

594 1543 715 1589 ren
878 1519 1181 1605 capables
1223 1531 1293 1587 et
1334 1518 1586 1603 idcines
1632 1526 1672 1584 a
1715 1517 1779 1585 le
1819 1519 2000 1601 prier
2044 1516 2409 1583 deuement.

1389 1726 1456 1760 m
1491 1726 1752 1765 myrm-

768 1779 872 1845 'ru
914 1783 1221 1843 n’entens
1263 1796 1383 1860 pas
1424 1776 1792 1855 toutesfois,
1846 1796 1972 1859 que
2025 1774 2093 1841 la
2144 1773 2385 1860 langue
2428 1773 2557 1840 soit

595 1862 687 1930 du
732 1870 879 1930 tout
920 1863 1155 1930 inutile
1199 1884 1285 1927 en
1327 1862 1596 1945 priores,

1442 1964 1708 2019 6’661-6111.

765 2036 919 2101 Non
974 2054 1112 2118 pas.
1202 2033 1337 2100 Car
1388 2033 1668 2117 quelque
1721 2033 1842 2099 fois
1899 2032 2025 2098 elle
2083 2032 2230 2098 aide
2282 2031 2556 2116 l'esprit,

595 2128 664 2188 et
716 2121 779 2186 16
833 2122 1103 2201 retient,
1171 2119 1235 2184 16
1298 2120 1643 2199 fortifiant,
1711 2126 1754 2185 6
1806 2141 1879 2187 66
1932 2118 2094 2203 66’11
2145 2141 2230 2185 66
2284 2140 2357 2184 66
2409 2117 2557 2183 (166-

596 2216 835 2274 166166
869 2227 987 2291 666
1022 2206 1081 2272 61
1114 2212 1248 2272 1661
1282 2204 1362 2271 (16
1397 2204 1591 2271 Dieu.
1659 2205 1922 2271 D’avan
2076 2256 2094 2286 ,
2135 2205 2286 2288 puis
2320 2202 2559 2288 qu’clle

594 2300 698 2360 661
738 2293 985 2360 formes
1025 2313 1196 2376 pour
1238 2291 1527 2376 glorifier
1568 2291 1746 2357 Dieu
1760 2342 1777 2373 ,
1829 2311 1952 2375 par
2036 2311 2222 2356 66666
2265 2298 2416 2356 1666
2457 2288 2560 2355 166

594 2386 819 2446 661166
876 2377 1202 2444 membres
1215 2430 1231 2457 ‚
1290 2377 1444 2444 6’661
1496 2377 1650 2443 bien
1708 2378 1933 2443 raison
1988 2375 2221 2461 qu’elle
2274 2376 2378 2462 s'y
2420 2396 2558 2440 em-

591 2465 788 2552 ploye
832 2486 916 2530 en
969 2470 1183 2530 166166
1232 2470 1473 2530 sortes:
1529 2471 1596 2528 et
1651 2464 1830 2528 aussi
1882 2461 1945 2528 16
1997 2462 2133 2529 zele
2188 2460 2276 2527 du
2332 2482 2557 2543 66661,

759 2572 881 2618 666
924 2549 1167 2617 ardeur
1210 2556 1279 2616 et
1321 2548 1718 2615 vehemence
1733 2600 1750 2628 ,
1795 2548 2130 2615 contraint
2173 2558 2453 2616 souvent
2495 2548 2562 2612 la

710 2658 840 2723 366
883 2644 926 2702 a
967 2636 1192 2721 parler
1233 2656 1388 2701 sans
1432 2655 1560 2718 que
1603 2656 1690 2700 611
1732 2656 1782 2720 y
1820 2656 2042 2718 pense.

1392 2771 1459 2807 u:
1494 2772 1754 2808 mmm·

771 2824 846 2891 Si
893 2824 1062 2889 ainsi
1117 2830 1247 2903 est,
1294 2825 1634 2906 qu'est-ce
1679 2820 1760 2889 de
1800 2823 1981 2907 prier
2022 2845 2108 2890 en
2151 2823 2395 2909 langue
2443 2829 2563 2904 [fol.

598 2915 706 2991 44]
748 2907 1204 2994 incongneue?

1443 3010 1713 3067 L’mcrm.

770 3080 954 3149 O’est
995 3102 1126 3147 une
1168 3079 1506 3165 moquerie
1550 3078 1632 3147 de
1667 3078 1862 3163 Dieu,
1909 3089 1976 3148 et
2013 3102 2146 3148 une
2186 3080 2563 3169 hypocrisis

596 3188 907 3253 perverse
950 3166 1019 3253 (1
1060 3166 1210 3233 Oor.
1255 3166 1382 3250 14).

1356 3287 1424 3323 u
1457 3288 1716 3324 mmm.
1735 3270 1780 3338 ι)

772 3336 1018 3421 Quand
1059 3356 1227 3404 nous
1271 3337 1498 3421 prions
1539 3339 1715 3405 Dieu
1729 3391 1747 3420 ,
1794 3347 2001 3408 est-ce
2045 3348 2088 3407 6
2129 3339 2564 3422 l’adventure,

597 3447 686 3493 66
741 3423 1019 3494 66611661
1065 3425 1258 3509 66161
1308 3424 1367 3490 61
1418 3445 1587 3492 6666
1640 3427 2032 3510 profiterons
2088 3447 2176 3492 66
2230 3425 2407 3493 non?
2476 3447 2566 3492 ou

596 3511 754 3581 bien
806 3511 863 3578 61
913 3531 1080 3577 nous
1136 3509 1381 3578 devons
1425 3517 1598 3578 estre
1650 3513 1938 3580 certains
1977 3533 2105 3597 666
2147 3532 2271 3578 noz
2312 3513 2566 3598 priores

598 3604 828 3666 serent
868 3595 1236 3664 exaucees?
1464 3605 1467 3610 ⁴

1443 3698 1712 3754 L’nrm.

769 3767 836 3835 Π
888 3788 1056 3834 66116
1112 3767 1257 3833 faut
1310 3767 1641 3834 tousiours
1699 3768 1885 3836 avoir
1924 3788 2000 3835 66
2052 3768 2438 3836 1666616661
2478 3790 2565 3835 66

594 3877 725 3944 666
763 3855 1033 3940 priores,
1079 3852 1346 3938 qu'elles
1389 3861 1616 3920 seront
1656 3874 1925 3921 receues
1969 3853 2051 3920 de
2082 3854 2290 3921 Dieu:
2335 3862 2404 3921 61
2437 3876 2564 3939 666

598 3964 766 4009 6666
808 3939 1235 4007 obtiendrons
1290 3957 1363 4005 66
1417 3960 1546 4023 666
1597 3961 1765 4007 6666
1808 3961 2165 4025 1666616116
2178 3992 2197 4022 ,
2213 3941 2273 4028 ²)
2328 3947 2567 4008 entant

598 4028 759 4112 qu’il
802 4048 950 4095 6616
993 4023 1360 4111 expedient.
1448 4026 1543 4092 Et
1593 4032 1911 4112 pourtant
1966 4025 2065 4092 dit
2117 4029 2332 4094 sainct
2371 4027 2563 4108 Paul,

596 4135 726 4200 que
766 4113 834 4178 la
876 4113 1123 4179 droicte
1164 4112 1539 4179 invocation
1582 4112 1860 4197 procede
1904 4110 1986 4179 de
2037 4112 2105 4179 la
2144 4114 2246 4180 116
2337 4114 2562 4199 (Rom.

604 4205 703 4278 10,
748 4200 876 4286 14).
943 4197 1079 4265 061
1123 4199 1181 4265 61
1222 4219 1393 4265 6666
1434 4203 1707 4268 6’61666
1748 4200 1961 4265 fiance
2003 4221 2088 4266 66
2130 4199 2198 4264 16
2322 4207 2437 4265 616
2479 4199 2563 4266 (16

595 4286 792 4367 Dieu,
836 4285 887 4351 il
928 4304 1099 4351 nous
1142 4291 1246 4378 est
1277 4285 1657 4369 impossible
1693 4284 1774 4352 de
1809 4284 2179 4370 l’invoquer
2213 4306 2300 4352 en
2333 4286 2560 4354 verite.

1397 4407 1465 4442 L}
1498 4407 1757 4444 mssm.

771 4456 865 4522 Et
951 4474 1035 4520 116
1080 4474 1335 4522 6616-66
1378 4456 1459 4524 (16
1502 4479 1668 4525 ceux
1712 4456 1828 4542 qui
1871 4454 2175 4538 doutent,
2220 4465 2287 4524 et
2325 4479 2411 4524 ne
2454 4480 2561 4524 sa-

596 4550 766 4611 1661
809 4542 868 4609 61
907 4476 1087 4608 {iou
1131 4540 1230 4608 166
1273 4551 1552 4623 6666616,
1596 4565 1681 4609 66
1724 4542 1899 4608 non?

773 4886 989 4953 Leurs
1043 4888 1293 4971 prieres
1351 4817 1842 4954 smiindff'iout
1894 4888 2190 4970 ffivoles,
2262 4888 2560 4956 d'autant

597 4971 871 5056 qu'elles
913 4976 1098 5038 n’ont
1139 4972 1322 5039 611116
1362 4993 1711 5057 promesse.

916 5262 977 5330 1)
1014 5261 1094 5318 Le
1130 5263 1216 5319 36.
1252 5264 1548 5321 (1161666116.
1597 5295 1664 5305 -
1713 5264 1761 5320 11
1808 5265 1929 5322 faut
1961 5267 2108 5336 61161
2142 5281 2276 5322 avec
2310 5266 2554 5324 66116166
2591 5265 2785 5323 fiance.
2832 5294 2898 5305 —
2949 5266 2998 5320 l]
3031 5279 3103 5321 66
3137 5265 3256 5321 faut
3298 5266 3447 5336 prier
3483 5266 3643 5337 qu’au
3669 5266 3819 5321 'Nom
3853 5266 3921 5324 (16
3956 5266 4151 5324 Christ.

600 5348 870 5405 6116116116
906 5330 1044 5388 1563
1077 5333 1219 5388 suiv.

909 5401 973 5471 3)
1007 5400 1163 5458 Besa
1192 5402 1443 5459 addidit.-
1470 5410 1533 5459 ut
1563 5404 1641 5459 ait
1671 5403 1891 5461 Paulus.

2655 744 2728 809 in
2771 744 3065 811 oratione
3109 743 3554 826 requiruntur.
3576 742 3632 825 ⁸)

3508 862 3767 899 mmm
4309 875 4328 901 1

2836 921 2954 996 [fol.
3004 919 3116 995 54]
3148 914 3337 981 Eone
3382 920 3638 998 spectat
3670 913 3834 978 11666
3878 911 4192 993 (16611166,
4236 918 4313 978 61
4355 910 4623 992 resides,

2661 1007 2730 1067 61
2771 1000 3248 1085 quodammodo
3291 1001 3643 1066 oscitantes
3678 1005 3933 1065 motum
3968 998 4238 1082 spiritus
4281 1004 4622 1083 exspecte-

2575 1126 2582 1135 ,
2659 1107 2830 1168 mus,
2875 1107 2999 1153 666
3041 1107 3113 1181 66
3157 1088 3430 1171 6616666
3473 1085 3556 1152 6(1
3602 1084 3925 1151 orandum
3969 1084 4316 1152 sollicitet?

3565 1207 3718 1243 PUER-

2834 1257 3116 1322 Minime
3173 1278 3347 1324 vero.
3439 1255 3622 1338 Quin
3676 1256 3787 1324 hic
3840 1258 4064 1341 potius
4131 1266 4234 1323 est
4289 1257 4473 1322 finis:
4544 1260 4623 1321 ut

2663 1340 2824 1408 dum
2879 1340 3123 1427 frigere
3166 1366 3238 1411 se
3255 1395 3271 1424 ,
3325 1349 3395 1409 et
3451 1341 3536 1409 ad
3579 1342 3902 1409 orandum
3954 1344 4179 1428 pigros
4236 1342 4344 1409 vel
4397 1342 4620 1408 minus

2662 1427 2829 1494 bene
2868 1438 3275 1513 comparatos
3319 1429 3618 1496 sentiunt
3649 1429 3894 1510 fideles,
3940 1430 4025 1495 ad
4059 1431 4278 1496 Deum
4319 1428 4624 1512 protinus

2663 1515 3064 1599 confugiant,
3111 1536 3311 1599 seque
3350 1516 3751 1582 inflammari
3794 1516 4130 1599 postulent
4173 1516 4382 1599 igneis
4427 1513 4623 1598 spiri-

2664 1606 2772 1667 tus
2818 1601 2960 1667 eius
3001 1602 3260 1682 aculeis,
3305 1623 3433 1686 quo
3480 1602 3565 1668 ad
3609 1601 3931 1668 orandum
3973 1600 4338 1669 reddantur
4383 1598 4620 1665 idonei.

3508 1724 3766 1759 mlssm.

2831 1773 2985 1838 Non
3028 1779 3255 1839 tamen
3293 1773 3612 1858 intelligis
3623 1785 3658 1854 ,·
3699 1773 3959 1839 nullum
4016 1775 4091 1839 16
4130 1771 4434 1858 precibus
4476 1791 4619 1838 6666

2658 1857 2928 1944 linguae
2969 1879 3184 1925 usum.

3564 1982 3715 2017 rutn-

2832 2030 3282 2115 Nequaquam.
3345 2030 3470 2097 Est
3513 2033 3692 2096 enim
3717 2031 4323 2115 saepeadiumento
4349 2028 4430 2095 ad
4467 2030 4621 2096 sub-

2658 2115 3010 2182 levandam
3089 2117 3502 2183 retinendam
3546 2139 3631 2183 66
3708 2126 3998 2183 mentem
4015 2171 4031 2198 ,
4102 2141 4187 2183 ne
4230 2128 4369 2182 tam
4424 2116 4615 2182 facile

2663 2223 2704 2267 a
2744 2201 2892 2268 Deo
2952 2202 3389 2269 abstrahatur.
3541 2212 3838 2269 raeterea
3888 2225 4091 2287 quum
4147 2202 4230 2268 ad
4285 2202 4621 2268 illustran-

2664 2287 2817 2353 dam
2859 2288 2990 2365 Dei
3029 2287 3304 2373 gloriam
3350 2298 3569 2356 creata
3612 2291 3700 2355 sit
3742 2311 3899 2374 prae
3944 2289 4090 2356 aliis
4132 2289 4476 2367 membris,
4522 2296 4621 2353 to-

2664 2381 2802 2439 tam
2847 2374 2992 2441 6166
3036 2374 3419 2441 facultatem
3462 2375 3537 2441 in
3569 2375 3748 2442 hunc
3770 2397 3961 2441 usum
3998 2375 4313 2460 explicari
4357 2396 4479 2460 par
4501 2383 4619 2439 est.

2663 2457 2774 2525 Ad
2814 2460 2996 2540 11666,
3042 2459 3380 2526 hominem
3412 2460 3748 2527 interdum
3789 2461 3989 2529 studii
4028 2462 4450 2528 vehementia
4492 2459 4623 2525 1166

2661 2545 2959 2630 impellit,
3004 2552 3081 2611 61
3122 2556 3386 2630 6166161
3426 2547 3774 2615 6666111616
3816 2547 4046 2634 116366
4089 2549 4154 2613 in
4201 2568 4430 2615 vocem
4472 2567 4623 2630 pro-

2663 2639 2948 2716 rumpat.

3519 2773 3777 2809 mmTBB.

2840 2818 2918 2887 Si
2976 2821 3073 2886 ita
3116 2829 3250 2902 est,
3310 2823 3479 2905 quid·
3520 2824 3869 2907 proficiunt
3923 2824 4033 2907 qui
4089 2823 4343 2889 exotica
4395 2823 4622 2907 116366

2668 2906 2918 2990 sibique
2962 2928 3094 2972 non
3137 2908 3474 2975 intellecta
3520 2909 3753 2975 orant?

3570 3031 3720 3068 PUER-

2839 3075 2923 3144 Id
2963 3099 3120 3146 vero
3161 3079 3330 3146 611111
3367 3089 3469 3148 661
3511 3081 3707 3161 6116(1,
3753 3104 3949 3166 66616
3993 3104 4145 3150 cum
4188 3082 4334 3149 Deo
4376 3079 4615 3147 ludere.

2671 3165 2854 3250 Ergo
2898 3186 2940 3230 a
2979 3164 3383 3234 Christianis
3424 3170 3706 3236 facessat
3746 3167 3911 3234 haec
3954 3168 4340 3253 hypocrisis.

3520 3290 3781 3327 mm.

2840 3337 3094 3403 Verum
3107 3389 3124 3418 ,
3170 3360 3374 3423 quum
3416 3361 3791 3423 precamur,
3837 3340 4202 3407 facimusne
4244 3338 4312 3406 id
4355 3340 4620 3406 fortuito

2669 3422 2751 3489 de
2774 3443 3076 3490 66666666
3111 3424 3364 3508 1666111,
3411 3448 3499 3492 66
3521 3446 3680 3493 vero
3716 3427 4144 3493 constitutum
4187 3424 4258 3491 id
4290 3435 4470 3492 certo
4504 3426 4623 3492 ha-

2670 3510 2824 3576 bere
2867 3531 2988 3575 nos
3031 3518 3305 3594 oportet,
3352 3512 3742 3578 exauditum
3786 3533 3906 3578 nos
3948 3513 4034 3578 iri
4078 3533 4118 3578 a
4159 3512 4446 3579 Domino
4459 3510 4492 3576 ἱ)

3568 3720 3720 3757 PUER-

2838 3768 2988 3835 Hoc
3029 3775 3418 3853 perpetuum
3464 3770 3552 3837 sit
3585 3770 3901 3837 orationis
3940 3769 4464 3850 fundamentum,
4508 3785 4648 3837 ex-‘

2669 3852 2967 3919 auditum
3011 3874 3129 3921 nos
3170 3854 3252 3919 iri
3298 3876 3339 3920 a
3381 3857 3668 3922 Domino
3684 3908 3699 3936 ,
3755 3864 3823 3923 et
3873 3854 4188 3941 quidquid
4326 3856 4625 3923 tierimus

2666 3940 3155 4024 impetraturos,
3201 3949 3525 4025 quatenus
3567 3942 3757 4010 nobis
3801 3940 4133 4010 conducet.
4368 3943 4626 4022 ratione

2669 4024 2855 4093 docet
2894 4024 3174 4106 Paulus,
3234 4046 3318 4093 ex
3360 4028 3490 4095 fide
3532 4050 3805 4095 manare
3846 4039 4095 4094 rectam
4137 4028 4625 4095 invocationem

2668 4112 2814 4178 Dei.
2881 4111 3059 4177 Nam
3093 4113 3221 4178 rite
3265 4134 3459 4181 nemo
3501 4136 3793 4199 unquam
3836 4115 4056 4199 ipsum
4098 4114 4450 4197 invocabit,
4495 4116 4624 4182 nisi

2669 4204 2785 4279 [fol.
2825 4201 2933 4277 55]
2978 4198 3090 4282 qui
3131 4200 3203 4264 16
3246 4208 3425 4267 66116
3467 4202 3781 4268 bonitatis
3824 4201 3964 4266 eius
4005 4200 4247 4267 fiducia
4285 4202 4473 4286 prius
4516 4222 4624 4269 66·

2670 4284 3013 4371 quieverit.

3520 4408 3782 4443 nmmum.

2840 4454 3020 4537 Quid
3059 4476 3217 4543 ergo
3260 4457 3365 4546 his
3406 4459 3551 4537 fiet,
3610 4461 3721 4542 qui
3774 4457 4178 4526 haesitantes
4221 4466 4444 4540 orant,
4500 4478 4622 4525 neo

2665 4542 2737 4607 in
2781 4541 3023 4607 animis
3076 4544 3213 4609 suis
3270 4551 3602 4625 statuunt,
3660 4543 3819 4628 quid
3873 4545 4008 4611 sint
4066 4544 4313 4610 orando
4367 4546 4620 4628 profec-

2665 4628 2828 4694 turi:
2872 4627 3008 4693 1166
3049 4628 3285 4696 incerti
3328 4637 3500 4711 sunt,
3546 4630 3903 4698 audiantur
3939 4652 4148 4698 necne
4192 4651 4233 4695 6
4274 4629 4422 4697 1)66
4464 4650 4620 4698 6666

2662 4712 2929 4799 preces?

3562 4838 3715 4875 Pm-

2833 4888 3069 4955 Vanae
3124 4896 3284 4955 sunt
3337 4909 3413 4955 ac
3465 4887 3695 4954 irritae
3749 4889 4043 4973 ipsorum
4095 4908 4350 4972 preces,
4412 4909 4618 4987 quum

1802 4973 1936 5040 Gar
1976 4975 2027 5041 il
2071 4983 2173 5042 est
2215 4974 2375 5056 dict,
2431 4994 2561 5059 que
2661 4974 2846 5042 nulla
2919 4974 3352 5060 promissione
3428 4975 3563 5041 sint
3639 4975 3965 5042 suffultae.
4054 4973 4373 5041 Iubemur
4439 4995 4619 5041 emm

4427 5266 4617 5334 2)16·
