4999 6179
635 480 712 546 X
1820 469 2367 542 TRAO'JJATUS
2413 468 3005 538 THEOLOGIOI
3045 467 3491 537 MINORES.

638 667 936 735 iudicare
991 665 1220 751 possis.
1322 663 1572 749 Accipe
1623 664 1761 730 iam
1805 663 2043 746 quibus
2098 660 2409 729 subsidiis
2462 660 2774 727 instructi
2828 660 2954 727 hac
3008 658 3260 726 laboris
3297 660 3508 725 nostri
3548 666 3737 743 parte
3782 658 4071 726 defuncti
4115 681 4363 727 sumus.
4454 664 4672 748 Atque

558 788 571 799 “
640 781 932 862 primum
978 775 1060 843 (16
1106 775 1394 843 editione
1436 775 1676 863 gallica
1719 773 2028 841 dicemus.

958 1001 1515 1087 Antiquissimum
1558 997 1896 1082 exemplar
1938 995 2319 1063 catechismi
2362 995 2742 1078 posterioris
2786 992 3009 1078 gallici
3053 992 3226 1078 quod
3267 994 3558 1060 nancisci
3602 996 3964 1077 potuimus,
4011 1004 4080 1061 et
4123 997 4205 1063 ad
4250 1000 4435 1066 cuius
4474 1000 4674 1068 fidem

570 1182 574 1186 ,
646 1121 913 1179 textum
955 1112 1181 1178 recudi
1226 1100 1601 1179 curabimus
1616 1161 1633 1189 ,
1688 1109 1959 1176 unicum
2003 1114 2266 1174 exstare
2310 1106 2578 1172 videtur
2631 1106 2703 1170 in
2750 1105 3143 1172 bibliotheca
3184 1105 3402 1172 ducali
3446 1105 3786 1185 Gothana,
3841 1108 3914 1172 in
3958 1107 4189 1174 eodem
4227 1109 4561 1179 volumine
4602 1114 4675 1179 in

648 1244 779 1308 quo
824 1225 1028 1290 etiam
1074 1228 1431 1289 tractatum
1475 1220 1789 1306 gallicum
1835 1220 1916 1285 de
1961 1217 2187 1285 Coena
2230 1238 2286 1283 a.
2340 1222 2503 1281 1542
2551 1237 2751 1300 supra
2793 1216 3136 1297 laudatum
3182 1217 3574 1284 invenimus.
3667 1218 3928 1285 'l‘itulus
3970 1218 4080 1286 hic
4124 1228 4249 1287 est:

958 1322 1087 1405 Le
1151 1321 1660 1406 catechismo
1723 1319 1830 1401 de
1862 1313 1871 1429 Ι
1902 1326 2357 1411 ,L’EGLISE
2404 1328 2535 1394 DE
2582 1327 2868 1394 661111-
2894 1330 2906 1413 ι
2929 1349 3039 1393 ue:
3098 1327 3260 1394 sest
3312 1336 3355 1395 a
3407 1329 3579 1409 diro,
3634 1327 3697 1395 10
3739 1329 4158 1397 Formulaire
4203 1332 4367 1399 d’in-
4392 1333 4403 1419 ι
4429 1336 4674 1403 muira

645 1448 743 1513 les
788 1447 1022 1513 enfans
1063 1468 1149 1512 en
1191 1445 1260 1512 la
1302 1444 1756 1514 Ohrestiente:
1810 1441 1819 1526 Ι
1870 1442 2029 1508 faict
2071 1462 2155 1506 en
2199 1440 2493 1506 manicre
2539 1438 2619 1506 de
2664 1438 2967 1525 dialogus
3010 1461 3097 1506 ou
3138 1439 3203 1506 le
3245 1437 3634 1523 Mi-lnistre
3671 1442 4080 1527 interrog-ue,
4140 1450 4210 1509 et
4250 1443 4528 1513 l’enfant
4568 1471 4672 1515 16-

647 1557 875 1642 spond.
930 1557 940 1643 Ι
1322 1556 1335 1643 Ι
1386 1555 1526 1621 Par
1580 1553 1639 1620 I.
1689 1551 1933 1618 Calain.
1989 1555 1998 1638 Ι
2046 1560 2345 1631 (Emblema
2377 1558 2741 1632 typographi.)
2790 1560 2800 1628 Ι
2849 1561 3103 1617 EPHES.
3143 1561 3214 1615 H.
3268 1559 3279 1627 1
3327 1561 3407 1616 Le
3451 1561 3762 1654 fundament
3805 1562 3872 1617 de
3925 1563 4145 1632 l'Eglise
4197 1571 4283 1620 est
4325 1566 4381 1621 la
4429 1568 4672 1627 doctrine

645 1678 741 1735 des
790 1669 798 1755 Ι
851 1679 1153 1750 Prophetes
1189 1684 1244 1733 et
1287 1677 1382 1733 des
1417 1676 1700 1746 Apostres.
1753 1664 1761 1750 Ι
1815 1667 1999 1729 1545.

953 1778 1305 1846 Emblema
1356 1775 1761 1863 typographi
1816 1783 2272 1859 repraesentat
2325 1794 2605 1841 manum
2661 1772 2958 1861 gladium
3012 1783 3306 1841 erectum
3358 1782 3698 1842 tenentem
3713 1826 3729 1854 ,
3788 1776 3931 1842 sine
3984 1778 4281 1860 flamma,
4338 1802 4489 1847 cum
4533 1784 4671 1868 epi·

642 1891 922 1975 graphe:
970 1898 1124 1955 NON
1159 1899 1342 1955 VENI
1376 1901 1494 1954 PA-
1510 1888 1689 1976 ΙΟΕΜ
1723 1896 2074 1967 ΜΙΤΤΕΒΕ,
2125 1894 2135 1963 Ι
2186 1897 2325 1952 SED
2362 1895 2720 1952 GLADIVM.
2806 1886 2918 1952 Ex
2961 1885 3068 1951 his
3109 1884 3205 1950 10.
3234 1884 3522 1952 Gerardi
3564 1887 3892 1953 officinam
3948 1886 4154 1954 libelli
4197 1894 4408 1959 nostri
4464 1917 4668 1964 cunas

643 2002 850 2069 fuisse
895 2002 1325 2087 suspicamur.
1385 1998 1877 2081 Quaterniones
1921 2005 2083 2064 sunt
2123 2019 2361 2066 novem
2405 1996 2657 2083 (A—I)
2700 1998 2950 2063 formae
2989 1998 3364 2063 octonariae
3397 1998 3731 2078 minimae,
3777 1998 3933 2064 folia
3971 2010 4323 2069 numerata
4375 2008 4474 2088 68,
4523 2008 4666 2094 qui·

644 2115 768 2181 bus
813 2112 1132 2181 accedunt
1173 2119 1452 2197 quatuor
1495 2112 1639 2176 sine
1679 2108 1882 2195 siglis.

953 2224 1301 2291 Continet.
1355 2223 1420 2307 1)
1461 2224 1535 2288 in
1573 2221 1728 2288 folio
1769 2219 1957 2287 tituli
1998 2242 2190 2288 verso
2232 2219 2859 2305 praefatiunculam3
2905 2220 2977 2304 2)
3019 2219 3126 2286 fol.
3162 2222 3377 2286 2-68
3413 2219 3909 2287 Oatechismum
3952 2223 4172 2307 ipsum
4205 2247 4358 2293 cum
4391 2228 4669 2297 rubricis

643 2341 712 2400 et
753 2334 1055 2420 allegatis
1108 2334 1364 2401 biblicis
1420 2333 1709 2418 margini
1759 2331 2091 2416 incriptis;
2161 2333 2227 2416 3)
2274 2333 2347 2398 in
2401 2332 2576 2398 foliis
2632 2338 2914 2415 quatuor
2970 2333 3568 2416 supernumerariis
3625 2334 4036 2416 precationes
4090 2335 4342 2421 aliquot
4393 2340 4538 2423 pias
4593 2342 4665 2406 in

639 2461 836 2515 usum
893 2445 1345 2513 domesticum.
1442 2444 1598 2528 Ipse
1641 2443 2101 2511 Catechismus
2160 2444 2243 2509 ab
2296 2443 2516 2509 initio·
2539 2441 2623 2508 ad
2676 2444 2882 2509 finem
2923 2441 3295 2510 doctrinam
3347 2443 3777 2510 christianam
3821 2466 3954 2511 uno
3998 2455 4228 2514 tenore
4280 2438 4659 2535 pertractat,

640 2560 824 2625 nulla
864 2548 1293 2625 materiarum
1337 2548 1657 2624 divisione
1700 2556 1887 2622 facta.
1979 2548 2269 2621 Tantum
2306 2556 2379 2620 in
2423 2554 2882 2621 columnarum
2924 2555 3151 2636 titulis,
3196 2575 3361 2638 quos
3402 2553 3630 2623 dicunt
3673 2546 4101 2642 typographi,
4160 2562 4517 2646 praecipua
4558 2587 4662 2631 re-
4709 2552 4726 2567 ⁶

638 2692 792 2737 rum
845 2671 1062 2754 capita
1119 2648 1651 2754 distinguuntur,
1709 2672 1777 2732 et
1827 2666 2094 2750 quidem
2139 2665 2244 2732 fol.
2294 2670 2557 2730 2—24:
2611 2665 2778 2733 Des
2833 2666 3173 2733 articles
3218 2665 3310 2732 de
3352 2667 3433 2733 la
3473 2667 3641 2752 foy,
3701 2668 3807 2734 fol.
3855 2672 4129 2735 25-41
4178 2692 4263 2737 r.:
4321 2672 4484 2741 Des
4529 2675 4664 2742 dix

638 2780 1373 2860 commandemsns,
1418 2779 1527 2845 fol.
1567 2782 1643 2842 41
1685 2782 2032 2844 v.-—54r.:
2077 2776 2542 2859 D’oraison,
2587 2778 2695 2844 fol.
2736 2783 2818 2843 54
2853 2782 3136 2844 v.—68:
3181 2777 3342 2845 De‘s
3386 2777 3887 2847 Sacremens.
3979 2779 4167 2863 Quae
4211 2780 4468 2865 divisio‘,
4514 2807 4663 2871 pos-

635 2903 747 2961 tea
784 2893 986 2959 etiam
1028 2892 1240 2959 multo
1284 2893 1495 2978 magis
1537 2890 1883 2975 perspicue
1926 2889 2245 2969 indicata,
2305 2892 2446 2957 sine
2490 2890 2689 2957 dubio
2741 2892 2823 2957 ab
2882 2891 3025 2974 ipso
3069 2897 3297 2956 autore
3348 2892 3642 2975 profecta
3685 2900 3801 2959 est.
3892 2892 4084 2975 Quae
4120 2897 4403 2981 marg-ini
4450 2898 4559 2967 hic
4599 2908 4666 2965 et

636 3007 712 3071 in
755 3005 1176 3088 sequentibus
1218 3003 1612 3089 editionibus
1656 3001 2120 3069 adscribuntur
2173 3001 2473 3069 rubricae
2526 3002 2813 3068 minores
2872 3004 3013 3070 sive
3072 3002 3442 3070 summulae
3495 3005 3955 3085 materiarum,
4007 3027 4128 3072 nos
4181 3026 4303 3091 pro
4355 3028 4539 3079 more
4590 3011 4663 3077 in

634 3126 827 3185 notas
884 3117 1159 3186 referem
1167 3138 1264 3183 us.
1354 3116 1779 3182 Precationes
1835 3121 2013 3182 sunt·
2049 3136 2328 3181 numero
2384 3117 2707 3199 quinque:
2762 3117 3115 3196 matutina,
3175 3115 3595 3196 scholastica,
3659 3123 3816 3183 ante
3870 3124 3939 3183 et
3992 3126 4142 3202 post
4184 3139 4455 3187 coenam
4498 3125 4662 3191 reci—

634 3229 894 3309 tandae,
939 3230 1342 3314 vespertina.

662 3409 673 3419 ,
944 3341 1310 3422 Secundae,
1357 3361 1525 3424 quae
1568 3340 1757 3406 nobis
1801 3340 2112 3417 innotuit,
2159 3337 2465 3405 editionis
2511 3338 2636 3422 ipsi
2679 3338 3090 3423 possidemus
3135 3340 3472 3423 exemplar
3514 3361 3635 3424 pro
3679 3347 3972 3425 tempore
4008 3344 4293 3409 unicum.
4361 3319 4696 3417 Libellus·

632 3459 735 3519 est
773 3452 1025 3520 formae
1065 3453 1395 3534 minimae,
1440 3453 1586 3537 ipsa
1626 3450 1745 3517 illa
1785 3471 1984 3534 quam
2020 3470 2140 3516 nos
2182 3450 2256 3515 in
2300 3449 2702 3517 sedecimo
2738 3447 3016 3517 dicimus
3049 3452 3341 3517 minoris.
3402 3450 3890 3532 Quaterniones
3923 3460 4080 3518 sunt
4112 3476 4355 3523 novem
4391 3456 4657 3542 (A—I),

630 3565 916 3651 paginae
965 3569 1084 3630 133
1130 3571 1536 3645 numeratae,
1582 3571 1653 3630 et
1694 3553 2001 3628 undecim
2045 3539 2228 3628 aliae.
2319 3561 2402 3627 In
2445 3561 2652 3630 titulo,
2684 3584 2926 3630 nomen
2971 3560 3374 3630 Oatechismi
3416 3565 3821 3631 ornamentis
3864 3564 4341 3635 circumdatum
4377 3579 4480 3637 est
4519 3574 4662 3641 eius

630 3677 894 3762 generis
936 3675 1113 3761 quod
1156 3676 1492 3758 arabicum
1535 3675 1756 3741 vocari
1803 3672 1984 3740 solet.
2075 3672 2430 3772 Caeterum
2476 3673 2572 3739 sic
2605 3694 2687 3740 -se
2728 3674 2956 3740 habet:

940 3789 1066 3855 LE
1111 3787 1385 3854 OATE-
1402 3787 1413 3875 Ι
1429 3785 1788 3854 OHISME
1836 3786 1848 3871 Ι
1896 3785 2005 3851 De
2050 3785 2351 3851 Geneue:
2411 3785 2572 3852 c’est
2624 3807 2665 3851 a
2718 3785 2888 3867 dire,
2945 3786 3011 3853 16
3052 3787 3471 3853 Form'ulaire
3519 3787 3527 3872 Ι
3581 3786 3959 3854 d’instruire
4014 3789 4110 3856 les
4165 3781 4399 3860 enfans
4454 3816 4537 3862 en
4592 3797 4662 3863 la
4737 3809 4754 3822 ·

629 3899 1122 3988 Chre-'stiente
1175 3899 1296 3966 fait
1333 3920 1420 3965 en
1462 3899 1756 3964 maniere
1800 3894 1881 3963 de
1928 3895 1943 3981 Ι
1991 3895 2324 3982 dialogue,
2381 3919 2468 3963 611
2510 3896 2573 3962 16
2616 3897 2926 3964 Ministro
2974 3897 2985 3985 Ι
3035 3899 3442 3984 interrog-ue,
3502 3904 3570 3965 et
3609 3897 3772 3966 l'·en
3787 3901 3959 3988 {sant
3999 3903 4300 3988 respond.
4345 3904 4356 3990 Ι
4521 3908 4660 3976 Par
4703 3971 4712 3978 ,

629 4015 797 4081 Iean
853 4010 1112 4078 Caluin.
1164 4014 1173 4098 Ι
1222 4021 1426 4091 Ephes.
1466 4024 1519 4075 2.
1571 4009 1583 4095 Ι
1637 4010 1761 4075 Le
1791 4005 2176 4107 fondement
2236 4008 2318 4075 de
2370 4008 2646 4094 l’Eglise
2698 4016 2803 4076 est
2859 4010 2926 4077 18
2987 4009 3279 4078 doctrine
3328 4011 3338 4094 Ι
3388 4010 3503 4078 (168
3559 4012 3954 4096 Prophetes
3995 4019 4065 4078 et
4116 4010 4232 4082 des
4289 4016 4654 4108 Apostreal

634 4136 685 4188 A
730 4115 1034 4189 GE'NEVE
1067 4131 1216 4188 PAR
1264 4123 1273 4208 Ι
1320 4122 1487 4189 1686
1530 4122 1796 4190 Girard.
1847 4123 1856 4209 Ι
1914 4126 2098 4191 1548.
3251 4155 3260 4164 ·

944 4235 1222 4300 Praeter
1260 4233 1444 4300 illam
1489 4234 1877 4302 divisionem
1920 4236 1996 4301 in
2036 4241 2320 4320 quatuor
2362 4235 2605 4318 capita,
2652 4255 2817 4318 quae
2861 4234 3088 4302 eodem
3128 4234 3320 4300 modo
3365 4240 3563 4319 atque
3604 4234 3678 4300 in
3721 4234 4152 4318 praecedente
4196 4222 4479 4306 editione
4521 4264 4655 4310 non

630 4347 759 4414 nisi
800 4347 874 4412 in
915 4346 1373 4413 columnarum
1428 4345 1967 4431 inscriptionibus
2010 4346 2448 4440 significatur,
2508 4345 2671 4412 haec
2714 4366 2955 4422 novam
2999 4346 3269 4413 exhibet
3311 4345 3619 4430 deinceps
3671 4346 3743 4411 in
3788 4347 4092 4413 omnibus
4136 4350 4391 4434 gallicis
4432 4374 4654 4421 exem-

628 4459 927 4543 plaribus
974 4463 1326 4524 servatam.
1418 4457 1689 4525 Scilicet
1740 4467 1886 4524 tota
1926 4459 2413 4544 quaestionum
2428 4465 2496 4523 et
2532 4458 3034 4541 responsionum
3075 4458 3308 4537 series,
3367 4479 3499 4543 qua
3540 4457 3649 4524 1116
3694 4457 3992 4525 doctrina
4035 4458 4396 4529 christiana
4441 4465 4653 4532 absol-
4657 4439 4668 4450 ο

627 4570 843 4648 vitm,
888 4570 958 4635 in
1002 4569 1483 4654 quinquaginta
1532 4571 1822 4653 quinque
1856 4569 2182 4637 lectiones
2226 4568 2620 4653 dispescitur
2672 4569 2947 4636 totidem
2990 4568 3222 4637 diebus
3267 4568 3611 4636 dominicis
3655 4591 3696 4635 a
3747 4571 3973 4654 pueris
4017 4571 4400 4641 ediscendas
4443 4583 4514 4642 et
4551 4599 4656 4644 re-

628 4679 955 4760 citandas,
1011 4681 1107 4745 ita
1163 4687 1238 4746 ut
1293 4679 1587 4747 eiusdem
1644 4680 2036 4748 scholastica
2085 4682 2390 4752 tractatio
2443 4682 2645 4747 unius
2686 4653 2868 4748 ann?
2889 4682 3104 4766 spatio
3149 4680 3623 4765 comprehensa
3662 4680 3745 4746 ad
3787 4683 3990 4748 finem
4031 4682 4301 4766 perduci
4344 4689 4652 4770 potuerit.

624 4791 1126 4859 Dominicarum
1173 4812 1482 4858 numeres
1525 4793 1813 4877 margini
1854 4794 2220 4876 inscriptos,
2265 4815 2353 4859 116
2395 4793 2570 4877 quod
2614 4792 2878 4860 Oalvini
2922 4795 3136 4861 nostri
3175 4794 3555 4859 institutum
3597 4793 4004 4879 negligatur,
4047 4816 4167 4861 nos
4210 4817 4466 4882 quoque
4507 4809 4654 4866 tex·-

625 4904 723 4969 tui
768 4902 1205 4970 subiiciemus.
1295 4904 1572 4970 Accedit
1621 4904 1693 4969 in
1748 4903 1925 4972 calce
1980 4904 2182 4971 libelli
2236 4903 2437 4970 index
2495 4903 2972 5005 dominicarum
3030 4904 3116 4970 ad
3159 4924 3311 4971 suas
3361 4906 3636 4990 paginas
3678 4905 4070 4972 relatarum.
4160 4907 4404 4975 'l'able
4446 4931 4652 4996 pour

624 5031 963 5083 trouver
1004 5015 1079 5080 le
1121 5014 1290 5081 lieu
1336 5015 1432 5081 du
1480 5015 1996 5083 Oatechisme
2042 5038 2190 5100 que
2232 5016 2308 5081 le
2348 5016 2735 5083 Ministre
2780 5016 3171 5100 explique
3216 5037 3323 5081 un
3368 5017 3726 5084 chascun
3773 5017 4244 5087 Dimanche.
4334 5021 4442 5089 De
4484 5025 4650 5092 Pre-

626 5127 995 5194 cationibus
1040 5126 1313 5195 adiectis
1358 5135 1428 5193 et
1467 5128 1891 5195 Praefatione
1934 5148 2071 5193 non
2114 5136 2218 5196 est
2254 5127 2430 5211 quod
2475 5127 2695 5194 denuo
2740 5126 3053 5194 dicamus.

934 5239 1226 5304 Tertiam
1271 5238 1624 5306 editionem
1672 5259 1847 5305 anno
1874 5243 2037 5304 1549
2088 5241 2405 5307 Genevae
2447 5241 2841 5324 impressam
2884 5262 3014 5306 non
3061 5238 3368 5308 vidimus.
3425 5241 3636 5309 Cuius
3673 5241 4014 5325 exemplar
4051 5243 4339 5326 unicum,
4367 5268 4417 5312 s.
4448 5245 4534 5313 D.
4561 5270 4646 5331 p.,

611 5351 689 5417 in
732 5350 1127 5417 bibliotheca
1167 5351 1553 5419 Monacensi
1599 5352 1923 5420 asservari
1966 5353 2373 5420 rescivimus.
