4999 6179
606 477 782 545 XVI
1780 466 2327 537 TRAO‘PATUS
2370 462 2964 533 THEOLOGIOI
3003 462 3451 532 MINORES.

912 664 1106 730 Hane
1160 660 1517 727 editionem
1567 646 1833 726 curasse
1888 657 2150 724 videtur
2203 657 2492 723 Ioannes
2537 655 2830 723 Garnier
2843 706 2860 734 ,
2916 653 3227 721 ecclesiae
3283 652 3560 738 gallicae
3603 653 4165 738 argentoratensis
4210 662 4435 738 pastor
4476 653 4634 721 inde

601 777 685 844 ab
726 798 784 843 a.
837 779 1023 854 1544,
1067 773 1181 857 qui
1222 773 1501 838 fortasse
1544 769 1626 836 de
1669 790 1789 836 sue
1831 768 2155 835 nonnulla
2197 765 2480 845 addidit,
2517 767 2618 832 ·de
2673 766 2912 849 quibus
2968 786 3125 856 mex
3180 763 3493 832 dicemus.
3579 765 3873 832 Unicum
3915 764 4118 832 huius
4159 763 4367 833 libelli
4410 785 4634 832 exem·-

598 888 745 973 plar
785 887 963 953 nacti
1006 905 1238 950 sumus
1278 884 1354 948 in
1394 881 1792 949 bibliotheca
1833 881 2046 948 civica
2086 878 2616 964 argentoratensi
2658 884 3093 943 asservatum.
3182 877 3430 942 Forma
3473 876 3616 942 eius
3659 884 3763 943 est
3805 878 4142 944 octonaria
4184 878 4428 958 miuor;
4451 899 4633 963 ,qua-

596 999 933 1065 terniones
985 993 1344 1064 eetodeeim
1408 992 1503 1080 (A
1517 995 1597 1061 B.
1648 1014 1863 1060 a—n.
1922 990 2338 1076 AA-co);
2403 990 2564 1056 solia
2626 1009 2761 1054 non
2826 986 2912 1053 ad
2961 990 3167 1055 finem
3230 1004 3439 1072 usque
3506 996 3875 1054 numerata.
3975 988 4277 1056 'situlum
4336 991 4636 1074 sequitur

597 1109 935 1177 Praefatio
979 1108 1084 1174 fel.
1132 1111 1302 1171 2--6
1346 1107 1482 1172 iam
1526 1126 1723 1172 suum
1767 1111 2067 1170 autorem
2106 1104 2426 1186 professa:
2482 1102 2493 1184 Ι
2542 1110 2779 1167 IEHAN
2816 1109 3091 1165 GALVIN
3133 1110 3186 1163 A
3219 1108 3406 1166 TOUS
3443 1106 3900 1166 CHRESTIENS
3944 1110 4044 1166 ΕΤ
4088 1110 4490 1168 AMATEURS
4533 1112 4637 1170 DE

598 1232 700 1287 LA
742 1229 1087 1287 PAROLLE
1123 1228 1227 1283 DE
1264 1228 1461 1284 DIEU.
1519 1228 1575 1283 S.
1626 1224 1637 1293 Ι
1693 1228 1764 1283 et
1816 1216 2004 1281 cuius
2059 1214 2339 1299 paginae
2391 1235 2513 1279 sex
2570 1213 2822 1295 priores
2867 1211 3070 1277 verbo
3127 1218 3323 1277 tenus
3367 1211 3840 1294 praefationem
3885 1232 4060 1278 anne
4112 1217 4275 1278 1542
4321 1214 4638 1298 scriptam

598 1333 916 1410 referunt,
962 1340 1246 1414 quatuor
1286 1328 1579 1414 reliquae
1622 1328 1705 1393 de
1747 1325 2003 1392 musica
2044 1345 2233 1392 sacra
2285 1325 2703 1408 potissimum
2745 1330 3016 1408 agentes
3069 1344 3254 1390 nunc
3296 1323 3586 1407 primum
3628 1322 3892 1390 additae
3934 1330 4119 1404 sunt,
4175 1324 4430 1392 adiecta
4471 1346 4632 1410 quo-

598 1467 725 1530 que
769 1443 1285 1529 subscriptione:
1340 1441 1444 1508 De
1493 1439 1763 1519 Genava,
1820 1458 1887 1503 ce
1936 1441 2032 1503 10.
2074 1438 2152 1503 de
2196 1434 2410 1520 Iuiny,
2456 1436 2551 1502 M.
2575 1436 2661 1501 D.
2685 1434 2945 1502 XLIII.
3032 1436 3145 1500 Ex
3187 1435 3313 1500 hae
3355 1434 3515 1501 anni
3571 1440 3730 1501 nota
3781 1435 3973 1500 facile
4027 1436 4385 1503 conieceris
4428 1439 4632 1504 exsti-

597 1557 758 1623 tisse
801 1556 1157 1624 editionem
1203 1554 1492 1638 aliquam
1531 1558 1760 1617 nostra
1802 1550 2035 1635 (1545)
2095 1548 2562 1631 antiquiorem,
2620 1547 3059 1615 recentiorem
3101 1568 3258 1614 vero
3301 1567 3505 1631 supra
3543 1546 3821 1613 laudata
3852 1547 4014 1613 anni
4063 1550 4225 1612 1542
4244 1599 4263 1630 ,
4320 1568 4488 1633 quae
4530 1557 4631 1616 ta-

596 1686 754 1734 men
809 1666 1032 1735 eculos
1084 1664 1346 1733 nestros
1398 1663 1590 1748 fugit.
1678 1661 1823 1728 Fel.
1872 1665 1909 1723 7
1926 1699 2009 1709 —-
2029 1664 2106 1724 15
2152 1660 2469 1744 leguntur
2509 1658 2832 1725 formulae
2874 1657 3278 1744 agendorum
3336 1667 3406 1725 et
3458 1678 3733 1741 precum
3787 1658 4004 1743 cultui,
4048 1658 4308 1725 dierum
4351 1659 4630 1727 demini-

599 1800 830 1846 earum
872 1778 1212 1846 ordinario
1256 1777 1558 1860 scriptae,
1602 1795 1773 1859 quae
1812 1774 2031 1838 fuerat
2072 1770 2277 1837 libelli
2319 1772 2608 1853 primum
2653 1769 2812 1837 editi
2855 1790 3011 1854 pars
3063 1771 3273 1853 prior,
3330 1791 3511 1837 nunc
3555 1771 3808 1837 auctior
3851 1779 3920 1836 et
3943 1771 4118 1839 ·hinc
4162 1769 4316 1837 inde
4358 1771 4633 1839 variata.

596 1892 742 1957 Fel.
797 1894 973 1955 16—
994 1893 1115 1954 112
1173 1887 1507 1955 habentur
1560 1885 1818 1953 Psalmi
1870 1905 2024 1950 eum
2077 1883 2254 1948 notis
2309 1884 2450 1949 suis
2492 1883 2794 1962 musicis,
2840 1883 3077 1967 quibus
3130 1882 3518 1967 praefigitur
3572 1883 3836 1950 brevior
3879 1882 4103 1967 aliqua
4145 1882 4505 1950 admonitio
4548 1884 4634 1951 ad

597 2001 912 2069 lectorem
926 2053 944 2081 ,
1006 2000 1242 2067 editori
1299 1997 1627 2066 Gamerio
1680 1997 1901 2080 potins
1950 2016 2151 2080 quam
2215 1994 2496 2061 Calvino
2560 1993 2937 2071 tribuenda,
3017 1994 3514 2078 subiunguntur
3571 2014 3727 2061 vere
3789 1995 3899 2060 fel.
3955 1999 3984 2058 1
3999 1998 4075 2060 12
4130 2017 4174 2061 v
4188 2015 4373 2063 erso
4396 2036 4482 2046 —
4510 2000 4631 2062 116

597 2112 1007 2197 psalmorum
1054 2111 1279 2178 tabula
1329 2109 1768 2194 alphabetica,
1824 2114 1894 2175 et
1946 2107 2361 2192 precationes
2413 2105 2567 2172 illae
2624 2104 3019 2173 domesticae
3062 2106 3225 2172 alias
3267 2105 3350 2172 ad
3394 2105 3641 2173 calcem
3683 2104 4086 2173 Oatechismi
4124 2127 4474 2192 expressae
4488 2161 4505 2189 ‚
4551 2109 4633 2175 de

597 2225 839 2309 quibus
882 2244 1002 2290 suo
1044 2222 1185 2289 loeo
1229 2222 1481 2289 dictum
1523 2227 1642 2288 est.
1752 2220 1994 2288 Finem
2050 2219 2303 2287 faciunt
2341 2217 2701 2284 Formulae
2743 2224 3309 2284 sacramentorum
3362 2217 4065 2300 administrandorum,
4122 2240 4292 2304 quae
4335 2228 4437 2287 est
4478 2242 4634 2305 pars

597 2335 925 2419 posterior
981 2333 1187 2400 libelli
1241 2354 1415 2400 anno
1478 2337 1644 2398 1542
1705 2331 1894 2411 editi,
1953 2338 2022 2396 et
2074 2330 2248 2397 foliis
2302 2329 2571 2414 quidem
2613 2332 2695 2394 22
2755 2350 2888 2395 non
2939 2329 3324 2395 numeratis.
3412 2328 3497 2395 In
3549 2330 3703 2396 folio
3747 2329 3985 2397 ultime
4029 2330 4371 2397 adduntur
4414 2340 4634 2400 errata

598 2446 924 2531 quaedam
973 2444 1362 2531 corrigenda
1412 2453 1480 2510 et
1537 2442 1845 2510 versiculi
1899 2442 2150 2527 aliquot
2193 2440 2444 2527 gallici,
2502 2441 2738 2525 quibus
2783 2441 2920 2520 hic,
2968 2461 3052 2506 ne
3095 2461 3214 2507 suo
3257 2441 3504 2507 honore
3549 2441 3970 2521 fraudentur,
4020 2440 4393 2510 modestum
4437 2465 4635 2510 suum

598 2558 952 2642 spatiolum
995 2557 1456 2626 concedemus:

2309 2729 2365 2790 1.
2416 2724 2794 2792 Tem-alonis,
2847 2728 2906 2790 5.

1778 2861 2169 2948 N‘esceiffivez
2198 2862 2386 2945 point
2425 2863 2670 2946 vespm
2714 2860 2780 2928 S.
2823 2869 2880 2929 et
2920 2862 3102 2948 loyal.
3139 2956 3150 2965 ι

1774 2976 1878 3041 La
1906 2973 2237 3061 prophetie
2276 2975 2461 3071 aues}
2503 2994 2580 3041 ne
2621 2979 2980 3061 contemnes.

1773 3086 2140 3172 Esprouveae
2180 3086 2337 3168 tout,'
2367 3107 2432 3152 ce
2458 3086 2586 3170 ‚qui
2627 3088 2732 3154 est‘
2757 3086 2873 3152 bon
2914 3091 3100 3168 tem,

1780 3200 1962 3267 estez
2002 3200 2080 3265 de
2120 3217 2276 3265 vous
2316 3202 2477 3266 toute
2530 3217 2734 3281 espace
2775 3198 2853 3267 de
2894 3199 3042 3266 mal.

2327 3369 2566 3435 Psalm.
2615 3375 2767 3435 104.

1776 3508 2121 3575 Pseaumes
2164 3513 2223 3573 d
2263 3507 2575 3574 chan-sons
2615 3507 2970 3593 chanteray,

1770 3620 1838 3685 A
1880 3640 1969 3685 un
2015 3618 2147 3687 seul
2188 3618 2383 3699 Dieu,
2427 3624 2564 3696 tant
2603 3640 2722 3702 que
2763 3639 2966 3704 seray.

908 3818 1039 3884 His
1086 3817 1394 3884 versibus
1451 3817 1734 3902 denique
1790 3816 2217 3902 subiungitur
2268 3831 2515 3882 nomen
2573 3817 2871 3883 officinae
2923 3816 3436 3903 typographicae
3479 3824 3623 3883 tum
3662 3818 3978 3900 temperis
4018 3817 4450 3903 Argentorati
4493 3836 4630 3882 non

595 3932 828 3998 ultimo
870 3929 1013 3997 1000
1054 3928 1450 3997 celebratae:
1504 3937 1516 4006 Ι
1563 3938 1886 3995 mltum
1928 3939 1981 3994 A
2025 3937 2501 3995 STRASBOVRG
2537 3935 2648 3993 EN
2689 3937 3207 3995 L’IMPRIMERIE
3251 3939 3354 3995 DE
3395 3937 3632 3994 IEHAN
3673 3936 4067 3994 KNOBLOCH
4114 3936 4127 4006 1
4157 3923 4325 3991 Ἰιόη
4373 3931 4557 3994 1545.

907 4041 1135 4106 Tertia
1168 4021 1407 4123 editio,
1466 4061 1638 4125 quae
1691 4040 1883 4107 nobis
1925 4041 2160 4107 saltem
2201 4061 2323 4124 pro
2367 4045 2661 4123 tempere
2704 4040 2904 4106 tertia
2946 4046 3076 4120 est,
3131 4040 3206 4105 in
3257 4042 3475 4110 forma
3515 4041 3798 4107 minima
3844 4042 3923 4105 32
3969 4039 4278 4138 foliorum
4321 4061 4456 4105 non
4498 4061 4628 4106 nu-

594 4160 1004 4220 meratorum
1048 4151 1326 4242 (A—D)
1384 4173 1524 4219 non
1564 4152 1690 4219 nisi
1738 4152 2022 4238 Agenda
2063 4159 2131 4219 et
2171 4152 2488 4218 formulas
2529 4165 2806 4237 precum
2848 4152 3174 4232 eontinet,
3233 4175 3318 4219 ne
3374 4152 3847 4246 praefationem
3892 4150 4151 4236 quidem
4197 4151 4467 4218 Oalvini
4509 4149 4627 4216 ad·-
4733 4133 4746 4142 ’

596 4263 713 4343 dit,
758 4271 957 4349 atque
1001 4263 1163 4330 adeo
1206 4263 1420 4331 locum
1465 4286 1662 4332 suum
1702 4265 1994 4332 natalem
2048 4270 2118 4331 et
2173 4265 2576 4349 typographi
2629 4284 2874 4330 nomen
2927 4271 3120 4331 tacet.
3208 4264 3431 4331 Huius
3473 4284 3736 4349 qnoque
3779 4262 4118 4345 exemplar
4164 4271 4428 4348 praeter
4471 4283 4626 4330 nes·

592 4382 776 4442 trum
816 4395 1030 4458 neque
1066 4372 1356 4442 vidimus
1398 4375 1631 4457 ullum,
1678 4398 1893 4462 neque
1936 4376 2092 4443 alibi
2139 4383 2399 4442 exstare
2442 4374 2847 4444 rescivimus.
2939 4375 3203 4443 Titulus
3247 4382 3374 4442 est:

907 4522 1008 4577 LA
1051 4521 1308 4578 FORME
1353 4522 1494 4580 DES
1541 4522 1552 4591 1
1604 4524 1919 4581 PROERES
1968 4522 1981 4592 Ι
2028 4513 2597 4599 Ecclesiastiques,
2642 4535 2804 4582 avec
2845 4514 2914 4582 la
2955 4516 3252 4582 maniere
3308 4511 3489 4581 d’ad-
3505 4514 3872 4600 {ministrer
3925 4512 4022 4579 les
4077 4511 4499 4593 Sacremens,
4554 4521 4624 4578 et

592 4623 885 4691 celebrer
932 4632 944 4701 Ι
995 4624 1059 4690 le
1102 4624 1422 4711 Mariage,
1467 4631 1535 4690 et
1577 4625 1646 4692 la
1688 4625 2027 4692 visitation
2075 4625 2086 4709 1
2138 4623 2253 4691 des
2294 4625 2606 4692 malades.
2667 4625 2677 4710 Ι
3081 4627 3092 4710 Ι
3128 4636 3272 4691 LVC
3310 4635 3511 4691 XVIII.
3574 4634 3585 4702 Ι
3641 4624 3705 4690 Il
3747 4626 3890 4692 faut
3932 4624 4265 4691 tousieurs
4309 4624 4506 4709 prier,
4545 4633 4624 4689 et

590 4756 677 4802 ne
721 4756 792 4801 se
840 4736 851 4818 Ι
902 4735 1111 4804 lasser
1151 4735 1355 4820 point.
1409 4736 1419 4821 1
1481 4741 1663 4802 1547.

901 4880 1133 4947 Prima
1173 4880 1382 4949 verba
1433 4881 1632 4950 huius
1686 4882 1866 4949 tituli
1918 4884 2130 4951 literis
2180 4882 2566 4964 maiusculis
2617 4905 2930 4969 expressa
2981 4884 3388 4950 ornamentis
3440 4882 3718 4950 arabicis
3762 4904 3929 4968 quae
3984 4881 4298 4949 dicuntur
4339 4883 4620 4949 circum-

591 4993 838 5076 scripta
879 4999 1052 5072 sunt,
1100 4993 1366 5060 omnino
1409 4995 1646 5062 iisdem
1686 5016 1850 5080 quas
1893 5003 1961 5062 et
1995 4995 2069 5061 in
2113 4993 2536 5063 catechismo
2580 4996 2816 5081 gallico
2869 5019 2927 5064 a.
2973 4998 3144 5084 1548
3201 4995 3718 5062 observavimus.
3806 4995 3955 5060 Iam
3997 5013 4201 5079 quum
4245 5001 4314 5060 et
4356 4994 4498 5080 typi
4542 4995 4618 5059 in

590 5111 875 5188 utroque
917 5104 1230 5188 opusculo
1272 5105 1476 5174 iidem
1517 5114 1895 5193 appareant,
1939 5113 2243 5173 nostrum
2284 5107 2379 5174 Io.
2426 5106 2714 5175 Girardo
2758 5107 3140 5175 Genevensi
3176 5106 3467 5173 tribuere
3511 5129 3644 5174 nen
3686 5104 4078 5173 dubitamus.
4145 5106 4367 5173 Multo
4401 5107 4619 5192 magis

592 5236 710 5281 nes
752 5236 1107 5301 suspensos
1154 5217 1371 5283 tenuit
1413 5225 1671 5300 textus,
1728 5239 1929 5303 quem
1967 5218 2271 5302 plurimis
2312 5218 2477 5287 loeis
2519 5220 2604 5286 ab
2648 5240 2725 5287 eo
2770 5219 3109 5287 diversum
3153 5217 3707 5303 deprehendimus
3751 5220 3864 5303 qui
3904 5220 3980 5285 in
4022 5218 4310 5285 editione
4353 5220 4614 5304 Argen-

590 5328 905 5393 toratensi
946 5347 1004 5393 a.
1056 5331 1221 5392 1545
1268 5328 1564 5409 habetur,
1611 5339 1681 5397 et
1720 5330 1849 5400 hee
1889 5330 2112 5398 minus
2154 5331 2566 5417 locupletem.
2657 5329 2813 5412 Qua
2854 5330 2938 5397 de
2978 5351 3196 5411 eausa,
3240 5331 3552 5417 quamdiu
3605 5331 4039 5415 antiquiorem
4079 5317 4438 5397 ‘editionem
4479 5350 4616 5398 non
