4999 6179
470 459 601 524 493
647 551 652 556 .

475 645 729 732 eligant
771 646 854 713 ad
900 646 1245 713 ecclesiam
1289 645 1792 730 gubernandam
1807 698 1823 726 ,
1871 646 2200 730 aliamque
2239 649 2438 713 ratio-

472 753 629 798 nem
684 740 986 811 teneant,
1056 752 1324 798 necesse
1384 739 1516 798 est:
1576 739 1695 798 aut
1743 733 2056 816 conqueri
2113 732 2436 812 desinant,

472 818 646 900 iure,
702 817 878 902 quod
933 817 1059 885 sibi
1100 818 1540 902 competebat,
1598 840 1668 884 se
1723 819 1928 885 fixisse
1983 839 2333 904 perperam
2373 827 2442 885 et

470 905 718 971 iniuria
761 905 1086 988 spoliatos.
1177 905 1321 969 Aut
1374 906 1429 971 si
1470 904 1728 970 malunt
1779 904 2102 987 apertius:
2159 904 2290 969 alia
2331 926 2438 970 ra-

471 992 651 1058 tione
685 991 1080 1075 perveniant
1113 989 1199 1056 ad
1233 991 1701 1075 episcopatum,
1745 1011 1945 1074 quam
1982 990 2442 1075 pervenerint:

471 1078 600 1144 alio
640 1097 826 1143 more
869 1086 939 1142 et
980 1078 1118 1141 ritu
1173 1078 1596 1143 ordinentur:
1651 1098 1893 1142 munus
1937 1097 2133 1141 suum
2180 1074 2439 1159 plebem

471 1163 799 1248 pascendo
869 1168 1020 1243 [pag.
1061 1166 1170 1242 67]
1226 1162 1577 1247 impleant,
1642 1164 1700 1228 si
1764 1184 1884 1246 pro
1941 1164 2266 1246 episcopis
2322 1184 2438 1246 ag-

474 1251 658 1317 nosci
714 1247 970 1315 volunt.
1059 1249 1156 1315 Ut
1226 1255 1619 1332 potestatem
1682 1247 2068 1314 nominandi
2132 1257 2199 1313 et
2261 1248 2438 1313 ordi-

468 1336 675 1402 nandi
727 1336 1088 1415 retineant,
1157 1336 1410 1400 iustum
1464 1334 1631 1400 illud
1684 1344 1753 1400 et
1798 1336 2045 1400 serium
2102 1334 2437 1400 doctrinae

466 1423 772 1505 vitaeque
822 1442 1104 1486 examen
1151 1422 1537 1486 restituant:
1595 1420 1768 1504 quod
1813 1421 1948 1486 iam
2007 1421 2235 1485 multis
2292 1442 2434 1486 sae-

468 1508 635 1574 culis
669 1510 845 1573 inter
886 1527 998 1573 eos
1041 1507 1380 1573 obsolevit.
1449 1505 1846 1590 Quanquam
1890 1506 2054 1572 haec
2096 1526 2233 1571 una
2265 1508 2434 1572 ratio

469 1596 683 1661 instar
722 1592 903 1658 mille
947 1590 1280 1658 habenda:
1336 1591 1513 1676 quod
1567 1614 1830 1658 omnem
1885 1594 1958 1658 in
2002 1593 2274 1658 ecclesia
2318 1614 2432 1658 au-

468 1682 805 1756 toritatem
869 1677 1187 1763 perdidit,
1265 1680 1636 1762 quicunque
1701 1700 1773 1745 se
1840 1699 2042 1744 sanae
2100 1678 2435 1745 doctrinae

469 1767 730 1832 hostem
773 1787 920 1832 esse
982 1785 1056 1829 re
1108 1764 1256 1848 ipsa
1310 1764 1626 1843 ostendit,
1681 1765 2124 1848 qualicunque
2179 1766 2434 1831 interea

466 1853 662 1917 titulo
706 1873 778 1917 se
820 1851 1134 1918 venditet.
1222 1849 1480 1928 Scitur,
1537 1850 1694 1934 quid
1730 1850 1812 1916 de
1855 1850 2204 1917 haereticis
2243 1873 2433 1935 prae-

468 1939 716 2022 cipiant
755 1945 1015 2003 veteres
1058 1936 1322 2023 synodi:
1369 1958 1568 2020 quam
1611 1937 1742 2001 illis
1795 1945 2187 2020 potestatem
2229 1938 2433 2002 relin-

357 2047 366 2054 ·
469 2031 689 2108 quant.
747 2024 1156 2088 Nominatim
1181 2032 1357 2090 certe
1393 2030 1642 2103 vetant,
1679 2044 1764 2088 ne
1799 2024 2147 2121 quisquam
2185 2022 2267 2088 ab
2302 2023 2434 2089 illis

468 2111 950 2177 ordinationem
996 2117 1200 2193 petat.
1288 2111 1436 2175 Hoc
1479 2131 1636 2193 ergo
1694 2110 1798 2175 ius
1851 2117 2029 2174 tuerl
2081 2129 2276 2175 nemo
2319 2129 2433 2192 po-

469 2205 631 2276 test,
689 2197 817 2261 nisi
881 2197 993 2279 qui
1036 2195 1372 2261 doctrinae
1414 2195 1706 2279 puritate
1750 2195 2063 2262 ccclesiae
2106 2195 2430 2261 unitatem

469 2288 835 2350 conservat.
925 2282 1225 2348 Dicimus
1279 2303 1417 2360 coe,
1482 2283 1596 2365 qui
1658 2282 2109 2364 episcoporum
2166 2283 2433 2347 nomine

468 2369 664 2434 hodie
707 2367 1093 2454 praesident
1133 2368 1459 2446 ecelesiis,
1506 2367 1668 2433 adeo
1711 2388 1847 2433 non
1891 2387 2034 2433 esse
2078 2365 2243 2432 fidos
2285 2368 2434 2451 piae

467 2454 808 2523 doctrinae
864 2453 1167 2520 custodes
1223 2476 1299 2520 ac
1352 2455 1721 2533 ministroS,
1790 2464 1869 2519 ut
1931 2454 2234 2520 acerrimi
2298 2455 2436 2519 sint

467 2544 686 2626 potius
731 2540 912 2607 illius
959 2540 1197 2606 hostes.
1272 2540 1572 2606 Dicimus
1615 2540 1743 2604 hoc
1785 2561 1994 2605 unum
2039 2561 2150 2605 eos
2192 2538 2430 2619 moliri,

464 2637 543 2695 ut
584 2628 852 2694 Christo
896 2648 1050 2692 cum
1093 2626 1414 2711 evangelii
1455 2627 1559 2692 sui
1605 2627 1884 2692 veritate
1918 2626 2247 2691 exstincto
2289 2625 2432 2690 ido-

464 2714 825 2790 lolatriam,
882 2713 1315 2796 impietatem,
1359 2712 1677 2797 pessimos
1723 2719 1791 2776 et
1831 2711 2133 2777 exitiales
2178 2731 2433 2778 errores

466 2802 876 2866 confirment.
966 2799 1268 2864 Dicimus
1312 2819 1422 2864 eos
1465 2819 1600 2863 non
1636 2799 1855 2865 vorbis
1897 2797 2093 2863 modo
2134 2798 2433 2881 pertina-

468 2888 633 2953 citer
673 2906 903 2952 veram
958 2885 1227 2969 pietatis
1283 2885 1648 2950 doctrinam
1701 2885 2123 2969 impugnare,
2177 2883 2294 2950 sed
2329 2885 2432 2949 fu-

465 2974 638 3039 riose
693 2972 946 3037 saevire
1001 2971 1072 3035 in
1130 2992 1240 3035 eos
1295 2993 1551 3050 omnes,
1619 2971 1731 3054 qui
1780 2991 1927 3035 eam
1993 2992 2076 3036 ex
2141 2970 2432 3036 tenebris

464 3079 698 3126 eruere
752 3058 1042 3143 cupiunt.
1134 3056 1477 3124 Adversus
1531 3063 1664 3137 tot,
1737 3057 1974 3140 quibus
2027 3055 2429 3135 renituntur,

463 3146 938 3231 impedimenta
1012 3144 1352 3210 studemus
1427 3165 1695 3227 operam
1760 3151 2054 3209 nostram
2120 3144 2432 3208 ecclesiae

463 3231 863 3317 impendere.
938 3229 1044 3297 Ob
1088 3230 1262 3297 hanc
1306 3251 1573 3296 causam
1609 3230 1946 3296 nobiscum
1992 3228 2429 3328 expostulant,

464 3320 639 3405 qnod
673 3318 919 3383 illicitis
955 3315 1166 3381 modis
1202 3318 1273 3382 in
1308 3337 1534 3382 eorum
1570 3318 2045 3399 possessionem
2080 3335 2429 3381 1rruamus.

638 3403 834 3486 Quod
868 3402 953 3469 ad
974 3404 1254 3468 formam
1276 3410 1394 3468 aut
1413 3404 1890 3468 caeremoniam
1928 3402 2192 3466 attinet:
2230 3400 2432 3485 digna

461 3513 570 3559 res
613 3492 878 3570 scilicet,
925 3488 1006 3554 de
1048 3511 1179 3573 qua
1219 3490 1408 3555 nobis
1451 3491 1589 3556 sint
1628 3488 1906 3554 molesti.
1997 3486 2175 3568 Quia
2216 3506 2430 3553 sacer-

464 3579 696 3645 dotum
752 3575 927 3660 apud
982 3596 1104 3641 nos
1152 3597 1392 3642 manus
1445 3598 1578 3642 non
1634 3582 2011 3660 unguntur,
2078 3575 2234 3657 quia
2294 3595 2428 3638 non

462 3671 611 3746 [pag.
659 3668 770 3743 68]
823 3664 1060 3728 flamus
1100 3664 1173 3726 in
1218 3683 1444 3728 eorum
1499 3662 1761 3739 faeiem,
1818 3663 1972 3743 quia
2015 3659 2166 3725 alba
2209 3680 2317 3725 eos
2363 3668 2430 3723 et

463 3752 717 3836 reliquo
772 3750 914 3814 eius
969 3750 1235 3834 generis
1293 3757 1530 3814 ornatu
1573 3769 1708 3813 non
1748 3747 2116 3812 induimus:
2143 3749 2191 3829 ¹)
2251 3746 2426 3811 ordi-

459 3839 801 3905 nationem
836 3834 964 3900 rite
1000 3857 1041 3901 a
1082 3836 1269 3901 nobis
1303 3836 1448 3900 fieri
1485 3854 1620 3899 non
1656 3833 1956 3900 credunt.
2027 3833 2236 3916 Atqui
2280 3832 2430 3897 nul-

460 3925 596 3990 lam
640 3923 799 3989 olim
856 3923 1333 3988 caeremoniam
1388 3929 1655 4004 praeter
1709 3939 2027 3985 manuum
2068 3919 2429 4003 impositio-

461 4032 649 4089 nem,
717 4011 792 4074 in
847 4029 977 4073 usu
1030 4008 1235 4074 fuisse
1288 4007 1588 4092 legimus.
1676 4006 2002 4072 Recentia
2066 4014 2223 4071 sunt
2280 4006 2428 4085 ista,

462 4119 585 4164 nec
629 4095 898 4162 aliunde
940 4093 1299 4178 quidquam
1341 4093 1589 4160 habent
1630 4091 2245 4172 commendationis,
2299 4092 2428 4157 nisi

460 4182 638 4268 quod
680 4202 860 4248 nune
893 4180 1096 4265 vulgo
1153 4189 1340 4245 tanta
1388 4181 1708 4265 religione
1751 4180 2203 4245 observantur.
2292 4177 2429 4244 Sed

459 4270 621 4355 quid
686 4268 812 4334 hoc
880 4266 963 4332 ad
1024 4266 1210 4332 rem?
1301 4267 1475 4332 Nam
1539 4266 1613 4331 in
1677 4265 1878 4331 rebus
1945 4265 2154 4331 tantis
2218 4264 2460 4349 maior·

460 4378 664 4442 quam
719 4354 1063 4421 hominum
1117 4356 1436 4419 autoritas
1488 4354 1840 4436 quaeritur.
1930 4349 2221 4417 Proinde
2265 4371 2429 4433 quae

461 4443 547 4509 ab
581 4439 958 4508 hominibus
992 4440 1268 4506 inventa
1302 4447 1475 4519 sunt,
1513 4438 1759 4522 absque
1792 4436 2129 4522 religione,
2176 4437 2429 4521 quoties

458 4531 559 4595 ita
599 4527 891 4612 postulat
933 4533 1309 4609 temporum
1353 4525 1670 4603 conditio,
1724 4532 1986 4590 mutare
2029 4523 2216 4589 licet:
2262 4544 2429 4606 quae

457 4635 622 4682 vero
664 4634 803 4679 non
857 4613 955 4678 ita
998 4611 1257 4696 pridem
1298 4611 1731 4689 exstiterunt,
1784 4610 1996 4676 multo
2036 4609 2264 4675 minus
2308 4609 2428 4674 ha-

455 4703 623 4769 bent
674 4698 1011 4765 momenti.
1102 4696 1393 4764 Calicem
1454 4704 1798 4780 praeterea
1849 4704 1920 4762 et
1980 4704 2291 4780 patenam
2356 4696 2427 4759 in

459 4808 737 4853 manum
795 4785 1145 4868 porrigunt
1199 4784 1364 4863 suis,
1419 4803 1581 4866 quos
1639 4789 1894 4862 creant,
1962 4780 2425 4849 sacerdotibus.

460 4870 845 4955 Quorsum?
935 4870 1031 4936 Ut
1096 4890 1207 4934 eos
1274 4868 1359 4936 ad
1435 4866 1939 4935 sacrificandum
2003 4868 2163 4934 inau
2258 4874 2423 4932 rent.

460 4958 604 5027 Sed
648 4977 777 5043 quo
831 4954 1187 5022 mandato?
1275 4955 1506 5039 Neque
1550 4955 1727 5020 enim
1786 4961 1903 5020 aut
1944 4963 2172 5038 aposto
2206 4955 2259 5019 ‘s
2302 4974 2426 5017 un-

459 5067 664 5130 quam
715 5043 892 5110 hanc
943 5043 1347 5109 functionem
1403 5041 1715 5108 Christus
1773 5040 2065 5106 iniunxit
2079 5091 2095 5119 ,
2164 5048 2281 5105 aut
2345 5039 2427 5105 ab

606 5336 666 5403 1)
701 5335 781 5390 Et
811 5350 918 5404 que
952 5350 1093 5389 nous
1141 5349 1210 5390 ne
1255 5335 1338 5389 les
1372 5339 1595 5389 vestons
1647 5332 1804 5402 point
1850 5328 2072 5386 d’aubes
2110 5338 2167 5386 et
2201 5330 2269 5386 de
2306 5331 2429 5387 che-

466 5404 657 5464 sublcs
695 5414 752 5462 et
784 5405 853 5460 de
888 5404 969 5459 tel
1004 5404 1228 5474 bagage.
1306 5401 1374 5457 Θ.

1827 456 2559 566 ΒΕΕΟΒΜΑΝΒΔΕ
2604 453 3150 526 ECCLESIAE.

4381 474 4510 538 494

2545 667 2773 712 eorum
2852 647 3334 713 successoribus
3411 650 3659 733 suscipi
3734 653 3960 718 voluit.
4048 654 4269 740 Inepti
4351 680 4507 745 ergo

2544 739 2720 809 sunt,
2766 754 2969 816 quum
3007 732 3089 798 de
3112 733 3458 799 ordinandi
3494 737 3706 801 forma
3728 739 3916 805 nobis
3951 739 4284 808 facessunt
4304 766 4507 830 nego-

2543 819 2744 883 tium:
2789 818 2859 884 in
2903 839 3033 901 qua
3074 819 3243 883 nihil
3288 842 3329 886 a
3372 820 3626 887 Christi
3669 824 3918 908 regula,
3960 834 4029 891 et
4064 830 4505 910 apostolorum

2544 925 2670 969 usu
2687 955 2704 982 ,
2746 926 2788 969 a
2828 906 3073 972 veteris
3117 905 3429 972 ecclesiae
3471 909 3946 976 consuetudine
3988 914 4338 980 minimum
4384 917 4505 983 dif-

2543 991 2847 1057 ferimus:
2902 1012 3106 1074 quum
3162 1012 3350 1057 suam
3404 992 3586 1058 illam
3604 1046 3621 1074 ,
3681 993 3762 1060 de
3805 998 3993 1063 cuius
4034 1000 4342 1084 neglectu
4384 1025 4503 1069 nos

2544 1085 2881 1156 accusant,
2942 1098 3155 1160 neque
3211 1078 3340 1143 Dei
3400 1080 3630 1160 verbo,
3698 1102 3914 1166 neque
3971 1085 4165 1149 firma
4227 1087 4503 1168 ratione,

2542 1182 2756 1246 neque
2798 1162 3205 1246 antiquitatis
3245 1165 3518 1230 obtentu
3561 1169 3816 1249 possint
3860 1167 4226 1236 defendere.

2715 1248 2801 1313 In
2841 1257 3032 1332 parte
3082 1250 3424 1335 regiminis
3479 1251 3899 1318 ecclesiastici
3954 1264 4112 1321 sunt
4152 1256 4365 1341 leges:
4421 1281 4504 1325 ex

2541 1335 2776 1417 quibus
2817 1356 2929 1400 eas
2971 1334 3256 1402 libenter
3294 1337 3662 1419 recipimus,
3708 1360 3877 1422 quae
3920 1362 4042 1407 nec
4078 1345 4504 1411 conscientia-

2540 1442 2690 1486 rum
2715 1429 2870 1486 sunt
2887 1421 3127 1503 laquei,
3167 1430 3235 1487 et
3270 1421 3353 1486 ad
3388 1424 3638 1490 ordinis
3663 1425 3906 1506 publici
3941 1431 4500 1496 conservationem

2538 1508 2816 1574 faciunt:
2845 1527 3013 1589 quae
3046 1515 3264 1573 autem
3289 1509 3396 1574 vel
3417 1530 3535 1592 per
3559 1511 3983 1594 tyrannidem
4020 1513 4102 1577 ad
4126 1516 4503 1597 opprimen-

2539 1592 2657 1659 das
2680 1594 2999 1659 servitute
3020 1595 3447 1659 conscientias
3470 1598 3814 1678 impositae
3837 1600 4116 1679 fuerant,
4139 1600 4251 1665 vel
4275 1623 4503 1685 super-

2538 1680 2790 1745 stitioni
2813 1684 2963 1759 [pag.
3003 1685 3112 1759 69]
3146 1681 3522 1746 serviebant
3543 1684 3775 1766 magis,
3811 1706 4009 1768 quam
4046 1685 4501 1768 aedificationi,

2539 1787 2651 1832 eas
2674 1766 2988 1848 abrogare
3016 1766 3224 1832 coacti
3246 1767 3511 1832 fuimus.
3584 1768 3731 1835 Hoc
3762 1770 3906 1836 loco
3928 1771 4171 1838 fastidii
4214 1775 4503 1856 primum

2540 1859 2607 1918 et
2628 1851 3148 1936 importunitatis
3171 1872 3294 1916 nos
3333 1853 3724 1919 insimulant
3743 1855 3969 1922 hostes
3992 1859 4226 1924 nostri:
4265 1858 4501 1926 deinde

2539 1938 2758 2004 carnis
2780 1937 3115 2002 licentiam
3138 1959 3454 2020 quaerere
3477 1960 3599 2005 nos
3622 1941 4088 2009 criminantur:
4127 1952 4203 2009 ut
4225 1967 4498 2013 excusso

2539 2023 2927 2107 disciplinae
2961 2025 3133 2107 iugo,
3179 2023 3601 2091 lasciviamus
3644 2037 3840 2109 prout
3871 2028 4153 2095 libuerit.
4224 2030 4499 2110 Verum,

2540 2111 2711 2175 sicut
2754 2108 2912 2188 dixi,
2957 2109 3118 2191 quin
3160 2118 3540 2176 reverenter
3581 2113 4033 2179 custodiantur
4076 2137 4502 2202 quaecunque

2538 2197 2607 2261 in
2653 2196 2831 2261 hunc
2872 2201 3135 2260 tantum
3179 2197 3381 2261 finem
3424 2197 3789 2280 respiciunt
3830 2199 4040 2284 leges,
4084 2211 4161 2265 ut
4194 2203 4503 2270 decenter

2540 2290 2609 2347 et
2651 2280 2881 2346 ordine
2926 2288 3240 2364 gerantur
3284 2283 3459 2348 inter
3496 2283 3724 2349 fideles
3769 2288 4019 2364 omnia,
4077 2288 4350 2354 minime
4394 2311 4499 2354 re-

2538 2388 2932 2453 pugnamus.
3022 2366 3253 2450 Neque
3306 2389 3466 2434 vcro
3523 2370 3603 2435 de
3649 2371 3959 2455 singulm,
4017 2393 4182 2456 quas
4228 2375 4501 2459 abroga-
4544 2418 4549 2422 ·

2537 2455 2791 2531 vimu8‚
2874 2474 3258 2519 recusamus
3329 2475 3597 2520 causam
3677 2456 3922 2535 dicere,
4002 2480 4121 2524 cur
4188 2461 4281 2524 ita
4357 2463 4501 2527 fieri

2535 2540 2913 2623 oportuerit.
2975 2539 3173 2605 Certe
3210 2540 3540 2606 laborasse
3562 2550 3828 2625 praeter
3856 2541 4126 2609 modum
4161 2546 4502 2612 ecclesiam

2538 2627 2662 2692 sub
2698 2625 3132 2691 traditionum
3164 2626 3611 2692 humanarum
3655 2650 3871 2707 onere,
3918 2636 3985 2694 et
4027 2629 4500 2698 sublevandam

2536 2711 2908 2778 necessario
2942 2712 3162 2790 fuisse,
3208 2712 3266 2778 si
3302 2712 3674 2779 consultum
3712 2713 3811 2778 illi
3844 2716 4184 2794 vellemuS,
4221 2717 4503 2801 probatu

2537 2797 2804 2864 difficile
2854 2817 2992 2861 non
3049 2804 3187 2862 est.·
3254 2799 3432 2863 Nota
3488 2808 3589 2865 est
3642 2801 4004 2886 Augustini
4068 2804 4497 2885 querimonia,

2537 2906 2667 2968 qua
2736 2904 2896 2950 suae
2973 2884 3210 2949 aetatis
3287 2885 3732 2950 calamitatem
3812 2889 4107 2970 graviter
4182 2885 4499 2973 deplorat,

2538 2970 2709 3054 quod
2755 2970 3061 3048 ecclesia,
3119 2991 3317 3053 quam
3361 2972 3492 3037 Dei
3546 2971 3995 3038 misericordia
4037 2971 4310 3038 liberam
4358 2997 4501 3042 esse

2535 3057 2779 3135 voluit,
2856 3057 2951 3124 sic
3000 3057 3141 3122 iam
3212 3064 3358 3122 tum
3427 3057 3876 3141 premebatur,
3958 3066 4035 3124 ut
4095 3059 4501 3129 tolerabilior

2534 3145 2768 3209 fuisset
2846 3143 3241 3208 Iudaeorum
3333 3144 3632 3210 conditio,
3664 3147 3711 3225 ¹)
3824 3146 3935 3210 Ex
4028 3166 4105 3210 eo
4202 3154 4501 3231 tempore

2536 3250 2888 3295 numerum
2924 3231 3062 3295 fere
3103 3231 3175 3294 in
3219 3229 3571 3313 decuplum
3615 3232 3933 3310 crevisse,
3980 3233 4337 3298 verisimile
4379 3241 4497 3301 est.

2536 3316 2752 3381 Multo
2809 3337 2970 3382 vero
3032 3316 3180 3399 plus
3250 3317 3459 3381 crevit
3525 3318 3834 3401 exigendi
3901 3318 4101 3402 rigor.
4192 3317 4377 3399 Quid
4443 3321 4502 3387 si

2536 3403 2743 3487 igitur
2779 3423 2960 3466 nunc
3004 3410 3381 3486 resurgeret
3424 3413 3690 3469 sanctus
3733 3404 3846 3468 ille
3884 3406 4003 3482 vir,
4050 3426 4127 3471 ac
4171 3405 4501 3472 infinitam

2534 3488 2731 3553 istam
2781 3488 3004 3572 legum
3059 3487 3554 3553 multitudinem
3604 3490 3987 3575 inspiceret,
4045 3492 4166 3556 sub
4212 3513 4342 3575 qua
4387 3491 4500 3557 de-

2534 3595 2791 3640 mersae
2833 3581 3108 3657 gemunt
3149 3574 3430 3640 miserae
3473 3574 3951 3642 conscientiae?
4030 3575 4210 3658 Quid
4249 3578 4306 3643 si
4348 3599 4499 3644 rur-

2536 3682 2680 3726 sum
2727 3665 3041 3737 cerneret,
3089 3682 3217 3743 qua
3260 3663 3611 3727 severitate
3655 3664 3961 3747 exigatur
4005 3684 4232 3728 earum
4276 3665 4498 3729 obser-

2535 3740 2757 3812 v'atio?
2847 3746 3206 3829 Excipient
3258 3748 3481 3813 forsan
3523 3748 4034 3833 reprehensores
4075 3750 4286 3815 nostri
4304 3801 4319 3829 ,
4374 3771 4495 3816 nos

2535 3853 2685 3898 cum
2733 3833 3110 3916 Augustino
3148 3833 3387 3899 deflere
3429 3836 3738 3918 potuisse,
3786 3836 3843 3901 si
3889 3834 4047 3917 quid
4089 3834 4493 3919 displiceret:

2535 3918 2921 3986 correctioni
2943 3940 3101 3984 vero
3132 3940 3407 3984 manum
3448 3942 3583 3986 non
3607 3921 3806 3987 fuisse
3831 3920 4290 3987 adhibendam.
4362 3921 4496 3988 Cu-

2533 4005 2637 4072 ius
2685 4004 3066 4070 obiectionis
3129 4004 3340 4071 facilis
3397 4012 3499 4071 est
3546 4007 3800 4072 solutio.
3888 4006 4061 4071 Nam
4116 4028 4321 4091 quum
4374 4030 4496 4091 pu-

2534 4098 2837 4156 tarentur
2879 4090 3232 4157 observatu
3272 4094 3677 4158 necessariae
3720 4113 3864 4158 esse
3905 4093 4248 4158 hominum
4293 4093 4495 4178 leges,

2534 4178 2773 4260 corrigi
2818 4176 3045 4241 debuit
3086 4176 3496 4259 perniciosus
3540 4183 3686 4258 [pag.
3726 4183 3833 4258 70]
3879 4179 3986 4245 hic
4030 4198 4231 4245 error.
4308 4179 4496 4260 Quae

2536 4272 2851 4329 externae
2895 4262 3162 4346 politiae
3232 4284 3431 4329 causa
3475 4265 3782 4330 feruntur
3837 4266 4047 4349 leges,
4118 4265 4498 4331 obedienter

2535 4347 2897 4419 servandas
2938 4369 3083 4414 esse
3126 4350 3299 4416 sicut
3342 4347 3501 4429 dixi,
3546 4372 3681 4416 non
3722 4371 4064 4436 negamuS,
4107 4350 4219 4416 Ad
4261 4372 4495 4436 regen-

2536 4433 2654 4502 das
2699 4435 3130 4503 conscientias
3184 4456 3319 4501 non
3362 4437 3494 4502 nisi
3545 4459 3720 4504 unus
3762 4438 3950 4505 Deus
3994 4446 4097 4504 est
4136 4436 4494 4523 legislator.

2534 4523 2808 4588 Maneat
2862 4542 3020 4606 ergo
3074 4542 3280 4605 penes
3330 4520 3552 4604 ipsum
3608 4525 3821 4590 solum
3877 4525 4071 4603 haec,
4131 4544 4329 4606 quam
4373 4524 4498 4589 sibi

2532 4609 2764 4674 multis
2809 4607 3175 4693 scripturae
3218 4606 3381 4674 locis
3422 4609 3735 4691 vindicat,
3774 4610 4114 4676 autoritas,
4175 4609 4260 4673 In
4303 4631 4380 4675 ea
4423 4629 4496 4673 re

2534 4694 2821 4777 primum
2864 4694 2995 4759 Dei
3040 4694 3282 4774 honor,
3341 4715 3536 4777 quem
3579 4697 3761 4762 nullo
3817 4694 4008 4760 modo
4051 4695 4357 4760 imminui
4397 4696 4498 4761 fas

2533 4787 2662 4859 est,
2723 4778 2962 4845 deinde
3018 4780 3379 4863 spiritualis
3433 4783 3991 4849 conscientiarum
4033 4780 4303 4847 libertas
4346 4802 4496 4850 ver-

2535 4867 2751 4945 titur,·
2784 4886 2984 4950 quam
3027 4866 3285 4932 Paulus
3331 4867 3674 4933 hominum
3721 4866 3992 4933 arbitrio
4038 4866 4272 4933 subiici
4315 4888 4495 4932 sum·

2534 4972 2805 5037 mopere
2862 4958 3067 5019 vetat.
3159 4951 3357 5034 Quod
3412 4954 3637 5037 itaque
3702 4954 3898 5019 officii
3953 4954 4165 5019 nostri
4220 4961 4364 5019 crat
4418 4961 4497 5019 ut

2534 5037 2829 5103 fidelium
2893 5039 3329 5105 conscientias
3391 5037 3668 5124 indigna
3732 5040 4085 5119 servitute,
4157 5061 4289 5123 qua
4344 5060 4496 5105 con-

2537 5124 2804 5191 strictae
2847 5125 3270 5205 tenebantur,
3330 5126 3806 5207 eximeremus,
3853 5147 3965 5193 eas
4015 5126 4097 5192 ab
4153 5125 4495 5192 hominum

2678 5399 2739 5466 1)
2775 5397 2951 5469 Epist.
2984 5397 3035 5454 2.
3072 5399 3142 5454 ad
3177 5399 3498 5454 Ianuarium.
