4999 6179
373 445 495 507 385

372 653 525 699 nem
578 644 646 697 et-
702 633 1172 710 constantiam,
1231 641 1373 697 tum
1418 632 1502 698 ad
1557 633 1975 716 obsequium,
2031 633 2155 700 hoc
2214 643 2331 713 est,

373 718 731 786 vocationis
785 739 942 785 suae
996 740 1263 784 cursum
1328 718 1544 785 redire
1609 720 1821 798 iubet,
1889 719 2159 785 meliore
2218 742 2333 803 spe

371 805 707 889 proposita
750 805 904 871 boni
948 812 1015 869 et
1055 803 1262 871 felicis
1306 806 1541 871 exitus.
1631 803 1817 869 Dicit
1860 826 2047 889 ergo:
2106 804 2186 872 Si
2228 828 2333 871 re-

372 891 599 970 dieris,
664 892 979 958 subsistes
1024 910 1245 957 coram
1289 891 1455 958 facie
1497 912 1673 969 mea,
1732 900 2066 975 utcunque
2111 901 2177 956 te
2219 891 2334 958 de-

369 979 550 1043 iiciat
603 976 908 1043 mundus.
999 975 1077 1043 Si
1135 978 1396 1043 steteris
1439 979 1511 1043 in
1554 984 1733 1043 recto
1790 975 2029 1044 iudicio
2047 1028 2064 1056 ,
2119 999 2335 1061 neque

371 1065 452 1131 ab
496 1064 711 1130 officio
765 1063 1111 1141 defeceris,
1167 1068 1322 1145 [pag.
1363 1069 1514 1145 212]
1576 1073 1909 1147 utcunque
1966 1063 2333 1130 doctrinm

369 1166 554 1217 tuam
598 1149 886 1215 mundus
921 1150 1216 1227 infamet,
1259 1172 1381 1235 ego
1417 1158 1642 1216 tamen
1678 1170 1841 1228 eam,
1888 1161 2205 1232 tanquam
2248 1172 2334 1215 ex

370 1261 483 1306 ore
527 1259 671 1304 meo
714 1238 1092 1319 profectam,
1138 1235 1528 1320 approbabo,
1606 1234 1803 1317 Quod
1845 1256 2000 1320 ergo
2036 1235 2332 1301 additur:

369 1342 437 1391 et
479 1333 863 1392 convertam
906 1330 972 1388 te
988 1373 1003 1400 ,
1061 1320 1244 1388 vides
1289 1323 1746 1406 interpositam
1790 1343 1934 1388 esse
1977 1322 2333 1405 parenthe-

368 1413 489 1485 sin,
529 1413 672 1477 vice
706 1409 1155 1476 correctionis:
1192 1428 1321 1492 qua
1354 1407 1685 1474 Dominus
1721 1429 1920 1474 suum
1957 1408 2094 1473 fore
2135 1409 2331 1474 bene-

365 1500 594 1564 ficium
645 1495 963 1574 declarat,
1021 1495 1080 1561 si
1122 1495 1444 1579 propheta
1495 1496 1570 1560 in
1616 1496 1791 1559 viam
1845 1493 2133 1561 redierit.
2222 1495 2332 1560 En

365 1584 701 1668 Pighiana
756 1584 828 1647 in
885 1581 1169 1647 citandis
1224 1582 1565 1664 scripturis
1610 1579 1988 1646 dexteritas.
2009 1624 2038 1637 ,
2077 1582 2172 1645 At
2215 1601 2330 1663 po-

366 1682 513 1737 stea
544 1669 820 1753 longum
853 1668 1381 1734 testimoniorum
1415 1687 1724 1733 acervum
1759 1665 1906 1733 colli
1960 1666 2024 1731 ‘t.
2077 1665 2333 1750 Nempe

364 1756 686 1839 quoniam
730 1753 1094 1820 obstinatos
1136 1753 1325 1819 Deus
1368 1753 1705 1836 obiurgat,
1761 1687 1976 1836 quof¹
1982 1772 2103 1818 sua
2145 1752 2332 1817 boni-

364 1854 508 1907 tate
571 1841 958 1919 abutantur,
1018 1861 1139 1905 nec
1203 1839 1500 1907 converti
1553 1838 1793 1916 velint,
1853 1837 2008 1903 inde
2064 1837 2330 1922 colligit,

362 1938 634 1994 nostrae
677 1926 942 1991 virtutis
984 1947 1128 1993 esse
1185 1926 1242 1990 si
1295 1926 1764 1991 convertimur.
1849 1926 1946 1988 At
1986 1924 2330 2006 scriptura,

363 2015 542 2080 sicut
583 2012 916 2078 hominem
952 2012 1215 2094 propria
1253 2009 1467 2078 cordis
1501 2011 1824 2094 pravitate
1859 2007 2166 2093 impediri
2200 2017 2333 2076 tes-

362 2112 569 2179 tatur,
611 2098 965 2183 quominus
1009 2119 1079 2163 se
1124 2097 1208 2162 ad
1250 2098 1471 2163 Deum
1517 2102 1875 2174 convertat,
1921 2097 2015 2161 ita
2058 2117 2332 2162 conver-

361 2188 570 2253 sionis
614 2206 772 2251 suae
814 2185 1093 2268 gloriam
1148 2184 1271 2248 sibi
1318 2204 1628 2269 arrogare
1674 2190 1856 2248 vetat
1871 2233 1886 2260 ,
1934 2181 2093 2247 dum
2137 2181 2331 2266 spiri-

360 2283 476 2339 tus
522 2271 736 2338 sancti
780 2292 945 2354 opus
989 2290 1133 2335 esse
1177 2269 1383 2335 docet.

544 2358 733 2440 Quae
776 2369 1031 2435 tamen,
1075 2365 1153 2420 ut
1205 2354 1596 2432 illustriora,
1651 2353 1962 2423 distincta
2004 2354 2173 2419 serie
2215 2376 2331 2438 po-

357 2456 510 2513 stea
553 2450 865 2521 recenset,
913 2463 990 2507 ac
1033 2462 1331 2508 seorsum
1376 2440 1680 2523 explicat,
1727 2439 2018 2506 breviter
2060 2462 2329 2524 percur-

351 2554 525 2598 ram.
594 2528 796 2612 Adigi
841 2527 1140 2594 doctrina
1174 2534 1404 2593 nostra
1434 2527 1709 2592 miseros
1746 2527 2044 2593 homines
2079 2526 2328 2592 calum·

349 2619 586 2684 niatur
599 2668 616 2695 ,
684 2626 760 2680 ut
822 2615 1088 2698 plenam
1152 2613 1340 2679 illam
1400 2612 1874 2695 desperationis
1928 2634 2154 2678 vocem
2169 2664 2187 2693 ,
2244 2613 2326 2678 ob

352 2724 566 2787 quam
608 2701 784 2786 apud
827 2699 1247 2767 Ezechielem
1281 2708 1418 2765 tam
1454 2699 1751 2783 graviter
1784 2698 2020 2764 Israeli
2056 2720 2326 2766 succen-

351 2800 461 2856 set
523 2790 713 2855 Deus
728 2839 744 2865 ,
813 2786 1182 2870 concipiant
1256 2792 1453 2868 atque
1528 2785 1858 2851 emittant:
1929 2784 2325 2869 Iniquitates

348 2883 628 2942 nostrae
672 2895 869 2957 super
914 2894 1035 2939 nos
1057 2883 1231 2949 ,sunt
1246 2922 1263 2950 ,
1309 2882 1376 2937 et
1416 2871 1487 2935 in
1540 2870 1702 2954 ipsis
1745 2871 2159 2938 tabescimus.
2248 2869 2327 2937 Si

348 2962 524 3027 haec
579 2960 822 3026 similia
877 2968 1064 3037 sunt,
1129 2958 1465 3023 hominem
1523 2958 1796 3040 spiritus
1849 2959 2059 3025 sancti
2117 2956 2326 3023 direc—

347 3048 538 3113 tione
557 3098 572 3125 ,
632 3066 764 3112 non
822 3046 1069 3112 virtute
1123 3043 1421 3129 propria,
1479 3064 1521 3108 a
1571 3052 1840 3128 peccato
1893 3044 2186 3110 converti
2242 3041 2326 3109 ad

345 3134 688 3201 iustitiam
707 3184 723 3211 ,
781 3140 849 3196 et
889 3131 1225 3197 hominem
1282 3130 1426 3196 sine
1470 3151 1586 3214 spe
1629 3130 1863 3195 veniae
1909 3151 1949 3194 a
1991 3128 2137 3195 Deo
2183 3150 2327 3196 esse

344 3218 769 3298 derelictum,
816 3228 884 3283 et
926 3219 1060 3283 iam
1104 3216 1307 3282 exitio
1352 3214 1758 3281 destinatum
1775 3266 1792 3293 ,
1852 3215 2328 3297 desperationis

342 3307 703 3372 materiam
761 3304 948 3388 gigni
1002 3325 1086 3369 ex
1144 3302 1445 3369 doctrina
1488 3308 1715 3368 nostra
1768 3303 2005 3366 fateor:
2066 3301 2171 3367 sin
2225 3303 2326 3368 vi-

342 3392 514 3459 dere
562 3390 867 3456 omnibus
911 3398 1291 3473 promptum
1338 3398 1457 3467 est,
1501 3396 1822 3471 quantum
1868 3387 1955 3453 sit
2002 3385 2325 3453 discrimi-

340 3479 478 3557 niS‚
531 3497 733 3559 quam
776 3475 1055 3560 indigna
1099 3477 1186 3541 sit
1230 3474 1394 3541 haec
1437 3473 1666 3558 Pighii
1707 3472 2070 3552 calumnia,
2117 3475 2325 3539 nemi-

340 3586 512 3631 nem
560 3563 739 3628 latet.
843 3564 938 3627 At
993 3562 1049 3626 si
1105 3563 1172 3626 in
1219 3561 1356 3626 solo
1372 3609 1388 3640 ,
1456 3560 1698 3643 inquit,
1747 3560 1874 3627 Dei
1917 3560 2325 3644 beneplacito

337 3652 529 3718 iacet
590 3649 936 3715 conversio
999 3646 1286 3713 hominis
1302 3697 1318 3725 ,
1376 3643 1535 3730 quid
1579 3644 1759 3711 aliud
1804 3646 2122 3730 concipiet
2174 3666 2326 3729 pec-

336 3751 557 3814 cator,
596 3753 794 3818 quam
829 3734 953 3800 sibi
988 3730 1495 3815 putrescendum
1530 3752 1691 3810 esse,
1718 3731 1925 3798 donec
1958 3732 2088 3797 Dei
2122 3753 2326 3798 manu

333 3820 697 3907 erigatur?
788 3817 997 3901 Quasi
1031 3840 1206 3898 ver0,
1253 3839 1453 3901 quum
1499 3815 1582 3883 de
1624 3839 1744 3883 sua
1785 3818 2175 3901 impotentia
2209 3818 2325 3883 do-

334 3921 596 3976 centur
633 3905 966 3983 homines,
1025 3925 1159 3971 non
1201 3924 1278 3969 eo
1323 3902 1513 3969 modo
1566 3904 1651 3968 ad
1694 3924 1879 3986 spem
1924 3903 2155 3969 auxilii
2195 3907 2323 3970 eri-

331 4007 606 4081 gantur
623 4044 637 4070 ,
700 3990 1023 4075 siquidem
1067 3991 1259 4057 electi
1313 3990 1444 4055 Dei
1497 3999 1682 4055 sunt:
1733 3989 1790 4055 si
1836 4009 1996 4055 vero
2040 3992 2324 4076 reprobi,

331 4103 484 4146 non
550 4077 751 4144 simul
809 4077 940 4142 Dei
995 4077 1234 4142 iudicio
1289 4077 1854 4160 constringantur,
1926 4083 2003 4140 ut
2069 4098 2191 4142 sua
2253 4098 2323 4143 se

327 4166 551 4250 culpa
606 4166 825 4248 perire
876 4170 1255 4247 agnoscant.
1365 4164 1587 4244 Atque
1643 4170 1719 4226 ut
1786 4161 2027 4228 clarius
2081 4172 2323 4245 pateat,

328 4274 558 4338 quam
604 4251 925 4316 concinna
967 4251 1054 4314 sit
1097 4247 1520 4332 propheticae
1561 4246 1759 4314 huius
1795 4249 2161 4315 sententiae
2205 4250 2321 4315 ad-

324 4358 627 4408 versum
676 4357 796 4402 nos
852 4334 1201 4418 applicatio
1219 4386 1234 4413 ,
1286 4331 1766 4400 observandum
1818 4341 1946 4413 est,
2005 4336 2321 4418 populum

326 4439 509 4493 tunc
529 4476 548 4504 ,
610 4444 741 4488 non
799 4431 938 4485 tam
997 4420 1479 4503 desperatione,
1539 4424 1686 4500 [pag.
1731 4425 1885 4499 213]
1930 4441 2129 4503 quam
2172 4443 2319 4504 per-

325 4511 643 4588 vicacia,
701 4529 836 4572 non
881 4506 1023 4572 sine
1067 4505 1198 4569 Dei
1240 4505 1519 4583 invidia,
1564 4506 1738 4589 quod
1781 4505 2167 4572 inexorabili
2216 4527 2319 4573 se-

322 4599 638 4665 veritate
692 4603 894 4670 esset,
955 4591 1036 4656 de
1090 4591 1226 4655 suis
1280 4592 1563 4657 miseriis
1607 4614 1731 4659 con
1773 4599 2040 4658 uestum
2096 4593 2314 4659 fuisse.

321 4685 492 4750 Iam
545 4701 711 4764 ergo
761 4678 1009 4762 passim
1067 4673 1452 4741 audiebatur
1507 4699 1637 4743 vox
1693 4679 1740 4743 il
1769 4697 1837 4744 a:
1917 4675 2098 4758 Quid
2143 4681 2316 4745 face-

319 4765 627 4837 remus?
733 4767 915 4830 Deus
957 4785 1077 4829 nos
1120 4760 1391 4846 perdere
1431 4782 1508 4828 ac
1550 4763 1847 4829 funditus
1891 4764 2316 4848 exstinguere

321 4852 564 4923 semel
612 4849 920 4917 decrevit.
988 4847 1299 4925 Proinde,
1343 4847 1601 4929 quando
1645 4851 1892 4915 frustra
1933 4847 2014 4915 de
2058 4870 2134 4914 eo
2173 4850 2314 4934 pla-

318 4940 571 5010 cando
618 4958 693 5004 co
744 4938 1080 5001 ’taremus2
1125 4933 1369 5011 veniat,
1412 4932 1676 5015 quando
1722 4934 1914 5013 volet,
1960 4935 2101 5000 eius
2145 4935 2315 5002 iudi-

317 5031 553 5096 cium.
730 5044 806 5088 ac
858 5020 1273 5087 contumacia
1326 5039 1396 5083 se
1442 5017 1525 5083 ad
1590 5025 1924 5100 stuporem
1975 5041 2314 5105 compara-

322 5115 510 5181 bant
523 5161 546 5191 ,
612 5120 688 5174 ut
729 5107 1045 5174 adversus
1089 5104 1303 5172 calcar
1345 5102 1690 5170 obstinatis
1733 5103 1972 5168 animis
2015 5106 2313 5173 calcitra-

316 5208 516 5266 rent.
629 5192 901 5276 Excipit
952 5190 1283 5257 Dominus
1298 5239 1314 5270 ,
1381 5189 1556 5255 nolle
1619 5210 1689 5255 se
1751 5197 2032 5254 mortem
2097 5190 2314 5273 impii:

316 5285 734 5352 doctrinam
791 5279 967 5344 enim
984 5329 998 5355 ,
1049 5297 1245 5361 quam
1300 5297 1422 5360 per
1462 5295 1616 5342 suos
1659 5274 2009 5359 prophetas
2050 5276 2315 5359 dispen-

318 5384 559 5448 saret,
625 5365 1069 5430 ministerium
1108 5384 1253 5429 esse
1293 5361 1858 5429 reconciliationis.
1933 5361 2129 5429 Nunc
2173 5364 2317 5429 sine

565 5467 799 5526 001νὸκὲ
822 5484 1011 5539 opera.
1086 5468 1203 5524 Vol.
1241 5467 1342 5524 VI.

1859 442 1987 509 DE
2030 441 2386 509 LIBERO
2429 444 2909 516 ΔΒΒΙΤΒΙΟ.

4274 452 4404 517 386

2436 655 2626 700 mora
2659 635 2989 701 concludit
3022 637 3321 721 Pighius,
3360 644 3623 702 nostrae
3654 657 3796 703 esse
3831 638 4187 721 potestatis,
4225 639 4399 704 eius-

2435 720 2616 786 modi
2652 723 3247 788 reconciliationem
3282 732 3495 788 ratam
3518 723 3761 789 facere:
3800 745 3921 808 ego
3947 732 4168 789 autem
4197 745 4397 808 quae-

2437 806 2717 873 rendum
2753 806 2913 887 dioc,
2955 808 3237 892 qualiter
3269 809 3708 875 ministerium
3743 809 3908 875 illud
3942 810 4176 876 efficax
4209 811 4396 877 nobis

2436 893 2571 957 fiat.
2661 893 3090 977 Respondent
3133 894 3489 978 prophetae
3504 947 3520 975 ,
3562 902 3630 961 et
3672 902 3819 978 post
3862 916 3972 962 eos
4012 896 4283 975 Paulus,
4327 895 4397 961 id

2439 979 2603 1057 fieri,
2648 1001 2855 1062 quum
2913 982 3151 1065 spiritu
3194 982 3325 1046 Dei
3380 981 3762 1048 inscribitur
3796 980 4106 1063 ‘cordibus
4148 983 4398 1048 nostris

2438 1062 2757 1145 doctrina,
2794 1086 2991 1150 quam
3029 1068 3276 1133 frastra
3296 1067 3557 1151 alioqui,
3592 1075 3659 1133 et
3695 1069 3839 1133 sine
3874 1068 4168 1150 profectu
4203 1090 4397 1135 aures

2440 1152 2584 1216 exci
2670 1160 2838 1218 rent.

2586 1173 2999 1303 pgeoundum
3047 1238 3267 1303 locum
3321 1237 3591 1305 adducit
3642 1260 3727 1304 ex
3779 1239 3975 1305 Iona:
4044 1239 4222 1323 Quid
4276 1264 4398 1308 rex

2438 1322 2722 1389 Ninivae
2767 1323 2851 1389 ad
2889 1323 3093 1389 Ionae
3137 1324 3715 1390 denunciationem
3760 1324 3974 1391 edicto
4017 1328 4395 1412 promulga-

2438 1410 2554 1487 vit,
2599 1416 2676 1474 ut
2720 1417 3222 1475 converteretur
3262 1411 3541 1493 quisque
3586 1433 3627 1476 a
3677 1411 3792 1476 via
3847 1432 3967 1478 sua
4005 1414 4181 1479 mala
4224 1415 4396 1498 (Ion.

2440 1499 2499 1573 3,
2537 1497 2643 1580 8),
2701 1496 2828 1562 nisi
2887 1515 3125 1561 sensus
3183 1497 3554 1562 communis
3610 1497 3735 1563 hoc
3777 1496 4082 1578 dictaret,
4141 1500 4398 1566 homini

2435 1581 2508 1646 in
2570 1602 2775 1646 manu
2852 1603 2995 1647 esse
3074 1602 3262 1647 suam
3326 1582 3869 1648 conversionem?
3981 1584 4394 1669 Respondeo,

2436 1667 2638 1733 fiiisse
2677 1665 2855 1733 istud
2898 1666 3187 1733 officium
3232 1668 3409 1751 regis
3451 1668 3586 1734 iam
3631 1670 3949 1749 conversi,
3992 1678 4066 1736 ut
4109 1672 4271 1737 alios
4313 1671 4399 1738 ad

2438 1753 2816 1837 exemplum
2861 1774 3056 1819 suum
3098 1754 3421 1819 incitaret.
3510 1753 3707 1820 Certe
3761 1755 3958 1821 civile
4000 1758 4178 1842 regis
4220 1759 4396 1823 edic·

2438 1846 2582 1903 tum
2628 1860 2764 1904 non
2807 1839 2959 1923 plus
3004 1839 3274 1905 habebit
3314 1839 3623 1923 ponderis
3659 1840 3745 1905 ad
3779 1841 4184 1923 probandum
4223 1844 4397 1928 quod

2435 1924 2723 1990 intendit
2776 1924 3086 2010 Pighius,
3143 1945 3340 2008 quam
3384 1925 3804 2009 propheticae
3848 1927 4097 1993 multae
4140 1931 4396 1997 concio·

2436 2030 2585 2089 nes,
2640 2032 2802 2094 quas
2858 2032 3057 2076 sensu
3101 2019 3168 2075 et
3220 2011 3443 2077 verbis
3501 2015 3859 2079 convenire
3916 2035 4069 2080 cum
4110 2015 4225 2081 illo
4277 2037 4396 2100 pa·

2433 2096 2571 2162 lam
2629 2106 2745 2163 est.
2838 2095 3030 2163 Sicut
3082 2097 3262 2162 enim
3319 2097 3679 2180 prophetae
3724 2100 4013 2165 officium
4058 2110 4161 2166 est
4175 2152 4190 2181 ,
4235 2101 4397 2168 dum

2436 2181 2737 2249 homines
2780 2181 2866 2246 ad
2908 2183 3037 2248 Dei
3077 2182 3331 2249 cultum
3376 2203 3453 2249 ac
3499 2184 3803 2249 timorem
3844 2185 4194 2252 instituere
4228 2188 4393 2268 vult,

2435 2269 2736 2352 plantare
2777 2277 2845 2333 et
2886 2270 3124 2353 rigare,
3169 2268 3267 2333 ita
3308 2277 3375 2333 et
3417 2269 3612 2353 regis.
3702 2269 3899 2336 Hanc
3941 2280 4167 2337 autem
4202 2294 4395 2356 prae-

2434 2356 2808 2440 rogativam
2847 2355 2988 2420 -sibi
3046 2353 3356 2421 vendicat
3402 2355 3617 2433 Deus,
3678 2364 3756 2421 ut
3799 2357 3975 2422 solus
4019 2357 4132 2422 det
4174 2359 4394 2424 incre-

2434 2453 2760 2507 mentum:
2820 2439 3016 2524 idque
3068 2439 3278 2505 libera
3334 2448 3684 2523 potestate,
3743 2441 3855 2507 ubi
3900 2450 3969 2506 et
4011 2443 4225 2525 quoad
4270 2446 4397 2511 sibi

2433 2527 2772 2611 placuerit.
2872 2529 2969 2591 At
3019 2526 3390 2605 subiicitur,
3468 2527 3815 2592 misertum
3882 2528 4084 2593 fuisse
4148 2528 4392 2610 Deum,

2432 2614 2749 2697 quoniam
2803 2634 3029 2678 eorum
3080 2633 3282 2695 opera
3333 2612 3605 2678 viderit:
3674 2620 3998 2696 quatenus
4053 2614 4303 2682 scilicet
4355 2636 4397 2682 a

2431 2699 2642 2766 libero
2686 2720 2915 2765 eorum
2960 2697 3236 2764 arbitrio
3280 2699 3878 2781 proficiscebantur.
3969 2698 4084 2766 Sic
4127 2700 4395 2784 quidem

2431 2786 2909 2869 interpretatur
2962 2783 3245 2869 Pighius
3259 2836 3276 2863 ,
3334 2785 3447 2868 qui
3508 2785 3845 2851 hominem
3898 2786 4303 2871 imaginatur
4355 2810 4396 2854 a

2431 2894 2504 2938 se
2566 2873 2740 2955 ipsc,
2806 2881 2875 2936 et
2938 2878 3177 2936 natura
3243 2871 3512 2950 habere,
3578 2870 3897 2954 quidquid
3954 2871 4109 2938 boni
4173 2872 4391 2940 habet.

2433 2962 2584 3037 [pag.
2636 2962 2789 3038 214]
2848 2957 2986 3023 Nos
3041 2963 3295 3035 autem,
3351 2958 3462 3041 qui
3518 2959 3897 3040 resipiscere
3955 2967 4022 3022 et
4077 2959 4393 3037 converti,

2432 3044 2767 3145 singulare
2809 3065 2952 3111 esse
2990 3044 3122 3110 Dei
3156 3042 3418 3122 donum,
3466 3052 3563 3109 tot
3598 3044 3962 3128 scripturae
3998 3045 4393 3112 testimoniis

2433 3129 2798 3209 didicimus,
2845 3130 3068 3196 aliter:
3113 3130 3353 3207 Deum,
3398 3129 3568 3195 sicut
3608 3129 3743 3196 illis
3784 3129 4073 3210 dederat,
4118 3138 4197 3197 ut
4233 3151 4390 3199 con-

2430 3225 2856 3282 verterentur
2871 3267 2886 3295 ,
2944 3216 3039 3280 ita
3091 3236 3438 3282 conversos
3491 3214 3873 3299 amplexum
3911 3238 4083 3296 esse,
4139 3226 4209 3282 et
4248 3237 4391 3282 ma-

2430 3324 2594 3368 num
2637 3323 2827 3370 suam
2869 3302 3241 3381 retraxisse,
3288 3323 3372 3366 ne
3406 3299 3767 3368 secundum
3812 3303 4100 3386 priorem
4136 3302 4391 3369 denuu-'

2430 3388 2780 3455 ciationem
2835 3389 2908 3453 in
2964 3409 3075 3453 eos
3133 3386 3704 3453 animadverteret.
3806 3387 4168 3454 Miseretur
4211 3390 4391 3455 enim

2429 3476 2718 3561 primum
2761 3474 3048 3540 hominis
3090 3473 3280 3552 nudi,
3339 3474 3582 3556 inopis,
3627 3473 3933 3557 omnique
3976 3475 4146 3541 bono
4188 3473 4388 3542 desti-

2429 3563 2587 3641 tuti,
2645 3562 2783 3627 sola
2824 3561 3091 3626 miseria
3134 3558 3441 3643 praediti:
3504 3568 3729 3642 postea
3769 3559 3907 3626 suis
3953 3560 4139 3626 donis
4184 3562 4387 3628 vesti·

2431 3657 2573 3714 tum
2617 3657 2686 3713 et
2725 3656 3030 3713 ornatum
3075 3644 3527 3711 misericordia
3569 3647 4004 3730 persequitur.
4094 3649 4188 3712 At
4229 3667 4388 3715 cou-

2431 3734 2678 3808 versio,
2733 3735 2948 3816 inquit
3001 3734 3242 3798 iterum
3296 3731 3605 3816 Pighius,
3663 3733 3826 3815 ipsis
3877 3733 4194 3816 imputari
4251 3754 4385 3799 non

2429 3829 2720 3904 poterat,
2767 3819 2851 3885 ad
2893 3817 3400 3904 promerendam
3443 3827 3560 3883 aut
3603 3817 4025 3883 obtinendam
4078 3820 4382 3903 gratiam,

2430 3908 2485 3972 si
2529 3906 2676 3971 illos
2720 3907 2923 3985 Deus,
2968 3914 3047 3970 ut
3089 3913 3654 3982 converterentur,
3700 3913 4152 3987 praevenerat.
4211 3904 4384 3971 Vide

2426 4001 2747 4076 quantum
2802 3991 2982 4057 inter
3036 3991 3218 4057 hunc
3276 4000 3345 4055 et
3389 3991 3845 4074 Augustinum
3902 3991 4177 4055 intersit.
4268 3989 4385 4058 Sic

2428 4079 2609 4144 enim
2651 4078 3070 4163 Augustinus
3097 4078 3149 4158 ¹)
3202 4076 3519 4159 loquitur:
3580 4075 3645 4140 A
3688 4083 3753 4141 te
3796 4077 3937 4159 ipso
3983 4076 4041 4142 si
4082 4076 4200 4141 tibi
4245 4098 4384 4142 me-

2428 4166 2561 4230 rita
2600 4173 2717 4229 tua
2761 4173 2944 4242 sunt,
3002 4162 3179 4228 mala
3219 4168 3409 4228 sunt:
3463 4160 3739 4242 ideoque
3792 4182 3926 4227 non
3969 4169 4383 4230 coronantur.

2425 4251 2524 4318 Ut
2564 4271 2721 4334 ergo
2764 4250 2936 4316 bona
2978 4250 3129 4327 sint,
3174 4248 3306 4313 Dei
3350 4247 3524 4313 dona
3566 4268 3709 4315 esse
3751 4254 4028 4331 oportet.
4096 4249 4299 4315 Item:
4324 4251 4383 4334 2)

2426 4335 2653 4420 Opera
2705 4357 2854 4401 mea
2911 4336 2965 4402 si
3009 4333 3289 4411 videris,
3342 4332 3645 4400 damnas:
3691 4343 3808 4400 tua
3851 4334 3909 4399 si
3952 4334 4230 4414 videris,
4276 4357 4384 4401 co-

2425 4444 2638 4488 ronas.
2728 4422 2904 4487 Nam
2946 4429 3013 4487 et
3055 4441 3480 4504 quaecunque
3525 4420 3697 4486 bona
3739 4441 3938 4503 opera
3981 4421 4219 4499 habe0,
4264 4422 4381 4487 abs

2424 4517 2491 4573 te
2534 4506 2702 4573 mihi
2746 4517 2921 4587 suut,
2967 4506 3240 4589 ideoque
3283 4516 3402 4571 tua
3444 4506 3678 4589 potius,
3723 4528 3921 4590 quam
3967 4527 4130 4572 mea.
4198 4507 4379 4591 Ergo

2423 4615 2625 4678 opera
2676 4614 2994 4660 manuum
3062 4603 3325 4658 tuarum
3397 4614 3532 4657 non
3597 4591 3988 4676 despexeris.
4100 4592 4380 4676 Pighius

2422 4688 2644 4746 autem
2688 4679 3047 4745 absurdum
3092 4699 3238 4745 esse
3281 4685 3491 4761 putat,
3537 4678 3595 4744 si
3637 4699 3834 4761 opera
3865 4699 4185 4743 manuum
4228 4698 4380 4743 sua-

2419 4788 2571 4831 rum
2625 4765 2939 4850 respiciat
2992 4763 3207 4843 Deus,
3263 4773 3340 4830 ut
3391 4765 3612 4847 priora
3667 4785 3789 4829 sua
3840 4762 4012 4828 dona
4065 4763 4210 4830 aliis
4264 4786 4378 4831 cu-

2417 4852 3053 5004 tunle{laiziocinatur
3106 4945 3174 4999 et
3226 4956 3311 5001 ex
3366 4936 3490 5000 hac
3531 4934 3783 5002 Ohristi
3827 4937 4173 5001 sententia:
4233 4935 4378 5002 Vae

2420 5024 2541 5091 tibi
2585 5022 3036 5108 Oapernauml
3128 5021 3302 5087 Nam
3355 5023 3409 5087 si
3463 5022 3534 5086 in
3578 5022 3757 5105 Tyro
3806 5029 3925 5087 aut
3966 5021 4216 5089 Sidone
4259 5031 4380 5088 aut

2556 5314 2616 5447 ἐξ
2651 5315 2738 5434 1¹:⁴2

2839 5314 2947 5368 atia
2985 5321 3043 5367 et
3076 5313 3247 5368 libero
3286 5312 3527 5378 arbitrio,
3565 5328 3682 5381 cap.
3719 5311 3771 5366 6.

2796 5384 2895 5438 sal.
2930 5380 3049 5436 187.

3895 5467 3963 5520 25
