4999 6179
394 456 513 517 377
643 524 652 531 ,
823 496 827 500 Α
1649 432 1656 443 “
1878 449 2010 517 DE
2053 448 2410 518 LIBERO
2454 448 2931 516 ARBI'PRIO.
4299 452 4425 515 378

394 652 986 725 temperamentum
1004 696 1018 719 ,
1062 642 1266 709 donec
1308 642 1499 709 nobis
1542 642 1918 725 probaverit
1932 693 1946 720 ,
1994 663 2034 706 a
2076 639 2354 725 promis-

394 728 686 794 sionibus
728 729 977 793 remitti
1035 750 1155 794 nos
1195 728 1279 794 ad
1320 728 1567 813 legem,
1624 735 1703 793 ut
1745 728 1835 793 ibi
1886 727 2206 793 iustitiam
2252 746 2356 789 re-

392 814 745 897 periamus,
790 815 960 880 sicut
992 814 1102 880 lex
1149 815 1232 881 ad
1257 814 1726 898 promissiones
1761 835 1880 879 nos
1921 834 2127 878 manu
2157 812 2354 877 ducit.

393 897 589 979 Quod
617 902 1066 966 convertimur
1089 900 1173 965 ab
1204 901 1554 984 iniquitate
1589 899 1673 965 ad
1713 900 2056 979 iustitiam,
2103 919 2237 963 non
2254 902 2257 907 ’
2273 918 2358 962 ex

392 992 675 1051 naturae
727 994 994 1052 nostrae
1050 987 1376 1071 potentia,
1445 985 1562 1053 sed
1630 987 1882 1071 gratiae
1951 1006 2112 1051 suae
2167 983 2355 1063 donc,

388 1072 610 1155 palam
653 1072 836 1137 Deus
869 1081 1166 1138 testatur.
1237 1074 1435 1139 Nunc
1476 1072 1644 1138 illud
1678 1082 2020 1138 convertat
2055 1069 2355 1154 Pighius,

392 1159 448 1223 si
492 1166 734 1241 potest,
793 1180 869 1225 ac
924 1161 1058 1225 reci
1104 1179 1329 1225 rocum
1378 1160 1603 1226 faciat:
1662 1180 1798 1223 non
1854 1180 1936 1223 ex
1994 1178 2160 1240 puro
2213 1176 2357 1221 esse

391 1244 646 1329 gratiae
701 1243 899 1324 dono,
957 1181 1102 1311 sedp
1138 1254 1416 1312 naturae
1459 1248 1723 1312 virtute.
1814 1243 1961 1309 Imo
2015 1264 2218 1342 quum
2277 1242 2358 1307 de

388 1329 581 1395 nobis
611 1330 904 1414 loquitur
936 1330 1286 1411 Dominus,
1333 1353 1418 1398 ne
1452 1339 1708 1417 guttam
1754 1330 2021 1414 quidem
2052 1329 2209 1394 bom
2239 1350 2357 1394 no-

388 1417 492 1483 bis
547 1416 868 1499 relinquit
879 1441 896 1497 ;
957 1439 1168 1501 neque
1218 1440 1339 1485 nos
1393 1418 1801 1484 infirmitatis
1859 1425 2119 1481 tantum
2171 1414 2356 1480 dam-

385 1514 536 1581 nat,
597 1502 714 1568 sed
771 1510 977 1568 totam
1032 1505 1296 1570 virtutis
1350 1513 1615 1571 nostrae
1659 1505 2032 1589 opinionem
2066 1501 2138 1565 in
2184 1501 2359 1566 nihi·

385 1588 528 1653 lum
585 1588 846 1673 redigit.
937 1588 1223 1656 Desinat
1277 1611 1436 1675 ergo
1478 1590 1796 1675 Pighius,
1859 1590 2127 1654 noxiam
2189 1588 2363 1652 hanc

385 1684 455 1739 et
487 1682 882 1740 venenatam
916 1696 1105 1740 suam
1142 1678 1502 1742 mixturam
1540 1677 1730 1742 nobis
1764 1686 2132 1758 temperare
2142 1697 2159 1753 ;
2192 1694 2361 1757 quae

383 1782 522 1825 non
559 1760 689 1825 alio
727 1770 998 1844 spectat,
1046 1763 1174 1828 nisi
1208 1772 1284 1828 ut
1325 1764 1659 1829 hominem
1703 1763 1775 1826 in
1812 1763 1941 1827 Dei
1985 1761 2360 1826 societatem

383 1846 703 1930 erigendo
759 1869 844 1913 ex
908 1848 1141 1914 altiore
1195 1849 1336 1916 loco
1404 1870 1559 1915 eum
1619 1849 1891 1933 gravius
1956 1848 2357 1931 praecipitet.

382 1930 570 2013 Quid
615 1934 796 1999 enim
840 1933 962 1999 sibi
1009 1935 1189 2000 aliud
1238 1937 1475 2002 volunt
1518 1938 1660 2001 eius
1704 1935 1939 2013 verba,
1997 1934 2123 1999 nisi
2167 1940 2247 1998 ut
2288 1933 2361 1995 in

379 2039 588 2102 opere
644 2021 939 2086 omnium
995 2022 1574 2101 excellentissime,
1633 2021 1757 2087 hoc
1797 2030 1926 2100 est,
1983 2022 2056 2084 in
2101 2020 2361 2084 animae

377 2107 900 2185 resurrectione,
966 2109 1273 2191 aequales
1340 2108 1583 2174 habeat
1646 2115 1871 2191 partes
1944 2107 2141 2171 homo
2207 2124 2361 2171 cum

378 2190 577 2256 Deo?
666 2191 1133 2271 Convertitur,
1183 2199 1332 2276 [pag.
1372 2198 1525 2274 201]
1570 2194 1816 2278 inquit,
1859 2193 2057 2259 homo
2099 2213 2140 2257 a
2180 2191 2358 2257 Deo:

380 2275 504 2344 sed
542 2279 684 2361 ipse
719 2278 1154 2345 nihilominus
1184 2302 1255 2346 se
1296 2282 1648 2347 convertit:
1697 2280 2022 2365 crucifigit
2064 2287 2355 2344 veterem

377 2363 755 2444 hominem,
814 2385 1082 2430 carnem
1131 2388 1320 2432 suam
1373 2368 1723 2433 mortificat
1740 2419 1754 2444 ,
1811 2374 2092 2431 renovat
2133 2386 2202 2431 se
2219 2416 2234 2441 ,
2291 2372 2359 2429 et

375 2448 610 2514 induit
650 2472 898 2516 novum
945 2451 1307 2534 hominem,
1355 2462 1689 2536 utcunque
1735 2474 1775 2518 a
1818 2454 1963 2518 Deo
2007 2450 2207 2517 simul
2252 2472 2353 2515 re-

373 2544 690 2601 novetur.
755 2537 1266 2604 circumciditur
1310 2562 1350 2605 a
1391 2541 1556 2618 Deo,
1602 2539 1811 2604 nihilo
1857 2548 2085 2603 tamen
2128 2538 2353 2601 minus

372 2620 801 2688 circumcidit
874 2645 946 2690 se
1010 2625 1247 2708 ipsum.
1337 2627 1431 2691 Et
1494 2646 1621 2708 quo
1696 2623 2118 2699 fundamento
2181 2622 2356 2687 hanc

369 2708 855 2791 aequalitatem
898 2710 1125 2776 fulcit?
1195 2710 1393 2792 Quod
1438 2713 1613 2777 sicut
1653 2709 1818 2776 haec
1843 2711 2066 2775 omnia
2108 2731 2178 2775 se
2220 2710 2353 2775 fac-

369 2802 618 2859 turum
660 2795 733 2858 in
773 2795 1038 2861 homine
1078 2800 1405 2881 promittit
1440 2799 1642 2877 Deus,
1687 2799 1784 2863 ita
1816 2797 1899 2863 ab
1940 2796 2209 2862 homine
2248 2815 2354 2860 re-

369 2881 618 2963 quirit,
674 2888 751 2946 ut
804 2882 1017 2948 faciat.
1109 2885 1203 2949 At
1256 2885 1718 2967 promissiones
1774 2906 1907 2949 non
1961 2881 2154 2948 modo
2197 2880 2353 2965 quid

365 2967 619 3051 possit,
674 2967 790 3033 sed
835 2968 991 3051 quid
1048 2971 1247 3035 faciat
1287 2972 1509 3050 Deus,
1566 2980 1747 3036 certo
1791 2969 2238 3054 pronunciant
2279 2988 2355 3034 ac

369 3052 734 3119 definiunt.
824 3054 972 3121 Lex
1030 3064 1251 3122 autem
1297 3078 1431 3122 non
1490 3057 1572 3123 ad
1618 3054 2097 3123 testificandam
2143 3054 2354 3120 homi-

228 3175 246 3190 ·
366 3141 482 3205 nis
531 3141 873 3220 virtutem,
921 3142 1036 3208 sed
1075 3143 1160 3208 ad
1190 3144 1649 3208 infirmitatem
1695 3145 1912 3226 potius
1947 3140 2352 3227 arguendam

366 3224 540 3291 data
586 3235 705 3304 est,
750 3236 826 3292 ut
869 3230 1237 3313 praeceptis
1283 3229 1657 3295 admonitus
1702 3252 1773 3294 se
1816 3229 1983 3294 nihil
2027 3248 2235 3311 posse,
2281 3229 2353 3291 in

363 3313 511 3378 Dei
557 3312 961 3395 fortitudine,
1007 3334 1146 3380 non
1189 3337 1312 3382 sua
1354 3316 1709 3382 recumbat.

556 3399 771 3464 Porro
826 3398 999 3483 quod
1056 3401 1297 3486 lapidei
1354 3401 1567 3468 cordis
1611 3401 2050 3486 appellatione
2095 3398 2353 3466 ostendi

364 3485 714 3566 existimo,
760 3486 932 3551 nihil
975 3507 1266 3570 unquam
1311 3488 1465 3553 boni
1510 3509 1897 3571 expressum
1942 3489 2024 3552 iri
2071 3509 2110 3552 a
2154 3485 2350 3551 corde

361 3582 647 3651 nostro,
704 3573 833 3637 m'si
878 3576 1142 3655 penitus
1185 3574 1362 3640 aliud
1409 3576 1554 3654 fiat,
1602 3574 1931 3641 exclamat
1970 3572 2206 3640 similis
2250 3579 2349 3635 at-

263 3693 278 3708 ·
363 3660 616 3736 tonit0,
664 3679 734 3724 se
768 3681 901 3724 non
935 3680 1171 3743 capere
1204 3661 1422 3743 qualia
1452 3662 1589 3727 sint
1623 3660 1782 3726 haec
1815 3666 2135 3744 portenta.
2203 3658 2350 3742 Ego

359 3767 537 3812 vero
556 3797 572 3822 ‚
633 3746 760 3811 nisi
814 3747 1049 3812 scirem
1088 3746 1423 3812 hominem
1480 3747 1661 3812 rabie
1717 3754 2136 3813 excaecatum
2185 3742 2350 3808 nihil

357 3853 672 3909 cernere,
717 3830 994 3915 ideoque
1038 3834 1336 3913 arbores,
1375 3853 1631 3917 pecora,
1675 3843 1942 3911 terram,
1985 3850 2205 3897 aerem
2249 3831 2350 3914 ip-

357 3941 522 3986 sum
541 3970 559 3998 ,
612 3925 728 3983 aut
768 3919 1091 4002 quidquid
1134 3918 1399 3985 obvium
1444 3920 1660 4000 fuerit,
1705 3940 1826 4003 pro
1868 3918 2060 3984 hoste
2104 3926 2350 3982 temere

355 4006 603 4083 ferire,
649 4006 929 4070 mirarer
973 4005 1148 4071 unde
1193 4015 1416 4072 tantus
1462 4006 1561 4070 illi
1606 4015 1853 4090 stupor,
1899 4013 1974 4070 ut
2011 4013 2155 4070 tam
2198 4025 2349 4088 pro-

353 4092 705 4176 digiosam
763 4090 972 4157 facilis
1032 4092 1476 4177 simplicisque
1528 4094 1912 4158 sententiae
1955 4093 2349 4175 interpreta—

349 4181 634 4243 tionem
714 4179 1132 4262 confingeret.
1223 4180 1527 4264 Longam
1597 4182 1774 4245 enim
1840 4177 2350 4262 disputationem

350 4265 670 4342 orditur,
717 4273 792 4328 ut
835 4265 1054 4330 cordis
1094 4265 1530 4331 substantiam
1572 4287 1708 4331 non
1755 4264 1929 4344 tolli,
1975 4264 2092 4330 sed
2136 4262 2348 4348 quali-

349 4359 586 4416 tatem
653 4351 896 4414 mutari
956 4370 1032 4416 ac
1094 4352 1337 4417 vitium
1396 4353 1633 4436 corrigi
1701 4350 1948 4434 probet.
2040 4349 2237 4431 Quod
2291 4349 2346 4414 si

348 4438 676 4503 rationes
716 4457 851 4501 non
893 4437 1259 4515 sufficiant,
1315 4439 1648 4504 Ambrosii
1693 4437 2072 4504 testimonio
2111 4436 2348 4503 confir-

345 4533 529 4603 mat,
584 4542 724 4587 non
769 4523 913 4586 fieri
957 4543 1201 4587 novum
1242 4525 1631 4608 figmentum
1650 4577 1664 4603 ,
1721 4533 1837 4590 aut
1878 4542 2120 4589 novam
2166 4543 2347 4588 crea-

344 4621 636 4688 turam,
696 4607 813 4673 sed
868 4608 1102 4673 vitium
1161 4617 1422 4674 tantum
1478 4611 1723 4677 auferri
1780 4610 1950 4694 quod
2010 4630 2050 4673 a
2105 4618 2346 4674 natura

345 4716 502 4763 non
544 4702 713 4760 erat.
784 4693 932 4775 Quo
976 4695 1264 4777 praemio
1296 4694 1573 4777 dignum
1608 4719 1752 4764 esse
1785 4696 2002 4776 ducas,
2051 4698 2163 4780 qui
2208 4705 2344 4760 tam

344 4784 758 4848 abstrusam
838 4781 1287 4863 quaestionem
1364 4780 1457 4845 sic
1534 4782 1957 4849 enucleavit?
2047 4784 2143 4847 At
2220 4804 2257 4847 e
2304 4803 2342 4846 o

346 4869 514 4935 dico
535 4920 554 4946 ‚
619 4867 764 4932 fieri
798 4888 1047 4932 novum
1086 4885 1227 4931 cor:
1265 4865 1654 4932 Ambrosius
1687 4869 2043 4952 quidquam
2078 4869 2147 4933 in
2187 4890 2264 4934 su

344 4953 636 5021 stantia
677 4955 921 5018 mutari
968 4960 1188 5038 negat.
1281 4949 1490 5033 Quasi
1535 4973 1691 5017 vero
1735 4954 2041 5021 credibile
2085 4956 2190 5034 sit,
2234 4976 2342 5021 me

340 5040 830 5110 substantiam
894 5038 1108 5105 cordis
1173 5036 1497 5122 lapideam
1551 5037 1901 5121 imaginari
1951 5042 2024 5102 in
2075 5040 2341 5106 homine

339 5127 682 5195 nondum
733 5134 984 5190 renato.
1074 5124 1207 5190 Cor
1256 5146 1341 5189 ex
1394 5122 1650 5207 lapidoo
1704 5144 1905 5207 quum
1974 5122 2131 5188 dicit
2190 5148 2340 5206 pro-

336 5217 584 5302 pheta
640 5231 954 5277 carneum
996 5211 1168 5291 fieri,
1228 5217 1422 5276 extra
1475 5210 1747 5275 dubium
1791 5215 1893 5274 est
1928 5209 2203 5294 Pighio,
2264 5208 2344 5274 de

337 5301 704 5387 qualitate
743 5295 813 5362 id
856 5318 998 5363 esse
1039 5296 1564 5381 intelligendum.
1644 5294 1868 5378 Quum
1914 5295 2060 5363 dico
2102 5296 2344 5360 mutari

2462 643 2612 717 [pag.
2663 644 2816 719 202]
2871 640 3055 724 Ergo
3113 661 3316 724 quum
3384 640 3550 724 petit
3605 638 3828 707 David
3887 639 4093 725 (Psal.
4150 644 4250 717 51,
4297 640 4424 722 12),

2461 745 2575 791 cor
2606 724 2943 790 mundum
2977 728 3186 792 creari
3230 728 3299 792 in
3346 748 3435 807 se,
3483 734 3551 791 et
3594 727 3904 809 spiritum
3940 733 4198 792 rectum
4236 726 4425 790 inno·

2461 811 2610 875 vari
2653 813 2724 875 in
2768 812 3135 879 visceribus
3179 813 3345 892 suis,
3401 815 3551 896 quis
3609 813 3845 878 horum
3900 812 4254 879 verborum
4298 810 4427 876 erit

2462 897 2738 963 sensus?
2830 897 2963 963 Cor
3006 920 3254 964 novum
3298 901 3524 979 creari,
3572 922 3657 966 an
3702 920 3831 965 non
3879 899 4061 964 valet
4105 906 4429 983 quantum

2463 981 2647 1047 aliud
2685 983 2877 1048 fieri?
2946 982 3007 1050 Ο
3051 986 3346 1051 ieiunum
3392 986 3953 1065 calumniatorem,
3997 985 4109 1069 qui
4153 993 4290 1050 tam
4334 985 4434 1050 le-

2463 1091 2581 1135 ves
2625 1091 2701 1136 ac
2744 1070 2937 1135 nihili
2977 1071 3259 1156 ineptias
3293 1071 3378 1137 ad
3421 1071 3949 1138 maledicendum
3978 1072 4222 1156 captat!
4293 1070 4433 1138 Sed

2462 1156 2875 1240 ingeniosam
2939 1157 3375 1242 muscipulam
3441 1159 3806 1243 excogitat,
3875 1179 4069 1242 quam
4137 1158 4435 1242 effugere

2461 1262 2571 1305 me
2626 1242 2808 1308 nullo
2864 1241 3056 1308 modo
3113 1264 3304 1326 posse
3362 1246 3485 1311 sibi
3539 1245 3909 1328 persuadet.
3999 1245 4174 1311 Nam
4228 1265 4432 1329 quum

2462 1348 2574 1392 me
2617 1348 2871 1411 quoque
2916 1336 3111 1407 teste,
3165 1352 3275 1395 cor
3318 1331 3725 1396 voluntatem
3771 1332 4117 1415 significet,
4153 1331 4235 1396 de
4279 1340 4432 1398 actu

2461 1414 2832 1479 voluntatis
2890 1415 3095 1498 accipi
3153 1438 3286 1482 non
3354 1424 3571 1500 potest
3613 1418 3785 1500 quod
3830 1417 3992 1484 dico.
4086 1416 4430 1502 Siquidem

2462 1500 2533 1564 in
2580 1521 2825 1565 vanum
2886 1500 3087 1567 verba
3130 1503 3622 1586 profunderem,
3680 1504 3735 1569 si
3782 1513 4039 1569 tantum
4098 1505 4271 1571 mala
4317 1505 4430 1571 de·

2466 1585 2708 1652 sideria
2761 1596 3061 1670 oportere
3106 1589 3349 1655 aboleri
3393 1588 3696 1654 dicerem.
3787 1590 4023 1656 Restat
4065 1591 4299 1675 igitur,
4357 1602 4431 1657 ut

2469 1671 2551 1737 de
2612 1675 2906 1756 potentia
2959 1672 3106 1754 illa,
3169 1696 3300 1758 qua
3353 1675 3689 1756 volumus,
3748 1675 4084 1755 nolumus,
4152 1676 4427 1758 odimus,

2467 1779 2799 1837 amamus,
2856 1763 3154 1825 sentiam.
3245 1761 3479 1843 Nuper
3522 1760 3604 1826 de
3648 1761 4019 1828 substantia
4058 1783 4427 1830 sermonem

2465 1843 2778 1924 habebat,
2856 1867 3033 1911 nunc
3100 1847 3421 1912 transsilit
3495 1846 3579 1912 ad
3643 1850 4023 1931 potentiam.
4116 1848 4315 1930 Quod
4371 1852 4428 1917 si

2465 1952 2609 1995 rem
2653 1951 2857 1996 unam
2901 1952 2971 1997 se
3016 1931 3364 2016 designare
3400 1934 3505 1998 his
3548 1933 3804 2000 duobus
3842 1935 4066 2001 verbis
4101 1944 4425 2014 causetur,

2463 2036 2814 2100 perperam
2846 2039 3003 2102 ergo
3036 2018 3459 2085 Ambrosium
3507 2017 3777 2086 adducit
3809 2022 3919 2103 qui
3966 2023 4088 2088 sub
4125 2023 4428 2106 figmenti

2467 2112 2535 2166 et
2588 2110 2930 2169 creaturae
2992 2102 3208 2169 verbis
3319 2104 3420 2170 lus
3482 2104 3729 2188 aliquid
3798 2129 3995 2189 quam
4064 2111 4428 2192 potentiam

2464 2188 3080 2272 comprehendebat.
3172 2188 3261 2256 Se
3361 2190 3586 2256 valeat
3642 2191 3838 2258 illud:
3895 2197 4427 2277 consequentiam

2464 2286 2719 2355 autem,
2793 2296 2922 2358 qua
2978 2298 3085 2341 me
3138 2277 3382 2360 absque
3448 2277 3587 2342 ullo
3639 2278 3883 2363 effugio
3939 2282 4152 2345 teneri
4210 2282 4425 2361 iactat,

2463 2362 2686 2427 valere
2731 2382 2915 2446 nego.
3006 2364 3119 2427 An
3162 2371 3301 2428 tam
3355 2362 3539 2428 rudis
3583 2364 3799 2430 adhuc
3844 2373 3946 2430 est
3985 2365 4298 2451 Pighius,
4353 2376 4428 2432 ut

2458 2448 2636 2512 inter
2680 2448 3038 2514 voluntatis
3074 2449 3528 2529 substantiam,
3575 2459 3691 2516 aut
3729 2449 3991 2516 volendi
4024 2452 4423 2529 facultatem,

2460 2544 2530 2600 et
2573 2542 2777 2613 actus,
2828 2535 2930 2600 vel
2975 2536 3247 2601 effectus
3289 2537 3482 2619 ipsos,
3530 2536 3700 2601 nihil
3732 2536 4023 2602 medium
4068 2539 4424 2623 agnoscat?

2461 2620 2661 2686 Certe
2705 2621 3139 2686 vehementer
3178 2643 3286 2686 me
3325 2621 3596 2706 decepit.
3679 2622 4001 2689 Putabam
4048 2626 4243 2702 enim,
4291 2627 4425 2708 pri-

2458 2708 2588 2772 mis
2620 2706 2853 2772 saltem
2897 2705 3273 2773 dialecticae
3304 2707 3698 2774 rudimentis
3742 2711 4157 2776 instructum.
4225 2711 4424 2778 Nunc

2455 2792 2669 2871 vide0,
2699 2802 2767 2858 et
2785 2793 3108 2859 bonarum
3131 2796 3391 2873 artium,
3418 2808 3484 2861 et
3505 2798 3870 2861 communis
3894 2818 4126 2863 sensus
4149 2818 4423 2881 prorsus

2460 2889 2818 2963 expertem.
2910 2878 3251 2963 Siquidem
3308 2902 3502 2946 nemo
3559 2891 3694 2946 tam
3749 2892 3851 2948 est
3912 2882 4246 2961 indoctu3,
4313 2886 4425 2967 qui

2458 2987 2593 3031 non
2689 2966 2991 3031 habitum
3078 2966 3296 3032 medio
3385 2967 3527 3033 loco
3614 2968 3994 3034 constituat.
4086 2968 4423 3050 Quorsum

2459 3053 2641 3118 enim
2696 3053 2863 3118 istae
2928 3052 3240 3137 loquendi
3294 3053 3641 3134 formulae,
3710 3056 3820 3120 vir
3877 3054 4029 3121 boni
4085 3071 4199 3121 aut
4266 3057 4422 3122 mali

2459 3140 2682 3217 animi,
2724 3139 2852 3203 uisi
2898 3139 2983 3204 ad
3028 3140 3415 3222 qualitatem
3460 3139 3921 3207 indicandam?
3989 3142 4219 3226 Neque
4264 3165 4421 3222 vero

2457 3224 2528 3290 id
2582 3232 2935 3290 tacueram.
3026 3225 3199 3290 Nam
3257 3236 3579 3309 quantum
3633 3227 3717 3292 ad
3759 3236 4174 3311 praesentem
4220 3251 4420 3313 quae·

2458 3312 2739 3377 stionem
2756 3363 2770 3390 ,
2845 3310 3263 3377 Bernardum
3343 3322 3659 3395 sequutus
3738 3317 3865 3379 tria
3945 3309 4420 3382 consideranda
4482 3341 4489 3349 ·

2456 3417 2950 3481 proposueram:
3012 3396 3185 3463 velle
3224 3419 3342 3481 per
3394 3419 3494 3478 se,
3554 3410 3669 3465 aut
3710 3399 4096 3485 simpliciter
4107 3427 4123 3482 ;
4182 3402 4420 3468 deinde

2456 3483 2628 3548 male
2682 3494 2751 3548 et
2804 3483 2970 3549 bene
3027 3483 3211 3549 velle.
3302 3485 3605 3550 Primum
3646 3485 3812 3551 illud
3867 3497 3969 3553 est
4010 3489 4273 3554 volendi
4321 3491 4417 3554 fa-

2457 3569 2690 3648 cultas,
2737 3579 2871 3649 aut,
2917 3573 2975 3635 si
3016 3572 3111 3635 ita
3149 3570 3380 3654 placet,
3427 3572 3813 3637 substantia.
3904 3572 4092 3640 Bene
4136 3586 4201 3640 et
4245 3576 4419 3641 male

2455 3656 2629 3721 velle
2648 3708 2663 3734 ,
2721 3667 2879 3722 sunt
2919 3657 3296 3740 qualitates,
3351 3657 3460 3723 vel
3506 3656 3769 3724 habitus
3811 3662 4151 3738 contrarii,
4193 3662 4306 3744 qui
4346 3662 4417 3727 in

2454 3744 2818 3827 potentiam
2892 3744 3101 3827 ipsam
3184 3743 3444 3810 cadunt.
3539 3747 3746 3812 Actus
3822 3750 4413 3829 praetermiseram,

2456 3829 2628 3912 quod
2674 3828 2844 3894 nihil
2889 3828 2973 3894 ad
3013 3853 3153 3896 rem
3190 3831 3496 3896 facerent.
3572 3831 3702 3897 His
3751 3833 3963 3898 tribus
4009 3834 4262 3915 positis,
4302 3855 4416 3899 vo-

2451 3915 2782 3981 luntatem
2860 3914 3207 3982 docueram
3272 3929 3589 4000 perpetuo
3667 3917 3954 3983 insidere
4019 3921 4089 3983 in
4154 3930 4412 4000 natura,

2455 4008 2602 4082 [pag.
2642 4007 2794 4082 203]
2849 4001 3173 4068 malitiam
3231 4004 3589 4069 voluntatis
3633 4025 3776 4069 esse
3821 4026 3904 4068 ex
3949 4013 4226 4071 naturae
4270 4027 4414 4072 cor-

2453 4089 2762 4171 ruptione
2772 4111 2790 4167 3
2870 4089 3143 4171 spiritus
3219 4096 3479 4170 autem,
3517 4090 4019 4174 regeneratione
4093 4092 4417 4158 malitiam

2452 4175 2714 4258 corrigi,
2757 4185 2826 4238 et
2855 4175 3265 4241 voluntatem
3299 4196 3374 4240 eo
3410 4176 3601 4241 modo
3645 4197 3730 4240 ox
3762 4176 3938 4241 mala
3971 4178 4115 4242 fieri
4150 4178 4410 4244 bonam.

2450 4261 2734 4327 Iactavit
2774 4259 3080 4345 Pighius,
3141 4262 3197 4326 si
3253 4261 3433 4326 hunc
3476 4260 3725 4327 nodum
3779 4284 4035 4345 possem
4080 4264 4411 4347 expedire,

2451 4347 2714 4431 quidvis
2779 4367 2850 4411 se
2905 4368 2944 4412 a
2996 4367 3104 4411 me
3158 4369 3528 4430 passurum.
3620 4346 3798 4428 Quid
3865 4351 3919 4415 si
3982 4349 4165 4416 'nunc
4213 4371 4410 4435 spon-

2450 4434 2702 4500 sionem
2770 4433 2943 4497 hanc
2986 4432 3393 4516 reciperem?
3485 4431 3621 4499 Sed
3665 4435 3813 4500 ideo
3866 4436 4188 4514 abstineo,
4257 4439 4414 4520 quia

2449 4519 2696 4585 nodum
2734 4539 2843 4584 me
2889 4519 3143 4584 nullum
3189 4519 3464 4586 solvisse
3506 4521 3745 4600 fateor,
3800 4543 4005 4605 quum
4049 4523 4272 4588 nullus
4314 4524 4412 4588 fo-

2449 4612 2571 4672 ret.
2662 4603 2830 4685 Quis
2894 4605 3071 4670 enim
3127 4627 3294 4689 puer
3348 4605 3459 4673 hic
3515 4606 3917 4673 haesitaret?
4006 4608 4150 4673 Imo
4207 4630 4409 4692 quum

2448 4691 2834 4778 qualitatem
2877 4693 3139 4774 saepius
3184 4693 3594 4759 nominasset
3623 4694 3902 4778 Pighius
3948 4715 4024 4760 ac
4068 4694 4410 4761 distinxis-

2445 4781 2549 4847 'set
2589 4798 2628 4841 a
2670 4775 3043 4843 substantia
3082 4779 3476 4858 voluntatis,
3520 4781 3631 4863 qui
3675 4781 3768 4859 fit,
3816 4787 3892 4845 ut
3934 4802 4139 4863 quum
4182 4782 4265 4847 ad
4309 4779 4409 4847 di-

2443 4865 2766 4934 visionem
2812 4863 2983 4928 hanc
3025 4872 3304 4929 ventum
3347 4875 3466 4945 est,
3511 4867 3883 4931 membrum
3927 4866 4095 4932 illud
4140 4867 4406 4934 silentio

2443 4949 2899 5019 transmittat?
2988 4951 3096 5015 An
3177 4972 3334 5035 ergo
3399 4972 3660 5035 compos
3735 4954 3978 5018 mentis
4042 4953 4407 5021 credendus

2446 5053 2563 5119 est,
2611 5037 2719 5119 qui
2757 5035 2867 5101 ubi
2905 5043 3076 5103 totas
3119 5039 3290 5104 fores
3325 5037 3492 5102 mihi
3525 5039 3608 5104 ad
3646 5039 3899 5104 exitum
3936 5041 4210 5124 aperuit,
4257 5042 4407 5106 nul-

2441 5127 2583 5193 lum
2630 5122 2955 5207 effugium
2997 5132 3225 5208 patere
3267 5124 3617 5190 existimat.

2618 5209 2716 5273 Ne
2760 5208 3022 5293 longior
3065 5211 3188 5276 sim
3209 5263 3223 5290 ,
3279 5209 3424 5276 dico
3466 5211 3910 5292 voluntatem,
3972 5231 4107 5276 non
4148 5222 4403 5291 natura,

2446 5295 2571 5360 hoc
2623 5302 2753 5370 est,
2817 5295 2949 5361 Dei
3002 5297 3362 5377 creatione,
3436 5297 3550 5364 sed
3603 5307 3883 5364 naturae
3936 5297 4405 5382 depravatione

338 5395 481 5455 aut
518 5384 684 5452 fieri
726 5382 925 5463 aliud,
971 5382 1052 5449 de
1089 5385 1460 5450 substantia
1501 5404 1608 5448 me
1641 5382 1817 5465 loqui
1849 5382 2341 5466 interpretatur.
2448 5400 2591 5447 esse
2634 5379 2903 5460 malam3
2957 5403 3080 5448 nec
3134 5382 3326 5448 aliter
3370 5382 3612 5451 habere
3658 5405 3848 5469 posse
3891 5384 4097 5451 donec
4137 5385 4406 5468 spiritus
