4999 6179
620 438 749 505 30⁷

622 646 780 691 men
822 646 1054 690 verum
1100 624 1328 690 videre
1385 643 1521 689 non
1564 630 1813 706 potest,
1861 620 1991 687 nisi
2033 620 2242 698 Deus,
2289 618 2407 702 qui
2446 618 2583 683 ius-

1936 428 2311 498 RESPON
2312 427 2467 497 810
2512 427 2890 497 CONTRA
2933 426 3349 495 PIGHIUM

4518 427 4643 492 308

2861 616 3134 700 Colligit
3174 623 3405 699 postea
3447 622 3515 681 et
3557 616 3722 683 alias
3757 617 4142 716 sententias:
4189 614 4428 698 quibus
4473 614 4644 680 mul-

623 711 714 776 sit
757 731 794 775 e
840 712 1130 777 tenebris
1165 711 1390 777 lumen
1426 706 1899 793 splendescere,
1932 705 2234 771 illuxerit
2273 704 2346 769 in
2386 703 2583 770 corde
2688 712 2833 769 tum
2889 709 3034 784 [pag.
3083 706 3234 781 106]
3292 702 3635 767 immorari
3686 703 3960 768 minime
4027 722 4193 783 opus
4250 701 4401 766 erit:
4471 699 4645 785 quod

621 798 782 863 eius.
874 795 1099 877 Quum
1143 806 1364 860 autem
1407 795 1730 878 acceperit
1771 793 2077 876 spiritum
2119 790 2412 868 Domini,
2453 791 2584 855 erit

622 884 696 948 in
762 903 838 947 eo
899 882 1172 948 libertas
1247 880 1332 946 ad
1408 878 1808 964 capessenda
1869 878 2147 943 Domini
2210 883 2579 960 praecepta.

621 968 688 1033 N
691 989 820 1034 unc
865 988 1139 1051 quaero,
1186 988 1351 1049 quae
1394 968 1483 1033 sit
1523 964 1810 1050 eligendi
1854 971 1923 1028 et
1962 962 2225 1030 volendi
2289 961 2581 1041 libertas,

621 1054 696 1119 in
739 1074 816 1118 eo
857 1054 972 1137 qui
1015 1053 1241 1119 videre
1293 1052 1465 1117 nihil
1518 1072 1638 1136 per
1681 1071 1753 1117 se
1806 1058 2041 1133 potest.
2130 1050 2236 1115 De
2277 1048 2584 1114 fidelibus

624 1148 880 1217 autem,
936 1147 1003 1204 et
1054 1140 1166 1222 qui
1222 1140 1356 1203 iam
1410 1139 1556 1204 Deo
1614 1136 1945 1215 serviunt,
2012 1135 2106 1201 010
2150 1134 2334 1201 dicit:
2398 1134 2585 1199 Fieri

622 1225 826 1291 etiam
867 1223 995 1291 1100
1035 1225 1106 1290 10
1153 1224 1315 1303 11110,
1361 1245 1566 1307 quum
1609 1224 1861 1307 gratiae
1905 1222 2325 1287 miseratione
2369 1219 2584 1284 subito

622 1312 1023 1395 perveniunt
1073 1309 1158 1375 ad
1202 1330 1281 1375 ea
1335 1309 1506 1375 bona
1548 1329 1778 1394 opera,
1840 1328 2006 1391 quae
2049 1328 2171 1372 nec
2214 1306 2584 1383 voluerunt,

622 1416 746 1463 000
800 1404 1250 1461 cucurrerunt.
1340 1394 1642 1461 Tandem
1699 1392 2060 1461 concludit:
2117 1394 2353 1475 Itaque
2395 1391 2586 1474 quid-

623 1480 784 1565 quid
838 1483 986 1547 vult
1039 1480 1269 1559 homo,
1327 1480 1645 1565 quidquid
1702 1486 1950 1563 potest,
2022 1500 2061 1544 a
2115 1479 2405 1544 Domino
2465 1483 2583 1544 est.

623 1567 812 1633 Bene
857 1566 1028 1632 velle
1063 1567 1315 1632 homini
1348 1565 1583 1633 tribuit
1614 1566 1926 1651 Pighius,
1963 1563 2282 1648 implendi
2323 1570 2587 1628 tautum

622 1653 1003 1719 facultatem
1050 1673 1088 1715 a
1130 1652 1439 1732 Domino,
1485 1652 1684 1735 idque
1730 1673 1816 1717 ex
1864 1658 2086 1735 parte,
2134 1650 2453 1732 accipere,
2471 1648 2587 1713 do·

623 1746 746 1804 cet.
838 1736 989 1820 900
1046 1737 1321 1804 autore?
1411 1739 1869 1821 Augustinum
1925 1735 2241 1803 obtendit.
2331 1736 2426 1799 At
2468 1755 2586 1798 au-

623 1824 727 1890 dis
768 1844 969 1907 quam
1010 1823 1178 1889 bene
1235 1844 1306 1889 se
1351 1823 1435 1889 ab
1479 1825 1604 1890 1100
1647 1823 1977 1888 0010111010
2018 1820 2334 1896 vindicet,
2383 1841 2589 1902 quum

623 1930 762 1975 non
825 1912 1050 1975 minus
1112 1909 1315 1987 velle,
1384 1931 1582 1992 quam
1644 1930 1864 1992 posse,
1937 1908 2068 1972 Dei
2130 1927 2274 1973 esse
2340 1906 2587 1970 donum

624 1995 956 2079 agnoseit:
1012 1995 1209 2079 idque
1267 1996 1340 2059 in
1389 1995 1688 2060 solidum.
1778 1995 1875 2058 At
1925 2000 2152 2077 postea
2192 1991 2589 2057 catholicum

625 2101 771 2147 esse
813 2088 1042 2164 negat,
1089 2082 1198 2163 qui
1242 2081 1527 2146 liberum
1571 2079 1918 2146 arbitrium
1975 2080 2347 2162 negaverit:
2408 2097 2586 2156 sane,

626 2165 750 2232 hae
817 2165 1185 2232 conditione
1265 2170 1412 2246 [pag.
1455 2170 1604 2245 104]
1657 2163 1911 2231 addita:
1990 2163 2164 2246 quod
2240 2164 2382 2228 sine
2441 2163 2588 2228 Deo

625 2252 885 2317 nullum
955 2253 1198 2318 bonum
1277 2272 1440 2335 opus
1517 2250 1622 2316 vel
1699 2251 2024 2334 incipere,
2099 2248 2208 2314 vel
2274 2250 2588 2331 perficere

623 2345 841 2421 queat.
951 2337 1186 2403 Refert
1259 2335 1496 2402 deinde
1563 2335 1822 2420 Pelagii
1892 2334 2328 2400 obiectionem
2349 2384 2366 2412 ‚
2432 2336 2587 2417 quia

621 2425 806 2574 prior
844 2423 1010 2489 velit
1039 2423 1246 2509 1101110
1262 2476 1276 2501 ,
1333 2421 1555 2488 Deum
1610 2420 1800 2488 velle.
1892 2420 2114 2501 90010
2171 2420 2266 2486 010
2311 2419 2584 2485 refellit:

661 2530 771 2575 am
812 2511 1125 2575 meritum
1181 2510 1368 2586 facit,
1421 2509 1669 2590 inquit,
1726 2514 1805 2571 ut
1846 2526 1985 2572 non
2041 2506 2131 2572 sit
2171 2507 2304 2571 iam
2349 2506 2584 2590 gratia,

623 2595 740 2661 sed
782 2615 1054 2661 merces.
1144 2595 1229 2659 In
1273 2596 1425 2672 fine,
1469 2591 1638 2658 illud
1680 2592 1960 2675 apostoli
2014 2593 2228 2658 citans
2274 2597 2341 2656 et
2383 2611 2586 2674 expo-

623 2702 819 2746 nens:
867 2679 1091 2760 900111
1150 2678 1395 2762 placuit
1435 2679 1581 2743 Deo
1597 2726 1615 2757 ,
1661 2679 1774 2761 qui
1817 2697 1925 2743 me
1967 2679 2230 2744 vocavit
2271 2675 2353 2743 ab
2396 2684 2584 2742 utero

623 2766 805 2849 (Gal.
856 2770 910 2844 l,
953 2769 1092 2846 15):
1158 2784 1293 2829 non
1334 2786 1540 2847 quum
1587 2763 1944 2830 voluissem
1988 2784 2141 2848 ego,
2186 2763 2423 2846 inquit,
2468 2761 2587 2828 sed

622 2871 826 2934 quum
880 2849 1130 2933 placuit
1181 2851 1272 2928 ei,
1341 2850 1453 2934 qui
1496 2871 1604 2915 me
1649 2850 1880 2934 elegit:
1939 2870 2073 2914 non
2115 2869 2236 2931 per
2275 2849 2588 2913 meritum

621 2957 845 3002 meum
859 2987 875 3015 ,
933 2935 1049 3002 sed
1105 2956 1227 3019 per
1286 2936 1566 3019 gratiam
1609 2955 1797 3000 suam
1809 2958 1827 3015 ;
1899 2943 1977 3000 ut
2018 2935 2105 2999 sit
2157 2932 2400 3014 fidelis,
2447 2955 2586 2999 11011

620 3020 984 3089 secundum
1073 3022 1333 3107 ropriae
1376 3020 1733 3087 voluntatis
1773 3021 2102 3100 meritum,
2150 3019 2265 3086 0011
2304 3040 2423 3104 1101·
2455 3020 2586 3085 Dei

621 3109 887 3175 donum.
1082 3109 1292 3186 rabor,
1339 3108 1398 3174 si
1437 3109 1668 3174 cristas
1703 3109 1959 3192 erigere
1998 3106 2239 3173 audeat
2278 3107 2582 3191 Pighius,

623 3203 762 3260 tam
806 3195 985 3260 clara
1024 3195 1325 3260 veritatis
1370 3193 1517 3261 luce
1561 3195 1900 3260 convictus
1944 3201 2142 3277 atque
2186 3193 2513 3260 confusus.

798 3279 1056 3345 Omitto
1112 3279 1285 3364 quod
1353 3279 1867 3362 pulcherrimam
1922 3279 2118 3347 Pauli
2187 3280 2584 3345 sententiam

624 3385 895 3447 prorsus
950 3373 1264 3431 extranea
1312 3365 1529 3450 glossa
1581 3366 1818 3431 misere
1881 3365 2159 3443 lacerat,
2226 3364 2307 3429 de
2358 3363 2586 3431 liberis

622 3451 915 3516 iustitiae
959 3461 1028 3515 et
1069 3452 1283 3516 servis
1324 3451 1576 3534 peccati
1620 3452 1841 3531 (Rom.
1887 3456 1945 3531 6,
1989 3458 2064 3514 16
2102 3450 2239 3534 ss.).
2306 3449 2587 3516 Liberos

622 3538 802 3602 enim
825 3537 1131 3615 iustitiae,
1160 3537 1448 3620 eleganti
1487 3536 1823 3615 allusione,
1871 3536 2316 3619 emancipatos
2362 3558 2402 3600 a
2443 3536 2582 3602 ius-

622 3623 810 3687 titiae
863 3621 1143 3704 imperio
1207 3629 1428 3699 vocat3
1508 3642 1734 3687 servos
1802 3630 2025 3686 autem
2135 3622 2369 3698 secati,
2430 3621 2585 3704 quia

624 3708 747 3773 sub
793 3708 1154 3773 iniustitiae
1197 3707 1640 3772 dominatione
1682 3728 1891 3790 usque
1936 3706 2020 3772 ad
2063 3708 2276 3785 ilam,
2335 3706 2417 3772 de
2452 3726 2585 3789 qua

622 3793 822 3860 simul
872 3794 1204 3871 meminit,
1262 3792 1745 3872 liberationem,
1812 3793 2204 3859 servitutem
2256 3793 2580 3859 serviant:

622 3878 798 3963 quod
852 3880 960 3945 hie
1013 3877 1272 3964 frigidis
1325 3879 1591 3961 ineptiis
1633 3877 1898 3944 eludere
1940 3885 2235 3944 conatur.
2321 3879 2582 3945 Locum

620 3973 848 4032 autem
891 3965 1274 4050 Augustini,
1318 3986 1516 4048 quem
1557 3965 1911 4032 citaveram
1958 3984 2044 4029 ex
2084 3963 2253 4030 libro
2297 3963 2378 4029 de
2425 3962 2579 4048 Spi-

624 4052 761 4116 ritu
805 4059 873 4116 et
924 4051 1145 4130 litera,
1204 4060 1281 4115 ut
1322 4050 1491 4115 mihi
1535 4057 1950 4134 extorqueat,
2009 4048 2211 4114 nimis
2253 4049 2580 4116 violenter

624 4146 902 4219 torquet.
1001 4137 1178 4202 Nam
1243 4158 1447 4222 quum
1509 4136 1928 4221 Augustinus
1991 4142 2200 4202 totam
2253 4136 2577 4202 bonorum

621 4242 897 4305 operum
952 4243 1310 4300 summam,
1363 4229 1431 4288 et
1493 4222 1791 4307 singulas
1851 4229 2076 4304 partes
2130 4221 2261 4287 Dei
2324 4223 2578 4306 gratiae

624 4307 920 4392 assignet
934 4359 949 4385 ,
1000 4310 1186 4391 quasi
1231 4308 1401 4372 nihil
1443 4308 1578 4373 tale
1622 4308 1697 4372 in
1739 4309 1882 4372 01110
1926 4307 2146 4373 1011110
2200 4306 2575 4386 haberetur,

622 4392 708 4459 ad
750 4415 956 4458 unam
1001 4390 1498 4476 possibilitatem
1555 4393 1664 4459 1110
1715 4393 2077 4477 restringit.
2166 4392 2300 4459 Ubi
2344 4395 2579 4478 Augu-

622 4480 839 4546 stinus
883 4478 1211 4544 defectum
1253 4479 1455 4562 ponit,
1505 4479 1613 4545 hic
1656 4479 2000 4545 substituit
2041 4478 2573 4545 imbecillitatem.

620 4565 714 4631 Et
769 4587 840 4632 00
894 4565 1193 4648 0101100οι
1246 4584 1393 4630 0000
1445 4572 1666 4648 putat,
1724 4566 1780 4631 01
1836 4566 1910 4631 in
1961 4565 2356 4650 Pelagianos
2410 4565 2575 4632 haec

620 4651 787 4717 110110
830 4651 1152 4735 quadrare
1196 4648 1465 4727 dixerit,
1523 4669 1657 4714 non
1701 4658 1920 4715 autem
1977 4651 2051 4715 in
2108 4672 2177 4716 se
2221 4673 2297 4717 ac
2339 4652 2442 4718 sui
2485 4651 2575 4717 si-

619 4737 828 4802 miles.
921 4735 1147 4817 90001
1190 4744 1409 4800 0011010
1454 4734 1695 4800 clamat
1738 4737 2173 4821 Augustinus,
2220 4759 2352 4803 non
2395 4757 2574 4803 com-

619 4830 843 4905 petere
886 4841 1127 4886 nomen
1180 4820 1332 4898 hoc,
1386 4820 1560 4903 quod
1603 4821 1973 4888 libertatem
2036 4829 2257 4902 sonat,
2307 4823 2436 4888 nisi
2492 4824 2574 4889 iis

620 4909 732 4991 qui
774 4908 1015 4990 spiritu
1051 4905 1181 4971 Dei
1224 4914 1578 4991 reguntur:
1625 4909 1935 4990 quoniam
1971 4908 2083 4973 alii
2125 4929 2354 4974 omnes
2396 4910 2575 4974 servi

621 4995 759 5060 sint
821 4993 1102 5076 peccati,
1169 4990 1368 5075 idque
1430 5013 1568 5058 non
1624 5015 1709 5060 ex
1763 5004 1979 5078 parte,
2046 4994 2164 5061 sod
2218 4997 2290 5059 in
2332 5001 2569 5072 totum,

2636 1742 2643 1805 t

2699 811 2904 873 quum
2980 787 3390 872 apertissime
3463 787 3808 856 nobiscum
3871 788 4117 854 faciant
4132 838 4147 865 ,
4226 786 4301 852 in
4386 787 4646 853 diluen-

2688 876 2789 942 dis
2844 896 3003 959 quas
3057 874 3338 959 Pighius
3412 875 3619 939 assuit
3694 874 4072 952 calumniis,
4151 892 4289 939 non
4361 873 4647 939 multum

2688 962 2818 1027 erit
2865 961 3131 1045 negotii.
3222 959 3409 1025 Dum
3462 959 3547 1024 ad
3612 960 3827 1026 locum
3880 960 4072 1025 illum
4130 981 4170 1025 a
4212 959 4485 1044 Pelagio
4529 958 4647 1025 ob-

2686 1048 2932 1114 iectum
2979 1069 3085 1113 res
3134 1046 3354 1125 ondet,
3399 1047 3457 1111 si
3501 1045 3844 1111 volueritis
3886 1054 3953 1111 et
3997 1046 4367 1111 audieritis:
4426 1067 4499 1111 00
4542 1046 4645 1109 01-

2689 1133 2785 1198 1111
2852 1140 3081 1200 contra
3128 1130 3299 1199 icere
3365 1132 3620 1211 scribit,
3699 1133 3755 1197 si
3819 1154 3860 1198 a
3911 1131 4200 1196 Domino
4265 1132 4649 1215 praeparari

2688 1221 3005 1285 fateretur
3046 1218 3231 1283 illam
3274 1219 3701 1285 voluntatem.
3770 1217 3994 1295 Vides,
4032 1217 4268 1301 inquit,
4314 1238 4452 1283 non
4494 1238 4649 1282 eum

2691 1304 3007 1370 damnare
3051 1306 3120 1370 in
3164 1303 3561 1388 Pelagianis,
3607 1303 3779 1387 quod
3825 1304 4083 1369 arbitrii
4126 1304 4501 1369 libertatem
4542 1325 4647 1368 as-

2692 1397 3018 1469 sererent,
3073 1390 3188 1457 sed
3233 1389 3407 1473 quod
3449 1390 3551 1455 illi
3589 1390 3994 1469 tribuebant,
4051 1389 4195 1455 sine
4250 1389 4470 1473 gratia
4508 1410 4646 1454 me-

2691 1477 2825 1542 reri
2883 1477 3182 1560 gratiam.
3283 1475 3428 1540 Imo
3480 1476 3603 1541 hoc
3652 1476 3950 1555 damnat,
4008 1474 4181 1558 quod
4222 1474 4332 1540 vel
4388 1482 4650 1560 guttam

2693 1582 2893 1628 11110111
2943 1563 3097 1627 110111
3162 1561 3415 1626 homini
3477 1570 3882 1660 arrogarent.
3992 1560 4491 1643 Respondeant,
4542 1561 4648 1625 in-

2691 1649 2855 1731 quit,
2882 1650 2934 1729 ¹)
2977 1647 3146 1713 mihi
3201 1648 3358 1713 novi
3403 1647 3748 1726 haeretici,
3795 1645 3955 1730 quid
3996 1648 4151 1713 boni
4193 1648 4283 1714 sit
4324 1646 4395 1711 in
4436 1647 4649 1713 homi-

2690 1735 2887 1799 nibus
2930 1733 3182 1798 nomini
3220 1732 3579 1799 christiano
3622 1733 3924 1800 inimicis.
4010 1734 4077 1798 N
4078 1755 4164 1798 ou
4214 1732 4423 1798 solum
4469 1732 4649 1799 enim

2693 1841 2827 1884 non
2887 1820 3135 1884 habent
3176 1819 3484 1884 meritum
3504 1870 3519 1895 ,
3578 1819 3695 1885 sed
3750 1818 3996 1885 habent
4038 1819 4401 1901 pessimum
4446 1818 4648 1884 meri-

2690 1915 2851 1970 tum.
2942 1904 3228 1970 Oramus
3291 1924 3410 1991 pro
3462 1905 3639 1987 ipsis.
3732 1904 3913 1987 90111
3955 1906 4111 1988 e'rgo
4154 1904 4441 1987 petimus
4458 1957 4473 1983 ,
4518 1906 4651 1970 nisi

2692 1997 2768 2055 ut
2821 1992 2990 2057 fiant
3047 2012 3133 2056 ex
3187 1990 3561 2057 nolentibus
3603 1991 3928 2068 volentes,
3997 2012 4082 2055 ex
4126 2011 4288 2074 repu
4385 1990 4649 2056 autibus

2693 2076 3179 2142 eonsentientes
3198 2127 3212 2151 ,
3271 2098 3354 2142 ex
3399 2076 3938 2161 oppugnantibus
3981 2085 4276 2143 amantes
4412 2079 4473 2142 A
4520 2097 4649 2160 quo

2691 2168 2928 2240 autem,
2976 2163 3106 2227 nisi
3150 2163 3230 2228 ab
3277 2181 3373 2241 eo,
3421 2163 3501 2228 de
3545 2183 3672 2244 quo
3716 2163 4031 2245 seriptum
4076 2170 4203 2228 est:
4251 2164 4314 2228 A
4357 2164 4649 2228 Domino

2691 2254 3124 2333 praeparatur
3165 2246 3517 2314 voluntas?
3583 2248 3791 2314 Vides
3830 2269 4026 2327 nunc,
4066 2248 4227 2331 quid
4267 2249 4650 2332 Augustino

2692 2336 3046 2418 significet,
3102 2335 3481 2418 praeparari
3536 2333 3975 2399 voluntatem:
4042 2355 4281 2418 nempe
4335 2356 4419 2400 ex
4473 2334 4652 2400 mala

2691 2430 2762 2485 et
2820 2441 3134 2505 perversa
3198 2419 3271 2484 10
3338 2420 3577 2486 bonam
3630 2420 3940 2486 converti.
4042 2419 4385 2501 Quomodo
4451 2421 4648 2499 enim,

2690 2507 2932 2589 inquit,
2994 2505 3282 2571 hominis
3335 2504 3580 2570 bonum
3622 2507 4032 2589 propositum
4050 2557 4064 2583 ,
4119 2507 4253 2572 nisi
4292 2508 4652 2572 miserante

2690 2593 2876 2675 prius
2927 2591 3267 2657 Domino?
3339 2613 3540 2674 quum
3594 2611 3673 2656 ea
3728 2593 3817 2657 sit
3868 2593 4042 2657 bona
4100 2592 4434 2671 voluntas,
4480 2612 4651 2675 quae

2690 2686 3122 2762 praeparatur
3169 2699 3209 2742 a
3264 2676 3573 2742 Domino.
3676 2678 3921 2744 Melius
3975 2677 4190 2746 adhuc
4248 2686 4317 2743 et
4378 2699 4651 2761 expres-

2691 2764 2828 2829 sius
2872 2762 3039 2827 libro
3097 2762 3390 2829 eiusdem
3445 2764 3660 2845 operis
3714 2765 3956 2847 primo:
4013 2762 4304 2830 Oramus
4360 2785 4481 2848 pro
4524 2765 4652 2828 im-

2690 2850 2815 2932 piis
2831 2899 2845 2927 ,
2899 2857 2978 2913 ut
3030 2869 3257 2914 eorum
3309 2848 3486 2913 mala
3541 2847 3845 2915 voluntas
3898 2851 3971 2914 in
4039 2851 4280 2916 bonam
4334 2858 4649 2915 mutetur.

2689 2935 2782 3000 Et
2833 2934 3086 3001 occulta
3138 2935 3270 3000 Dei
3322 2935 3538 3019 gratia
3604 2934 3819 3001 subito
3883 2935 4078 3000 multi
4143 2936 4502 3001 trahuntur
4566 2933 4653 3000 ad

2691 3019 3049 3086 Christum.
3119 3020 3267 3085 Hoc
3308 3020 3419 3104 qui
3462 3021 3852 3103 improbant,
3898 3042 4035 3086 non
4068 3020 4255 3101 mihi,
4298 3020 4413 3087 sed
4450 3020 4651 3100 Chri-

2690 3117 2792 3173 sto
2834 3106 3264 3187 reluctantur,
3311 3107 3424 3191 qui
3469 3107 3738 3174 clamat:
3784 3109 3996 3174 Nemo
4040 3117 4257 3191 potest
4289 3109 4518 3175 venire
4562 3107 4649 3173 ad

2689 3214 2816 3270 me,
2871 3193 3004 3259 nisi
3073 3200 3264 3275 pater
3315 3199 3501 3258 meus‘
3569 3194 3850 3259 traxerit
3902 3214 4054 3259 eum
4111 3194 4370 3279 (Ioann.
4413 3201 4470 3272 6,
4510 3193 4647 3343 44ἰ.

2690 3279 2842 3344 Νο11
2883 3279 3092 3357 00110,
3147 3280 3268 3359 0111,
3315 3277 3611 3356 duxerit,
3660 3286 3735 3344 ut
3774 3279 3913 3344 illic
3955 3280 4173 3361 aliquo
4215 3278 4409 3344 modo
4446 3281 4589 3344 inte
4613 3315 4646 3330 -

2688 3364 2999 3448 ligamus,
3059 3364 3447 3447 praecedere
3490 3365 3916 3431 voluntatem.
4008 3364 4178 3446 Quis
4224 3366 4544 3444 trahitur,
4588 3367 4650 3432 si

2688 3451 2825 3514 iam
2887 3449 3186 3516 volebat?
3299 3451 3390 3515 Et
3454 3458 3675 3516 tamen
3742 3472 3935 3517 nemo
3999 3453 4215 3531 venit,
4282 3452 4411 3518 nisi
4472 3452 4649 3517 velit.

2691 3535 3011 3601 Trahitur
3055 3555 3213 3620 ergo
3255 3536 3440 3600 miris
3483 3536 3694 3601 modis
3738 3544 3814 3602 ut
3856 3537 4036 3614 velit,
4084 3539 4165 3605 ab
4210 3537 4322 3602 illo
4367 3538 4483 3621 qui
4524 3558 4647 3602 no—

2690 3622 2788 3687 vit
2849 3622 3032 3686 intus
3075 3622 3147 3685 in
3199 3622 3362 3706 ipsis
3420 3621 3760 3688 hominum
3812 3623 4121 3689 cordibus
4164 3625 4454 3707 operari3
4510 3643 4647 3688 non

2688 3715 2765 3772 ut
2818 3706 3121 3773 homines
3136 3758 3152 3785 ,
3209 3708 3386 3791 quod
3438 3708 3585 3773 fieri
3632 3729 3767 3775 non
3820 3717 4066 3793 potest,
4138 3710 4436 3775 nolentes
4502 3730 4649 3775 cre-

2690 3792 2867 3870 11001,
2913 3791 3033 3858 0011
3072 3801 3150 3858 ut
3194 3793 3490 3860 volentes
3533 3815 3618 3861 ex
3660 3794 4038 3860 nolentibus
4077 3798 4261 3861 fiant.
4327 3794 4645 3873 Videsne,

2686 3878 2989 3945 homines
3041 3900 3174 3944 non
3229 3900 3419 3962 posse
3461 3879 3634 3946 velle
3675 3881 3807 3946 nisi
3864 3880 4116 3946 malum
4134 3932 4149 3958 ‚
4207 3880 4414 3947 donec
4454 3882 4645 3946 miri-

2685 3966 2812 4030 fica
2852 3966 3291 4042 conversione,
3338 3986 3565 4031 eorum
3606 3965 3914 4032 voluntas
3952 3988 4037 4031 ex
4069 3967 4247 4033 mala
4288 3968 4358 4032 in
4400 3966 4645 4033 bonam

2683 4049 3022 4116 mutetur?
3113 4049 3294 4132 Quid
3337 4072 3494 4136 ergo
3538 4052 3960 4118 extenuando
4002 4053 4265 4135 proficit
4307 4058 4454 4133 [pag.
4488 4056 4639 4132 106]

2681 4136 2978 4221 Pighius,
3024 4144 3099 4201 ut
3140 4143 3396 4219 partem
3439 4159 3525 4202 ex
3567 4144 3705 4203 toto
3747 4138 3987 4205 faciat?

2853 4222 3060 4305 Atqui
3113 4224 3482 4288 accuratius
3538 4225 3608 4288 in
3661 4225 3793 4290 fine
3842 4223 3994 4289 libri
4072 4226 4271 4307 primi
4322 4224 4630 4309 explicat,

2682 4307 2841 4392 quid
2882 4315 3021 4372 tam
3061 4308 3131 4372 in
3175 4309 3584 4388 Manichaeo,
3630 4331 3828 4392 quam
3871 4310 3945 4375 in
3986 4311 4278 4396 Pelagio,
4314 4310 4637 4376 damnent

2682 4391 3057 4459 orthodoxi:
3114 4415 3349 4478 nempe
3407 4395 3581 4478 quod
3633 4395 3746 4461 ille
3801 4396 4073 4475 diceret,
4133 4418 4173 4461 a
4237 4397 4406 4462 bono
4458 4397 4629 4475 Deo,

2680 4499 2805 4545 nec
2848 4487 3103 4545 creatos
3154 4480 3356 4546 fuisse
3411 4479 3742 4560 homines,
3797 4503 3918 4549 nec
3960 4483 4300 4553 institutas
4341 4483 4628 4565 nuptias,

2680 4586 2804 4631 nec
2857 4565 3074 4650 legem
3128 4587 3169 4631 a
3216 4565 3405 4631 Mose
3457 4565 3709 4644 datam:
3766 4569 3879 4633 hic
3929 4567 4104 4651 quod
4160 4568 4635 4634 adversaretur

2680 4652 2930 4737 gratiae
2972 4650 3120 4730 Dei,
3164 4672 3240 4717 ac
3282 4672 3417 4716 non
3458 4655 3665 4736 gratis
3700 4674 3875 4733 eam,
3928 4654 4044 4720 sed
4084 4654 4447 4721 secundum
4489 4674 4635 4719 me—

2679 4737 2811 4803 rita
2873 4745 3101 4802 nostra
3165 4736 3338 4816 dari3
3406 4739 3771 4818 hominem,
3839 4740 4046 4805 libero
4120 4740 4391 4807 arbitrio
4455 4741 4636 4807 bene

2678 4821 2956 4900 utendo,
3011 4824 3248 4888 mereri
3302 4825 3583 4907 gratiam
3594 4850 3611 4905 ;
3681 4826 3990 4910 parvulos
4045 4828 4140 4892 sic
4192 4847 4336 4893 0000
4385 4826 4635 4906 salvos,

2679 4916 2755 4973 u't
2799 4930 2840 4974 a
2882 4908 3151 4974 Christo
3205 4930 3337 4974 non
3394 4910 3749 4977 salventur.
3840 4910 3917 4978 Si
3972 4912 4136 4979 haec
4180 4919 4487 4979 accurata
4527 4921 4641 4980 est

2681 4993 3065 5079 dogmatum
3121 4998 3481 5076 enarratio,
3539 5019 3668 5080 quo
3719 4997 3929 5081 igitur
3979 4999 4196 5064 colore
4250 4998 4639 5065 Manichaei

622 5080 785 5146 haec
829 5079 1153 5143 transsilit
1193 5078 1488 5163 Pighius,
1531 5081 1713 5162 quasi
1749 5080 1917 5146 nihil
1952 5081 2036 5146 ad
2072 5101 2145 5147 se
2176 5080 2569 5163 pertineant.
2680 5079 3032 5163 discipulos
3074 5100 3197 5147 nos
3243 5093 3438 5148 antea
3481 5084 3636 5150 fecit
3676 5082 4004 5168 Pighius?
4094 5085 4323 5168 Neque
4366 5085 4545 5150 enim
4596 5106 4639 5151 a

620 5165 901 5230 Audivit
943 5165 1110 5229 forte
1155 5163 1504 5248 aliquando
1547 5165 1946 5232 rhetoricum
2003 5188 2149 5232 0000
2193 5165 2567 5242 artificium,

617 5271 700 5350 ea
740 5250 1001 5316 silentio
1035 5251 1332 5330 transire,
1410 5272 1534 5318 uae
1567 5274 1834 5319 causam
1868 5254 2065 5318 nimis
2099 5258 2409 5351 gravent:
2452 5250 2571 5317 sed

619 5358 692 5402 m
737 5359 810 5403 re
852 5345 988 5402 tam
1030 5344 1259 5421 aperta
1301 5359 1348 5402 n
1422 5338 1524 5404 lus
1564 5339 1690 5403 fuit
1732 5337 2239 5405 dissimulatiom
2279 5336 2479 5403 locus.

2816 5354 2877 5420 1)
2914 5308 3138 5424 ibidem,⁸
3169 5356 3276 5409 hoe
3312 5363 3415 5426 est,
3452 5356 3544 5411 lib.
3578 5355 3629 5411 4.
3667 5317 3857 5411 contra
3891 5357 4026 5412 duas
4061 5360 4218 5427 epist.
4252 5360 4433 5430 Pelag.
