<?xml version="1.0" encoding="UTF-8"?>
<!DOCTYPE html PUBLIC "-//W3C//DTD XHTML 1.0 Transitional//EN"
    "http://www.w3.org/TR/xhtml1/DTD/xhtml1-transitional.dtd">
<html xmlns="http://www.w3.org/1999/xhtml" xml:lang="en" lang="en">
 <head>
  <title>
</title>
<meta http-equiv="Content-Type" content="text/html;charset=utf-8" />
  <meta name='ocr-system' content='tesseract 3.04.00' />
  <meta name='ocr-capabilities' content='ocr_page ocr_carea ocr_par ocr_line ocrx_word'/>
</head>
<body>
  <div class='ocr_page' id='page_1' title='image "./ioanniscalvinio00horsgoog_0297.png"; bbox 0 0 4999 6179; ppageno 0'>
   <div class='ocr_carea' id='block_1_1' title="bbox 430 480 550 544">
    <p class='ocr_par' dir='ltr' id='par_1_1' title="bbox 430 480 550 544">
     <span class='ocr_line' id='line_1_1' title="bbox 430 480 550 544; baseline -0.017 -1"><span class='ocrx_word' id='word_1_1' title='bbox 430 480 550 544; x_wconf 85' lang='lat'><strong>517</strong></span> 
     </span>
    </p>
   </div>
   <div class='ocr_carea' id='block_1_2' title="bbox 424 665 2390 2386">
    <p class='ocr_par' dir='ltr' id='par_1_2' title="bbox 424 665 2388 1252">
     <span class='ocr_line' id='line_1_2' title="bbox 426 665 2387 750; baseline -0.001 -16"><span class='ocrx_word' id='word_1_2' title='bbox 426 667 598 735; x_wconf 89' lang='lat' dir='ltr'><strong>sicut</strong></span> <span class='ocrx_word' id='word_1_3' title='bbox 646 665 897 732; x_wconf 78' lang='lat' dir='ltr'><strong>Paulus</strong></span> <span class='ocrx_word' id='word_1_4' title='bbox 954 673 1252 733; x_wconf 85' lang='lat' dir='ltr'><strong>testatur.</strong></span> <span class='ocrx_word' id='word_1_5' title='bbox 1343 666 1436 731; x_wconf 85' lang='lat' dir='ltr'><strong>Et</strong></span> <span class='ocrx_word' id='word_1_6' title='bbox 1490 687 1658 750; x_wconf 88' lang='lat' dir='ltr'><strong>quae</strong></span> <span class='ocrx_word' id='word_1_7' title='bbox 1702 673 1860 731; x_wconf 90' lang='lat' dir='ltr'><strong>sunt</strong></span> <span class='ocrx_word' id='word_1_8' title='bbox 1900 668 2031 733; x_wconf 90' lang='lat' dir='ltr'><strong>ista</strong></span> <span class='ocrx_word' id='word_1_9' title='bbox 2074 667 2249 733; x_wconf 87' lang='lat' dir='ltr'><strong>circa</strong></span> <span class='ocrx_word' id='word_1_10' title='bbox 2291 668 2387 732; x_wconf 90' lang='lat' dir='ltr'><strong>al-</strong></span> 
     </span>
     <span class='ocr_line' id='line_1_3' title="bbox 428 751 2387 836; baseline -0.002 -17"><span class='ocrx_word' id='word_1_11' title='bbox 428 760 570 819; x_wconf 87' lang='lat' dir='ltr'><strong>tare</strong></span> <span class='ocrx_word' id='word_1_12' title='bbox 614 752 951 836; x_wconf 89' lang='lat' dir='ltr'><strong>obsequia,</strong></span> <span class='ocrx_word' id='word_1_13' title='bbox 1006 752 1245 836; x_wconf 90' lang='lat' dir='ltr'><strong>quibus</strong></span> <span class='ocrx_word' id='word_1_14' title='bbox 1287 752 1536 819; x_wconf 85' lang='lat' dir='ltr'><strong>victum</strong></span> <span class='ocrx_word' id='word_1_15' title='bbox 1595 751 1817 818; x_wconf 86' lang='lat' dir='ltr'><strong>deberi</strong></span> <span class='ocrx_word' id='word_1_16' title='bbox 1860 758 2010 832; x_wconf 78' lang='lat' dir='ltr'><strong>[pag.</strong></span> <span class='ocrx_word' id='word_1_17' title='bbox 2062 766 2090 816; x_wconf 91' lang='lat'>1</span> <span class='ocrx_word' id='word_1_18' title='bbox 2107 758 2211 832; x_wconf 87' lang='lat'><strong>11]</strong></span> <span class='ocrx_word' id='word_1_19' title='bbox 2256 753 2387 817; x_wconf 89' lang='lat' dir='ltr'><strong>iac-</strong></span> 
     </span>
     <span class='ocr_line' id='line_1_4' title="bbox 427 836 2388 924; baseline -0.002 -18"><span class='ocrx_word' id='word_1_20' title='bbox 427 838 612 906; x_wconf 79' lang='lat' dir='ltr'><strong>tant?</strong></span> <span class='ocrx_word' id='word_1_21' title='bbox 694 839 948 922; x_wconf 91' lang='lat' dir='ltr'><strong>Nempe</strong></span> <span class='ocrx_word' id='word_1_22' title='bbox 1006 836 1179 921; x_wconf 89' lang='lat' dir='ltr'><strong>quod</strong></span> <span class='ocrx_word' id='word_1_23' title='bbox 1234 846 1559 924; x_wconf 88' lang='lat' dir='ltr'><strong>peragunt</strong></span> <span class='ocrx_word' id='word_1_24' title='bbox 1599 860 1754 905; x_wconf 88' lang='lat' dir='ltr'><strong>suas</strong></span> <span class='ocrx_word' id='word_1_25' title='bbox 1798 840 2061 918; x_wconf 82' lang='lat' dir='ltr'><strong>missae,</strong></span> <span class='ocrx_word' id='word_1_26' title='bbox 2120 845 2188 903; x_wconf 92' lang='lat' dir='ltr'><strong>et</strong></span> <span class='ocrx_word' id='word_1_27' title='bbox 2232 859 2388 904; x_wconf 90' lang='lat' dir='ltr'><strong>can-</strong></span> 
     </span>
     <span class='ocr_line' id='line_1_5' title="bbox 428 924 2388 1009; baseline -0.001 -18"><span class='ocrx_word' id='word_1_28' title='bbox 428 926 653 992; x_wconf 89' lang='lat' dir='ltr'><strong>tillant</strong></span> <span class='ocrx_word' id='word_1_29' title='bbox 716 926 786 990; x_wconf 94' lang='lat' dir='ltr'><strong>in</strong></span> <span class='ocrx_word' id='word_1_30' title='bbox 853 924 1142 1008; x_wconf 76' lang='lat' dir='ltr'><strong>templis,</strong></span> <span class='ocrx_word' id='word_1_31' title='bbox 1212 924 1333 992; x_wconf 96' lang='grc'>1100</span> <span class='ocrx_word' id='word_1_32' title='bbox 1392 933 1522 1004; x_wconf 89' lang='lat' dir='ltr'><strong>est,</strong></span> <span class='ocrx_word' id='word_1_33' title='bbox 1602 926 1847 1009; x_wconf 87' lang='lat' dir='ltr'><strong>partim</strong></span> <span class='ocrx_word' id='word_1_34' title='bbox 1910 945 2177 1008; x_wconf 90' lang='lat' dir='ltr'><strong>operam</strong></span> <span class='ocrx_word' id='word_1_35' title='bbox 2244 925 2388 990; x_wconf 90' lang='lat' dir='ltr'><strong>sine</strong></span> 
     </span>
     <span class='ocr_line' id='line_1_6' title="bbox 429 1010 2387 1096; baseline -0.003 -17"><span class='ocrx_word' id='word_1_36' title='bbox 429 1013 647 1079; x_wconf 85' lang='lat' dir='ltr'><strong>fructu</strong></span> <span class='ocrx_word' id='word_1_37' title='bbox 689 1010 958 1090; x_wconf 91' lang='lat' dir='ltr'><strong>ludunt,</strong></span> <span class='ocrx_word' id='word_1_38' title='bbox 1015 1012 1256 1093; x_wconf 84' lang='lat' dir='ltr'><strong>partim</strong></span> <span class='ocrx_word' id='word_1_39' title='bbox 1310 1011 1729 1096; x_wconf 85' lang='lat' dir='ltr'><strong>sacrilegium</strong></span> <span class='ocrx_word' id='word_1_40' title='bbox 1788 1018 2202 1094; x_wconf 85' lang='lat' dir='ltr'><strong>perpetrant,</strong></span> <span class='ocrx_word' id='word_1_41' title='bbox 2260 1030 2387 1093; x_wconf 89' lang='lat' dir='ltr'><strong>quo</strong></span> 
     </span>
     <span class='ocr_line' id='line_1_7' title="bbox 434 1094 2388 1181; baseline -0.001 -17"><span class='ocrx_word' id='word_1_42' title='bbox 434 1099 536 1164; x_wconf 87' lang='lat' dir='ltr'><strong>ira</strong></span> <span class='ocrx_word' id='word_1_43' title='bbox 576 1096 706 1163; x_wconf 91' lang='lat' dir='ltr'><strong>Dei</strong></span> <span class='ocrx_word' id='word_1_44' title='bbox 764 1103 1170 1181; x_wconf 79' lang='lat' dir='ltr'><strong>provocetur.</strong></span> <span class='ocrx_word' id='word_1_45' title='bbox 1256 1098 1368 1163; x_wconf 89' lang='lat' dir='ltr'><strong>En</strong></span> <span class='ocrx_word' id='word_1_46' title='bbox 1420 1119 1538 1165; x_wconf 90' lang='lat' dir='ltr'><strong>cur</strong></span> <span class='ocrx_word' id='word_1_47' title='bbox 1596 1096 1728 1163; x_wconf 91' lang='lat' dir='ltr'><strong>illis</strong></span> <span class='ocrx_word' id='word_1_48' title='bbox 1772 1117 1858 1162; x_wconf 87' lang='grc'><strong>01</strong></span> <span class='ocrx_word' id='word_1_49' title='bbox 1899 1094 2160 1180; x_wconf 88' lang='lat' dir='ltr'><strong>publico</strong></span> <span class='ocrx_word' id='word_1_50' title='bbox 2197 1116 2388 1180; x_wconf 86' lang='lat' dir='ltr'><strong>prae-</strong></span> 
     </span>
     <span class='ocr_line' id='line_1_8' title="bbox 424 1184 1083 1252; baseline -0.006 0"><span class='ocrx_word' id='word_1_51' title='bbox 424 1185 710 1252; x_wconf 81' lang='lat' dir='ltr'><strong>beantur</strong></span> <span class='ocrx_word' id='word_1_52' title='bbox 753 1184 1083 1249; x_wconf 87' lang='lat' dir='ltr'><strong>alimenta.</strong></span> 
     </span>
    </p>

    <p class='ocr_par' dir='ltr' id='par_1_3' title="bbox 427 1267 2390 2386">
     <span class='ocr_line' id='line_1_9' title="bbox 599 1267 2388 1353; baseline -0.002 -17"><span class='ocrx_word' id='word_1_53' title='bbox 599 1270 692 1336; x_wconf 88' lang='lat' dir='ltr'><strong>Hi</strong></span> <span class='ocrx_word' id='word_1_54' title='bbox 730 1278 904 1349; x_wconf 91' lang='lat' dir='ltr'><strong>sunt,</strong></span> <span class='ocrx_word' id='word_1_55' title='bbox 951 1271 1064 1353; x_wconf 92' lang='lat' dir='ltr'><strong>qui</strong></span> <span class='ocrx_word' id='word_1_56' title='bbox 1097 1267 1514 1351; x_wconf 83' lang='lat' dir='ltr'><strong>inexpiabilis</strong></span> <span class='ocrx_word' id='word_1_57' title='bbox 1551 1267 1878 1352; x_wconf 87' lang='lat' dir='ltr'><strong>sacrilegii</strong></span> <span class='ocrx_word' id='word_1_58' title='bbox 1913 1275 2171 1335; x_wconf 88' lang='lat' dir='ltr'><strong>nostros</strong></span> <span class='ocrx_word' id='word_1_59' title='bbox 2208 1268 2388 1351; x_wconf 91' lang='lat' dir='ltr'><strong>prin-</strong></span> 
     </span>
     <span class='ocr_line' id='line_1_10' title="bbox 428 1354 2387 1440; baseline -0.003 -17"><span class='ocrx_word' id='word_1_60' title='bbox 428 1359 604 1440; x_wconf 88' lang='lat' dir='ltr'><strong>cipes</strong></span> <span class='ocrx_word' id='word_1_61' title='bbox 635 1363 966 1435; x_wconf 88' lang='lat' dir='ltr'><strong>accusant,</strong></span> <span class='ocrx_word' id='word_1_62' title='bbox 1003 1354 1175 1439; x_wconf 89' lang='lat' dir='ltr'><strong>quod</strong></span> <span class='ocrx_word' id='word_1_63' title='bbox 1206 1355 1675 1439; x_wconf 81' lang='lat' dir='ltr'><strong>patrimonium</strong></span> <span class='ocrx_word' id='word_1_64' title='bbox 1711 1354 2025 1421; x_wconf 80' lang='lat' dir='ltr'><strong>ecclesiae</strong></span> <span class='ocrx_word' id='word_1_65' title='bbox 2043 1355 2189 1420; x_wconf 91' lang='lat' dir='ltr'><strong>Deo</strong></span> <span class='ocrx_word' id='word_1_66' title='bbox 2231 1374 2387 1420; x_wconf 92' lang='lat' dir='ltr'><strong>con-</strong></span> 
     </span>
     <span class='ocr_line' id='line_1_11' title="bbox 427 1440 2384 1526; baseline -0.003 -17"><span class='ocrx_word' id='word_1_67' title='bbox 427 1450 756 1510; x_wconf 85' lang='lat' dir='ltr'><strong>secratum</strong></span> <span class='ocrx_word' id='word_1_68' title='bbox 807 1444 1152 1526; x_wconf 81' lang='lat' dir='ltr'><strong>rapuerint</strong></span> <span class='ocrx_word' id='word_1_69' title='bbox 1193 1462 1312 1525; x_wconf 89' lang='lat' dir='ltr'><strong>per</strong></span> <span class='ocrx_word' id='word_1_70' title='bbox 1359 1441 1494 1506; x_wconf 86' lang='lat' dir='ltr'><strong>vim</strong></span> <span class='ocrx_word' id='word_1_71' title='bbox 1549 1447 1617 1505; x_wconf 91' lang='lat' dir='ltr'><strong>et</strong></span> <span class='ocrx_word' id='word_1_72' title='bbox 1669 1461 2000 1506; x_wconf 89' lang='lat' dir='ltr'><strong>summam</strong></span> <span class='ocrx_word' id='word_1_73' title='bbox 2054 1440 2384 1520; x_wconf 87' lang='lat' dir='ltr'><strong>iniuriam,</strong></span> 
     </span>
     <span class='ocr_line' id='line_1_12' title="bbox 427 1525 2388 1612; baseline -0.003 -16"><span class='ocrx_word' id='word_1_74' title='bbox 427 1539 496 1596; x_wconf 88' lang='lat' dir='ltr'><strong>et</strong></span> <span class='ocrx_word' id='word_1_75' title='bbox 535 1551 713 1595; x_wconf 85' lang='lat' dir='ltr'><strong>nunc</strong></span> <span class='ocrx_word' id='word_1_76' title='bbox 753 1529 824 1593; x_wconf 91' lang='lat' dir='ltr'><strong>in</strong></span> <span class='ocrx_word' id='word_1_77' title='bbox 881 1528 1192 1612; x_wconf 90' lang='lat' dir='ltr'><strong>profanos</strong></span> <span class='ocrx_word' id='word_1_78' title='bbox 1245 1548 1404 1593; x_wconf 90' lang='lat' dir='ltr'><strong>usus</strong></span> <span class='ocrx_word' id='word_1_79' title='bbox 1463 1526 1842 1611; x_wconf 77' lang='lat' dir='ltr'><strong>dilapident.</strong></span> <span class='ocrx_word' id='word_1_80' title='bbox 1932 1527 2078 1592; x_wconf 88' lang='lat' dir='ltr'><strong>Iam</strong></span> <span class='ocrx_word' id='word_1_81' title='bbox 2123 1525 2388 1611; x_wconf 91' lang='lat' dir='ltr'><strong>quidem</strong></span> 
     </span>
     <span class='ocr_line' id='line_1_13' title="bbox 430 1612 2385 1697; baseline -0.003 -16"><span class='ocrx_word' id='word_1_82' title='bbox 430 1622 704 1681; x_wconf 83' lang='lat' dir='ltr'><strong>testatus</strong></span> <span class='ocrx_word' id='word_1_83' title='bbox 746 1636 911 1690; x_wconf 89' lang='lat' dir='ltr'><strong>sum,</strong></span> <span class='ocrx_word' id='word_1_84' title='bbox 959 1613 1134 1679; x_wconf 91' lang='lat' dir='ltr'><strong>nolle</strong></span> <span class='ocrx_word' id='word_1_85' title='bbox 1177 1634 1284 1678; x_wconf 93' lang='lat' dir='ltr'><strong>me</strong></span> <span class='ocrx_word' id='word_1_86' title='bbox 1327 1614 1567 1692; x_wconf 85' lang='lat' dir='ltr'><strong>omnia,</strong></span> <span class='ocrx_word' id='word_1_87' title='bbox 1614 1633 1779 1697; x_wconf 90' lang='lat' dir='ltr'><strong>quae</strong></span> <span class='ocrx_word' id='word_1_88' title='bbox 1816 1612 1993 1696; x_wconf 88' lang='lat' dir='ltr'><strong>apud</strong></span> <span class='ocrx_word' id='word_1_89' title='bbox 2039 1633 2159 1677; x_wconf 92' lang='lat' dir='ltr'><strong>nos</strong></span> <span class='ocrx_word' id='word_1_90' title='bbox 2193 1614 2385 1691; x_wconf 89' lang='lat' dir='ltr'><strong>fiunt,</strong></span> 
     </span>
     <span class='ocr_line' id='line_1_14' title="bbox 429 1698 2386 1784; baseline -0.003 -16"><span class='ocrx_word' id='word_1_91' title='bbox 429 1721 772 1768; x_wconf 83' lang='lat' dir='ltr'><strong>excusare:</strong></span> <span class='ocrx_word' id='word_1_92' title='bbox 811 1702 970 1784; x_wconf 89' lang='lat' dir='ltr'><strong>quin</strong></span> <span class='ocrx_word' id='word_1_93' title='bbox 1014 1700 1229 1783; x_wconf 90' lang='lat' dir='ltr'><strong>potius</strong></span> <span class='ocrx_word' id='word_1_94' title='bbox 1265 1720 1400 1765; x_wconf 92' lang='lat' dir='ltr'><strong>non</strong></span> <span class='ocrx_word' id='word_1_95' title='bbox 1438 1699 1755 1764; x_wconf 82' lang='lat' dir='ltr'><strong>maiorem</strong></span> <span class='ocrx_word' id='word_1_96' title='bbox 1789 1698 2025 1765; x_wconf 87' lang='lat' dir='ltr'><strong>alicubi</strong></span> <span class='ocrx_word' id='word_1_97' title='bbox 2060 1698 2386 1764; x_wconf 88' lang='lat' dir='ltr'><strong>rationem</strong></span> 
     </span>
     <span class='ocr_line' id='line_1_15' title="bbox 427 1783 2387 1869; baseline -0.002 -15"><span class='ocrx_word' id='word_1_98' title='bbox 427 1788 672 1868; x_wconf 86' lang='lat' dir='ltr'><strong>haberi,</strong></span> <span class='ocrx_word' id='word_1_99' title='bbox 718 1795 796 1853; x_wconf 91' lang='lat' dir='ltr'><strong>ut</strong></span> <span class='ocrx_word' id='word_1_100' title='bbox 837 1788 907 1851; x_wconf 92' lang='lat' dir='ltr'><strong>in</strong></span> <span class='ocrx_word' id='word_1_101' title='bbox 943 1806 1054 1851; x_wconf 92' lang='lat' dir='ltr'><strong>eos</strong></span> <span class='ocrx_word' id='word_1_102' title='bbox 1090 1791 1348 1851; x_wconf 87' lang='lat' dir='ltr'><strong>tantum</strong></span> <span class='ocrx_word' id='word_1_103' title='bbox 1384 1807 1543 1852; x_wconf 89' lang='lat' dir='ltr'><strong>usus</strong></span> <span class='ocrx_word' id='word_1_104' title='bbox 1574 1783 2044 1869; x_wconf 83' lang='lat' dir='ltr'><strong>impendantur</strong></span> <span class='ocrx_word' id='word_1_105' title='bbox 2079 1785 2387 1852; x_wconf 88' lang='lat' dir='ltr'><strong>ecclesiae</strong></span> 
     </span>
     <span class='ocr_line' id='line_1_16' title="bbox 431 1870 2385 1956; baseline -0.003 -16"><span class='ocrx_word' id='word_1_106' title='bbox 431 1873 707 1954; x_wconf 86' lang='lat' dir='ltr'><strong>reditus,</strong></span> <span class='ocrx_word' id='word_1_107' title='bbox 764 1873 1000 1956; x_wconf 89' lang='lat' dir='ltr'><strong>quibus</strong></span> <span class='ocrx_word' id='word_1_108' title='bbox 1042 1879 1199 1938; x_wconf 89' lang='lat' dir='ltr'><strong>sunt</strong></span> <span class='ocrx_word' id='word_1_109' title='bbox 1244 1870 1557 1951; x_wconf 90' lang='lat' dir='ltr'><strong>dedicati,</strong></span> <span class='ocrx_word' id='word_1_110' title='bbox 1618 1871 1783 1936; x_wconf 84' lang='lat' dir='ltr'><strong>mihi</strong></span> <span class='ocrx_word' id='word_1_111' title='bbox 1830 1871 2177 1955; x_wconf 90' lang='lat' dir='ltr'><strong>displicere</strong></span> <span class='ocrx_word' id='word_1_112' title='bbox 2234 1892 2385 1955; x_wconf 88' lang='lat' dir='ltr'><strong>pro-</strong></span> 
     </span>
     <span class='ocr_line' id='line_1_17' title="bbox 428 1956 2389 2042; baseline -0.003 -15"><span class='ocrx_word' id='word_1_113' title='bbox 428 1962 636 2027; x_wconf 86' lang='lat' dir='ltr'><strong>fiteor.</strong></span> <span class='ocrx_word' id='word_1_114' title='bbox 728 1960 995 2026; x_wconf 88' lang='lat' dir='ltr'><strong>Mecum</strong></span> <span class='ocrx_word' id='word_1_115' title='bbox 1048 1959 1245 2024; x_wconf 88' lang='lat' dir='ltr'><strong>etiam</strong></span> <span class='ocrx_word' id='word_1_116' title='bbox 1290 1956 1360 2022; x_wconf 92' lang='lat' dir='ltr'><strong>id</strong></span> <span class='ocrx_word' id='word_1_117' title='bbox 1404 1965 1680 2042; x_wconf 87' lang='lat' dir='ltr'><strong>gemunt</strong></span> <span class='ocrx_word' id='word_1_118' title='bbox 1721 1977 1949 2023; x_wconf 79' lang='lat' dir='ltr'><strong>omnes</strong></span> <span class='ocrx_word' id='word_1_119' title='bbox 1990 1958 2164 2024; x_wconf 88' lang='lat' dir='ltr'><strong>boni.</strong></span> <span class='ocrx_word' id='word_1_120' title='bbox 2255 1957 2389 2022; x_wconf 86' lang='lat' dir='ltr'><strong>Vc—</strong></span> 
     </span>
     <span class='ocr_line' id='line_1_18' title="bbox 427 2043 2387 2129; baseline -0.002 -17"><span class='ocrx_word' id='word_1_121' title='bbox 427 2069 607 2125; x_wconf 89' lang='lat' dir='ltr'><strong>rum,</strong></span> <span class='ocrx_word' id='word_1_122' title='bbox 652 2046 774 2112; x_wconf 92' lang='lat' dir='ltr'><strong>hoc</strong></span> <span class='ocrx_word' id='word_1_123' title='bbox 821 2052 1084 2110; x_wconf 81' lang='lat' dir='ltr'><strong>tantum</strong></span> <span class='ocrx_word' id='word_1_124' title='bbox 1125 2045 1197 2109; x_wconf 93' lang='lat' dir='ltr'><strong>in</strong></span> <span class='ocrx_word' id='word_1_125' title='bbox 1241 2044 1612 2127; x_wconf 88' lang='lat' dir='ltr'><strong>praesentia</strong></span> <span class='ocrx_word' id='word_1_126' title='bbox 1653 2044 1901 2129; x_wconf 86' lang='lat' dir='ltr'><strong>agitur:</strong></span> <span class='ocrx_word' id='word_1_127' title='bbox 1961 2043 2387 2127; x_wconf 84' lang='lat' dir='ltr'><strong>rapuerintne</strong></span> 
     </span>
     <span class='ocr_line' id='line_1_19' title="bbox 427 2129 2385 2217; baseline -0.002 -20"><span class='ocrx_word' id='word_1_128' title='bbox 427 2155 547 2217; x_wconf 89' lang='lat' dir='ltr'><strong>per</strong></span> <span class='ocrx_word' id='word_1_129' title='bbox 622 2131 1045 2216; x_wconf 86' lang='lat' dir='ltr'><strong>sacrilegium</strong></span> <span class='ocrx_word' id='word_1_130' title='bbox 1123 2129 1434 2196; x_wconf 85' lang='lat' dir='ltr'><strong>ecclesiae</strong></span> <span class='ocrx_word' id='word_1_131' title='bbox 1507 2130 1684 2196; x_wconf 89' lang='lat' dir='ltr'><strong>bona</strong></span> <span class='ocrx_word' id='word_1_132' title='bbox 1756 2130 2088 2214; x_wconf 77' lang='lat' dir='ltr'><strong>principes</strong></span> <span class='ocrx_word' id='word_1_133' title='bbox 2159 2129 2385 2209; x_wconf 89' lang='lat' dir='ltr'><strong>nostri,</strong></span> 
     </span>
     <span class='ocr_line' id='line_1_20' title="bbox 429 2216 2388 2304; baseline -0.003 -20"><span class='ocrx_word' id='word_1_134' title='bbox 429 2241 636 2304; x_wconf 90' lang='lat' dir='ltr'><strong>quum</strong></span> <span class='ocrx_word' id='word_1_135' title='bbox 691 2241 774 2284; x_wconf 88' lang='grc'><strong>01</strong></span> <span class='ocrx_word' id='word_1_136' title='bbox 818 2216 1231 2283; x_wconf 89' lang='lat' dir='ltr'><strong>sacerdotum</strong></span> <span class='ocrx_word' id='word_1_137' title='bbox 1275 2223 1343 2282; x_wconf 91' lang='lat' dir='ltr'><strong>et</strong></span> <span class='ocrx_word' id='word_1_138' title='bbox 1385 2216 1858 2282; x_wconf 87' lang='lat' dir='ltr'><strong>monachorum</strong></span> <span class='ocrx_word' id='word_1_139' title='bbox 1904 2222 2132 2299; x_wconf 91' lang='lat' dir='ltr'><strong>erepta</strong></span> <span class='ocrx_word' id='word_1_140' title='bbox 2175 2216 2388 2280; x_wconf 90' lang='lat' dir='ltr'><strong>mani-</strong></span> 
     </span>
     <span class='ocr_line' id='line_1_21' title="bbox 429 2301 2390 2386; baseline -0.003 -16"><span class='ocrx_word' id='word_1_141' title='bbox 429 2304 586 2384; x_wconf 89' lang='lat' dir='ltr'><strong>bus,</strong></span> <span class='ocrx_word' id='word_1_142' title='bbox 647 2325 725 2371; x_wconf 89' lang='grc'><strong>00</strong></span> <span class='ocrx_word' id='word_1_143' title='bbox 767 2302 851 2370; x_wconf 85' lang='grc'><strong>011</strong></span> <span class='ocrx_word' id='word_1_144' title='bbox 894 2325 965 2370; x_wconf 90' lang='grc'><strong>00</strong></span> <span class='ocrx_word' id='word_1_145' title='bbox 1009 2302 1438 2386; x_wconf 83' lang='lat' dir='ltr'><strong>receperunt?</strong></span> <span class='ocrx_word' id='word_1_146' title='bbox 1529 2303 1708 2368; x_wconf 89' lang='lat' dir='ltr'><strong>Num</strong></span> <span class='ocrx_word' id='word_1_147' title='bbox 1753 2301 1908 2385; x_wconf 96' lang='grc'>0010</span> <span class='ocrx_word' id='word_1_148' title='bbox 1951 2301 2268 2368; x_wconf 81' lang='lat' dir='ltr'><strong>aliorsum</strong></span> <span class='ocrx_word' id='word_1_149' title='bbox 2311 2322 2390 2366; x_wconf 87' lang='lat' dir='ltr'><strong>ea</strong></span> 
     </span>
    </p>
   </div>
   <div class='ocr_carea' id='block_1_3' title="bbox 431 2386 2420 2489">
    <p class='ocr_par' dir='ltr' id='par_1_4' title="bbox 431 2386 2420 2489">
     <span class='ocr_line' id='line_1_22' title="bbox 431 2386 2420 2489; baseline -0.005 -29"><span class='ocrx_word' id='word_1_150' title='bbox 431 2393 811 2470; x_wconf 86' lang='lat' dir='ltr'><strong>conferunt,</strong></span> <span class='ocrx_word' id='word_1_151' title='bbox 867 2409 1066 2474; x_wconf 86' lang='lat' dir='ltr'><strong>quam</strong></span> <span class='ocrx_word' id='word_1_152' title='bbox 1107 2389 1193 2454; x_wconf 87' lang='lat' dir='ltr'><strong>ad</strong></span> <span class='ocrx_word' id='word_1_153' title='bbox 1248 2386 1646 2489; x_wconf 71' lang='lat' dir='ltr'><strong>saginandos</strong></span> <span class='ocrx_word' id='word_1_154' title='bbox 1690 2387 1837 2454; x_wconf 94' lang='grc'>11100</span> <span class='ocrx_word' id='word_1_155' title='bbox 1881 2393 2151 2454; x_wconf 83' lang='lat' dir='ltr'><strong>ventres</strong></span> <span class='ocrx_word' id='word_1_156' title='bbox 2169 2439 2183 2466; x_wconf 92' lang='lat'><strong>,</strong></span> <span class='ocrx_word' id='word_1_157' title='bbox 2242 2387 2420 2452; x_wconf 91' lang='lat' dir='ltr'><strong>ideo·</strong></span> 
     </span>
    </p>
   </div>
   <div class='ocr_carea' id='block_1_4' title="bbox 426 2472 2402 5147">
    <p class='ocr_par' dir='ltr' id='par_1_5' title="bbox 426 2472 2402 5147">
     <span class='ocr_line' id='line_1_23' title="bbox 427 2472 2387 2563; baseline -0.004 -18"><span class='ocrx_word' id='word_1_158' title='bbox 427 2477 576 2563; x_wconf 87' lang='lat' dir='ltr'><strong>ipsa</strong></span> <span class='ocrx_word' id='word_1_159' title='bbox 607 2475 997 2563; x_wconf 81' lang='lat' dir='ltr'><strong>profanent?</strong></span> <span class='ocrx_word' id='word_1_160' title='bbox 1026 2475 1070 2558; x_wconf 95' lang='lat'><strong>¹)</strong></span> <span class='ocrx_word' id='word_1_161' title='bbox 1119 2473 1328 2541; x_wconf 81' lang='lat' dir='ltr'><strong>Suam</strong></span> <span class='ocrx_word' id='word_1_162' title='bbox 1351 2496 1528 2541; x_wconf 90' lang='lat' dir='ltr'><strong>emm</strong></span> <span class='ocrx_word' id='word_1_163' title='bbox 1551 2472 1929 2555; x_wconf 87' lang='lat' dir='ltr'><strong>adversarii,</strong></span> <span class='ocrx_word' id='word_1_164' title='bbox 1965 2495 2097 2540; x_wconf 90' lang='lat' dir='ltr'><strong>non</strong></span> <span class='ocrx_word' id='word_1_165' title='bbox 2118 2473 2387 2553; x_wconf 85' lang='lat' dir='ltr'><strong>Christi,</strong></span> 
     </span>
     <span class='ocr_line' id='line_1_24' title="bbox 428 2561 2390 2645; baseline -0.003 -14"><span class='ocrx_word' id='word_1_166' title='bbox 428 2586 552 2631; x_wconf 89' lang='lat' dir='ltr'><strong>nec</strong></span> <span class='ocrx_word' id='word_1_167' title='bbox 596 2563 939 2641; x_wconf 86' lang='lat' dir='ltr'><strong>ecclesiae,</strong></span> <span class='ocrx_word' id='word_1_168' title='bbox 998 2583 1263 2628; x_wconf 88' lang='lat' dir='ltr'><strong>causam</strong></span> <span class='ocrx_word' id='word_1_169' title='bbox 1309 2582 1348 2626; x_wconf 90' lang='lat' dir='ltr'><strong>a</strong></span> <span class='ocrx_word' id='word_1_170' title='bbox 1442 2568 1538 2626; x_wconf 87' lang='lat' dir='ltr'><strong>nt.</strong></span> <span class='ocrx_word' id='word_1_171' title='bbox 1629 2561 1874 2627; x_wconf 85' lang='lat' dir='ltr'><strong>Fateor</strong></span> <span class='ocrx_word' id='word_1_172' title='bbox 1916 2566 2124 2640; x_wconf 90' lang='lat' dir='ltr'><strong>certe,</strong></span> <span class='ocrx_word' id='word_1_173' title='bbox 2183 2581 2390 2645; x_wconf 85' lang='lat' dir='ltr'><strong>grave</strong></span> 
     </span>
     <span class='ocr_line' id='line_1_25' title="bbox 426 2645 2389 2733; baseline -0.005 -15"><span class='ocrx_word' id='word_1_174' title='bbox 426 2650 746 2718; x_wconf 89' lang='lat' dir='ltr'><strong>iudicium</strong></span> <span class='ocrx_word' id='word_1_175' title='bbox 802 2647 1223 2733; x_wconf 77' lang='lat' dir='ltr'><strong>pronunciari</strong></span> <span class='ocrx_word' id='word_1_176' title='bbox 1286 2669 1326 2712; x_wconf 91' lang='lat' dir='ltr'><strong>a</strong></span> <span class='ocrx_word' id='word_1_177' title='bbox 1372 2668 1603 2714; x_wconf 89' lang='lat' dir='ltr'><strong>versus</strong></span> <span class='ocrx_word' id='word_1_178' title='bbox 1668 2668 1805 2726; x_wconf 90' lang='lat' dir='ltr'><strong>eos,</strong></span> <span class='ocrx_word' id='word_1_179' title='bbox 1873 2647 1986 2730; x_wconf 92' lang='lat' dir='ltr'><strong>qui</strong></span> <span class='ocrx_word' id='word_1_180' title='bbox 2049 2645 2389 2713; x_wconf 88' lang='lat' dir='ltr'><strong>ecclesiam</strong></span> 
     </span>
     <span class='ocr_line' id='line_1_26' title="bbox 430 2730 2391 2822; baseline -0.004 -18"><span class='ocrx_word' id='word_1_181' title='bbox 430 2736 886 2822; x_wconf 81' lang='lat' dir='ltr'><strong>spoliaverint,</strong></span> <span class='ocrx_word' id='word_1_182' title='bbox 941 2741 1019 2800; x_wconf 92' lang='lat' dir='ltr'><strong>ut</strong></span> <span class='ocrx_word' id='word_1_183' title='bbox 1056 2734 1185 2800; x_wconf 89' lang='lat' dir='ltr'><strong>sibi</strong></span> <span class='ocrx_word' id='word_1_184' title='bbox 1226 2738 1534 2817; x_wconf 87' lang='lat' dir='ltr'><strong>raperent</strong></span> <span class='ocrx_word' id='word_1_185' title='bbox 1569 2733 1743 2816; x_wconf 91' lang='lat' dir='ltr'><strong>quod</strong></span> <span class='ocrx_word' id='word_1_186' title='bbox 1785 2731 1964 2798; x_wconf 90' lang='lat' dir='ltr'><strong>illius</strong></span> <span class='ocrx_word' id='word_1_187' title='bbox 2007 2739 2164 2797; x_wconf 88' lang='lat' dir='ltr'><strong>erat.</strong></span> <span class='ocrx_word' id='word_1_188' title='bbox 2254 2730 2391 2798; x_wconf 80' lang='lat' dir='ltr'><strong>Sed</strong></span> 
     </span>
     <span class='ocr_line' id='line_1_27' title="bbox 430 2816 2393 2903; baseline -0.004 -13"><span class='ocrx_word' id='word_1_189' title='bbox 430 2824 595 2889; x_wconf 87' lang='lat' dir='ltr'><strong>ratio</strong></span> <span class='ocrx_word' id='word_1_190' title='bbox 639 2821 838 2889; x_wconf 88' lang='lat' dir='ltr'><strong>simul</strong></span> <span class='ocrx_word' id='word_1_191' title='bbox 897 2819 1192 2901; x_wconf 85' lang='lat' dir='ltr'><strong>additur,</strong></span> <span class='ocrx_word' id='word_1_192' title='bbox 1240 2821 1393 2903; x_wconf 89' lang='lat' dir='ltr'><strong>quia</strong></span> <span class='ocrx_word' id='word_1_193' title='bbox 1447 2840 1638 2887; x_wconf 88' lang='lat' dir='ltr'><strong>veros</strong></span> <span class='ocrx_word' id='word_1_194' title='bbox 1694 2819 2030 2885; x_wconf 88' lang='lat' dir='ltr'><strong>ministros</strong></span> <span class='ocrx_word' id='word_1_195' title='bbox 2087 2816 2393 2884; x_wconf 87' lang='lat' dir='ltr'><strong>fraudent</strong></span> 
     </span>
     <span class='ocr_line' id='line_1_28' title="bbox 431 2904 2393 2992; baseline -0.004 -17"><span class='ocrx_word' id='word_1_196' title='bbox 431 2932 549 2977; x_wconf 91' lang='lat' dir='ltr'><strong>suo</strong></span> <span class='ocrx_word' id='word_1_197' title='bbox 606 2910 820 2976; x_wconf 89' lang='lat' dir='ltr'><strong>victu:</strong></span> <span class='ocrx_word' id='word_1_198' title='bbox 888 2908 1070 2990; x_wconf 88' lang='lat' dir='ltr'><strong>quia,</strong></span> <span class='ocrx_word' id='word_1_199' title='bbox 1125 2926 1451 2992; x_wconf 86' lang='lat' dir='ltr'><strong>pauperes</strong></span> <span class='ocrx_word' id='word_1_200' title='bbox 1494 2906 1666 2971; x_wconf 82' lang='lat' dir='ltr'><strong>fame</strong></span> <span class='ocrx_word' id='word_1_201' title='bbox 1725 2904 2047 2984; x_wconf 89' lang='lat' dir='ltr'><strong>necand0,</strong></span> <span class='ocrx_word' id='word_1_202' title='bbox 2114 2906 2211 2971; x_wconf 89' lang='lat' dir='ltr'><strong>rei</strong></span> <span class='ocrx_word' id='word_1_203' title='bbox 2256 2905 2393 2969; x_wconf 87' lang='lat' dir='ltr'><strong>sint</strong></span> 
     </span>
     <span class='ocr_line' id='line_1_29' title="bbox 433 2989 2387 3081; baseline -0.004 -19"><span class='ocrx_word' id='word_1_204' title='bbox 433 2996 797 3081; x_wconf 83' lang='lat' dir='ltr'><strong>sanguinis.</strong></span> <span class='ocrx_word' id='word_1_205' title='bbox 869 2994 1019 3059; x_wconf 90' lang='lat' dir='ltr'><strong>Hoc</strong></span> <span class='ocrx_word' id='word_1_206' title='bbox 1057 3000 1279 3059; x_wconf 89' lang='lat' dir='ltr'><strong>autem</strong></span> <span class='ocrx_word' id='word_1_207' title='bbox 1315 2991 1472 3075; x_wconf 91' lang='lat' dir='ltr'><strong>quid</strong></span> <span class='ocrx_word' id='word_1_208' title='bbox 1512 2991 1594 3057; x_wconf 85' lang='lat' dir='ltr'><strong>ad</strong></span> <span class='ocrx_word' id='word_1_209' title='bbox 1630 2999 1891 3058; x_wconf 87' lang='lat' dir='ltr'><strong>nostros</strong></span> <span class='ocrx_word' id='word_1_210' title='bbox 1933 2989 2387 3057; x_wconf 82' lang='lat' dir='ltr'><strong>adversarios?</strong></span> 
     </span>
     <span class='ocr_line' id='line_1_30' title="bbox 432 3076 2391 3165; baseline -0.004 -15"><span class='ocrx_word' id='word_1_211' title='bbox 432 3082 601 3165; x_wconf 79' lang='lat' dir='ltr'><strong>Quis</strong></span> <span class='ocrx_word' id='word_1_212' title='bbox 643 3082 820 3149; x_wconf 89' lang='lat' dir='ltr'><strong>enim</strong></span> <span class='ocrx_word' id='word_1_213' title='bbox 856 3103 941 3147; x_wconf 87' lang='grc'><strong>01</strong></span> <span class='ocrx_word' id='word_1_214' title='bbox 986 3101 1219 3146; x_wconf 87' lang='lat' dir='ltr'><strong>eorum</strong></span> <span class='ocrx_word' id='word_1_215' title='bbox 1261 3079 1528 3145; x_wconf 77' lang='lat' dir='ltr'><strong>cohorte</strong></span> <span class='ocrx_word' id='word_1_216' title='bbox 1564 3077 1929 3159; x_wconf 83' lang='lat' dir='ltr'><strong>testabitur,</strong></span> <span class='ocrx_word' id='word_1_217' title='bbox 1976 3076 2150 3162; x_wconf 89' lang='lat' dir='ltr'><strong>quod</strong></span> <span class='ocrx_word' id='word_1_218' title='bbox 2195 3076 2276 3142; x_wconf 91' lang='grc'><strong>(10</strong></span> <span class='ocrx_word' id='word_1_219' title='bbox 2321 3098 2391 3143; x_wconf 87' lang='grc'><strong>00</strong></span> 
     </span>
     <span class='ocr_line' id='line_1_31' title="bbox 430 3166 2392 3249; baseline -0.005 -13"><span class='ocrx_word' id='word_1_220' title='bbox 430 3170 588 3236; x_wconf 88' lang='grc'>01101</span> <span class='ocrx_word' id='word_1_221' title='bbox 631 3176 912 3235; x_wconf 88' lang='lat' dir='ltr'><strong>testatus</strong></span> <span class='ocrx_word' id='word_1_222' title='bbox 956 3173 1057 3234; x_wconf 88' lang='lat' dir='ltr'><strong>est</strong></span> <span class='ocrx_word' id='word_1_223' title='bbox 1099 3166 1523 3232; x_wconf 88' lang='lat' dir='ltr'><strong>Ambrosius:</strong></span> <span class='ocrx_word' id='word_1_224' title='bbox 1584 3172 1922 3248; x_wconf 88' lang='lat' dir='ltr'><strong>sumptum</strong></span> <span class='ocrx_word' id='word_1_225' title='bbox 1965 3184 2110 3246; x_wconf 82' lang='lat' dir='ltr'><strong>esse</strong></span> <span class='ocrx_word' id='word_1_226' title='bbox 2151 3183 2392 3249; x_wconf 85' lang='lat' dir='ltr'><strong>egeno-</strong></span> 
     </span>
     <span class='ocr_line' id='line_1_32' title="bbox 429 3249 2393 3340; baseline -0.004 -18"><span class='ocrx_word' id='word_1_227' title='bbox 429 3277 583 3322; x_wconf 89' lang='lat' dir='ltr'><strong>rum</strong></span> <span class='ocrx_word' id='word_1_228' title='bbox 627 3253 941 3340; x_wconf 88' lang='lat' dir='ltr'><strong>quidquid</strong></span> <span class='ocrx_word' id='word_1_229' title='bbox 986 3251 1320 3337; x_wconf 80' lang='lat' dir='ltr'><strong>possidet?</strong></span> <span class='ocrx_word' id='word_1_230' title='bbox 1408 3252 1600 3329; x_wconf 91' lang='lat' dir='ltr'><strong>Item,</strong></span> <span class='ocrx_word' id='word_1_231' title='bbox 1646 3250 1814 3315; x_wconf 88' lang='lat' dir='ltr'><strong>nihil</strong></span> <span class='ocrx_word' id='word_1_232' title='bbox 1854 3249 2100 3315; x_wconf 77' lang='lat' dir='ltr'><strong>habere</strong></span> <span class='ocrx_word' id='word_1_233' title='bbox 2144 3250 2393 3334; x_wconf 89' lang='lat' dir='ltr'><strong>cpisco-</strong></span> 
     </span>
     <span class='ocr_line' id='line_1_33' title="bbox 430 3335 2394 3427; baseline -0.005 -19"><span class='ocrx_word' id='word_1_234' title='bbox 430 3364 623 3427; x_wconf 90' lang='lat' dir='ltr'><strong>pum,</strong></span> <span class='ocrx_word' id='word_1_235' title='bbox 698 3340 873 3425; x_wconf 89' lang='lat' dir='ltr'><strong>quod</strong></span> <span class='ocrx_word' id='word_1_236' title='bbox 943 3346 1089 3420; x_wconf 81' lang='lat' dir='ltr'><strong>[pag.</strong></span> <span class='ocrx_word' id='word_1_237' title='bbox 1147 3344 1291 3417; x_wconf 85' lang='lat'>112]</span> <span class='ocrx_word' id='word_1_238' title='bbox 1358 3358 1721 3421; x_wconf 88' lang='lat' dir='ltr'><strong>pauperum</strong></span> <span class='ocrx_word' id='word_1_239' title='bbox 1786 3357 1919 3402; x_wconf 92' lang='lat' dir='ltr'><strong>non</strong></span> <span class='ocrx_word' id='word_1_240' title='bbox 1977 3337 2080 3402; x_wconf 86' lang='lat' dir='ltr'><strong>sit.</strong></span> <span class='ocrx_word' id='word_1_241' title='bbox 2100 3336 2159 3419; x_wconf 72' lang='grc'><strong>2)</strong></span> <span class='ocrx_word' id='word_1_242' title='bbox 2248 3335 2394 3400; x_wconf 84' lang='grc'>1010</span> 
     </span>
     <span class='ocr_line' id='line_1_34' title="bbox 432 3421 2396 3514; baseline -0.005 -20"><span class='ocrx_word' id='word_1_243' title='bbox 432 3426 953 3514; x_wconf 80' lang='lat' dir='ltr'><strong>quotusquisque</strong></span> <span class='ocrx_word' id='word_1_244' title='bbox 1008 3434 1109 3492; x_wconf 85' lang='lat' dir='ltr'><strong>est</strong></span> <span class='ocrx_word' id='word_1_245' title='bbox 1162 3445 1420 3504; x_wconf 91' lang='lat' dir='ltr'><strong>eorum,</strong></span> <span class='ocrx_word' id='word_1_246' title='bbox 1487 3423 1601 3507; x_wconf 93' lang='lat' dir='ltr'><strong>qui</strong></span> <span class='ocrx_word' id='word_1_247' title='bbox 1654 3443 1789 3487; x_wconf 92' lang='lat' dir='ltr'><strong>non</strong></span> <span class='ocrx_word' id='word_1_248' title='bbox 1857 3443 2065 3506; x_wconf 88' lang='lat' dir='ltr'><strong>aeque</strong></span> <span class='ocrx_word' id='word_1_249' title='bbox 2120 3421 2396 3486; x_wconf 74' lang='lat' dir='ltr'><strong>licenter</strong></span> 
     </span>
     <span class='ocr_line' id='line_1_35' title="bbox 431 3506 2394 3598; baseline -0.004 -18"><span class='ocrx_word' id='word_1_250' title='bbox 431 3535 510 3581; x_wconf 92' lang='lat' dir='ltr'><strong>eo</strong></span> <span class='ocrx_word' id='word_1_251' title='bbox 561 3512 734 3598; x_wconf 89' lang='lat' dir='ltr'><strong>quod</strong></span> <span class='ocrx_word' id='word_1_252' title='bbox 792 3511 1078 3597; x_wconf 88' lang='lat' dir='ltr'><strong>possidet</strong></span> <span class='ocrx_word' id='word_1_253' title='bbox 1133 3510 1474 3590; x_wconf 83' lang='lat' dir='ltr'><strong>abutatur,</strong></span> <span class='ocrx_word' id='word_1_254' title='bbox 1543 3530 1617 3576; x_wconf 89' lang='lat' dir='ltr'><strong>ao</strong></span> <span class='ocrx_word' id='word_1_255' title='bbox 1668 3508 1727 3574; x_wconf 91' lang='lat' dir='ltr'><strong>si</strong></span> <span class='ocrx_word' id='word_1_256' title='bbox 1781 3508 2037 3574; x_wconf 90' lang='lat' dir='ltr'><strong>libidini</strong></span> <span class='ocrx_word' id='word_1_257' title='bbox 2097 3527 2254 3573; x_wconf 89' lang='lat' dir='ltr'><strong>suae</strong></span> <span class='ocrx_word' id='word_1_258' title='bbox 2310 3506 2394 3572; x_wconf 90' lang='lat' dir='ltr'><strong>ad</strong></span> 
     </span>
     <span class='ocr_line' id='line_1_36' title="bbox 431 3594 2396 3685; baseline -0.005 -19"><span class='ocrx_word' id='word_1_259' title='bbox 431 3599 793 3685; x_wconf 86' lang='lat' dir='ltr'><strong>quamlibet</strong></span> <span class='ocrx_word' id='word_1_260' title='bbox 855 3597 1305 3682; x_wconf 85' lang='lat' dir='ltr'><strong>profusionem</strong></span> <span class='ocrx_word' id='word_1_261' title='bbox 1373 3596 1744 3682; x_wconf 83' lang='lat' dir='ltr'><strong>expositum</strong></span> <span class='ocrx_word' id='word_1_262' title='bbox 1813 3594 2022 3661; x_wconf 80' lang='lat' dir='ltr'><strong>foret?</strong></span> <span class='ocrx_word' id='word_1_263' title='bbox 2109 3594 2396 3659; x_wconf 82' lang='lat' dir='ltr'><strong>Frustra</strong></span> 
     </span>
     <span class='ocr_line' id='line_1_37' title="bbox 431 3679 2395 3772; baseline -0.005 -20"><span class='ocrx_word' id='word_1_264' title='bbox 431 3707 590 3772; x_wconf 86' lang='lat' dir='ltr'><strong>ergo</strong></span> <span class='ocrx_word' id='word_1_265' title='bbox 625 3685 752 3751; x_wconf 86' lang='lat' dir='ltr'><strong>sibi</strong></span> <span class='ocrx_word' id='word_1_266' title='bbox 778 3684 998 3750; x_wconf 85' lang='lat' dir='ltr'><strong>ablata</strong></span> <span class='ocrx_word' id='word_1_267' title='bbox 1032 3705 1174 3750; x_wconf 88' lang='lat' dir='ltr'><strong>esse</strong></span> <span class='ocrx_word' id='word_1_268' title='bbox 1221 3706 1303 3749; x_wconf 83' lang='lat' dir='ltr'><strong>ex</strong></span> <span class='ocrx_word' id='word_1_269' title='bbox 1425 3682 1662 3761; x_wconf 85' lang='lat' dir='ltr'><strong>tulant,</strong></span> <span class='ocrx_word' id='word_1_270' title='bbox 1706 3702 1876 3765; x_wconf 88' lang='lat' dir='ltr'><strong>quae</strong></span> <span class='ocrx_word' id='word_1_271' title='bbox 1911 3702 2032 3748; x_wconf 89' lang='lat' dir='ltr'><strong>nec</strong></span> <span class='ocrx_word' id='word_1_272' title='bbox 2075 3679 2208 3746; x_wconf 92' lang='lat' dir='ltr'><strong>ullo</strong></span> <span class='ocrx_word' id='word_1_273' title='bbox 2253 3679 2395 3744; x_wconf 91' lang='lat' dir='ltr'><strong>iure</strong></span> 
     </span>
     <span class='ocr_line' id='line_1_38' title="bbox 432 3765 2392 3857; baseline -0.005 -19"><span class='ocrx_word' id='word_1_274' title='bbox 432 3772 870 3857; x_wconf 81' lang='lat' dir='ltr'><strong>occupabant,</strong></span> <span class='ocrx_word' id='word_1_275' title='bbox 950 3777 1020 3836; x_wconf 95' lang='lat' dir='ltr'><strong>et</strong></span> <span class='ocrx_word' id='word_1_276' title='bbox 1082 3769 1286 3854; x_wconf 91' lang='lat' dir='ltr'><strong>dilapi</strong></span> <span class='ocrx_word' id='word_1_277' title='bbox 1371 3770 1534 3835; x_wconf 90' lang='lat' dir='ltr'><strong>bant</strong></span> <span class='ocrx_word' id='word_1_278' title='bbox 1611 3788 1729 3851; x_wconf 91' lang='lat' dir='ltr'><strong>per</strong></span> <span class='ocrx_word' id='word_1_279' title='bbox 1792 3788 2125 3834; x_wconf 89' lang='lat' dir='ltr'><strong>summum</strong></span> <span class='ocrx_word' id='word_1_280' title='bbox 2190 3765 2392 3831; x_wconf 85' lang='lat' dir='ltr'><strong>nefas.</strong></span> 
     </span>
     <span class='ocr_line' id='line_1_39' title="bbox 429 3850 2395 3937; baseline -0.005 -12"><span class='ocrx_word' id='word_1_281' title='bbox 429 3858 585 3925; x_wconf 89' lang='lat' dir='ltr'><strong>Non</strong></span> <span class='ocrx_word' id='word_1_282' title='bbox 628 3858 806 3924; x_wconf 89' lang='lat' dir='ltr'><strong>enim</strong></span> <span class='ocrx_word' id='word_1_283' title='bbox 852 3857 1042 3923; x_wconf 90' lang='lat' dir='ltr'><strong>licuit</strong></span> <span class='ocrx_word' id='word_1_284' title='bbox 1096 3856 1218 3923; x_wconf 90' lang='lat' dir='ltr'><strong>hoc</strong></span> <span class='ocrx_word' id='word_1_285' title='bbox 1261 3853 1454 3921; x_wconf 91' lang='lat' dir='ltr'><strong>modo</strong></span> <span class='ocrx_word' id='word_1_286' title='bbox 1497 3854 1740 3919; x_wconf 89' lang='lat' dir='ltr'><strong>nostris</strong></span> <span class='ocrx_word' id='word_1_287' title='bbox 1783 3853 2220 3937; x_wconf 87' lang='lat' dir='ltr'><strong>principibus,</strong></span> <span class='ocrx_word' id='word_1_288' title='bbox 2278 3850 2395 3917; x_wconf 91' lang='lat' dir='ltr'><strong>sed</strong></span> 
     </span>
     <span class='ocr_line' id='line_1_40' title="bbox 431 3938 2396 4023; baseline -0.005 -12"><span class='ocrx_word' id='word_1_289' title='bbox 431 3946 635 4011; x_wconf 89' lang='lat' dir='ltr'><strong>etiam</strong></span> <span class='ocrx_word' id='word_1_290' title='bbox 703 3963 966 4010; x_wconf 84' lang='lat' dir='ltr'><strong>necesse</strong></span> <span class='ocrx_word' id='word_1_291' title='bbox 1046 3943 1187 4008; x_wconf 90' lang='lat' dir='ltr'><strong>fuit.</strong></span> <span class='ocrx_word' id='word_1_292' title='bbox 1279 3939 1460 4023; x_wconf 80' lang='lat' dir='ltr'><strong>Quid</strong></span> <span class='ocrx_word' id='word_1_293' title='bbox 1530 3941 1708 4004; x_wconf 91' lang='lat' dir='ltr'><strong>enim</strong></span> <span class='ocrx_word' id='word_1_294' title='bbox 1781 3960 1987 4023; x_wconf 90' lang='lat' dir='ltr'><strong>quum</strong></span> <span class='ocrx_word' id='word_1_295' title='bbox 2054 3938 2396 4005; x_wconf 89' lang='lat' dir='ltr'><strong>ecclesiam</strong></span> 
     </span>
     <span class='ocr_line' id='line_1_41' title="bbox 429 4026 2392 4104; baseline -0.006 -5"><span class='ocrx_word' id='word_1_296' title='bbox 429 4031 612 4100; x_wconf 83' lang='lat' dir='ltr'><strong>veris</strong></span> <span class='ocrx_word' id='word_1_297' title='bbox 656 4030 977 4096; x_wconf 89' lang='lat' dir='ltr'><strong>ministris</strong></span> <span class='ocrx_word' id='word_1_298' title='bbox 1019 4028 1272 4094; x_wconf 88' lang='lat' dir='ltr'><strong>nudam</strong></span> <span class='ocrx_word' id='word_1_299' title='bbox 1314 4048 1391 4094; x_wconf 90' lang='lat' dir='ltr'><strong>ac</strong></span> <span class='ocrx_word' id='word_1_300' title='bbox 1435 4026 1820 4093; x_wconf 85' lang='lat' dir='ltr'><strong>destitutam</strong></span> <span class='ocrx_word' id='word_1_301' title='bbox 1865 4031 2243 4104; x_wconf 90' lang='lat' dir='ltr'><strong>cernerent,</strong></span> <span class='ocrx_word' id='word_1_302' title='bbox 2290 4045 2392 4089; x_wconf 88' lang='lat' dir='ltr'><strong>rc·</strong></span> 
     </span>
     <span class='ocr_line' id='line_1_42' title="bbox 432 4108 2396 4199; baseline -0.005 -15"><span class='ocrx_word' id='word_1_303' title='bbox 432 4117 613 4184; x_wconf 88' lang='lat' dir='ltr'><strong>ditus</strong></span> <span class='ocrx_word' id='word_1_304' title='bbox 657 4125 901 4195; x_wconf 89' lang='lat' dir='ltr'><strong>autem,</strong></span> <span class='ocrx_word' id='word_1_305' title='bbox 948 4116 1059 4199; x_wconf 92' lang='lat' dir='ltr'><strong>qui</strong></span> <span class='ocrx_word' id='word_1_306' title='bbox 1104 4114 1358 4181; x_wconf 89' lang='lat' dir='ltr'><strong>alendis</strong></span> <span class='ocrx_word' id='word_1_307' title='bbox 1401 4114 1723 4179; x_wconf 89' lang='lat' dir='ltr'><strong>ministris</strong></span> <span class='ocrx_word' id='word_1_308' title='bbox 1771 4111 1970 4178; x_wconf 90' lang='lat' dir='ltr'><strong>dicati</strong></span> <span class='ocrx_word' id='word_1_309' title='bbox 2014 4118 2266 4190; x_wconf 91' lang='lat' dir='ltr'><strong>essent,</strong></span> <span class='ocrx_word' id='word_1_310' title='bbox 2313 4108 2396 4175; x_wconf 89' lang='lat' dir='ltr'><strong>ab</strong></span> 
     </span>
     <span class='ocr_line' id='line_1_43' title="bbox 431 4195 2396 4287; baseline -0.006 -16"><span class='ocrx_word' id='word_1_311' title='bbox 431 4205 659 4271; x_wconf 89' lang='lat' dir='ltr'><strong>otiosis</strong></span> <span class='ocrx_word' id='word_1_312' title='bbox 689 4202 1082 4287; x_wconf 87' lang='lat' dir='ltr'><strong>ignavisque</strong></span> <span class='ocrx_word' id='word_1_313' title='bbox 1115 4201 1493 4266; x_wconf 86' lang='lat' dir='ltr'><strong>hominibus</strong></span> <span class='ocrx_word' id='word_1_314' title='bbox 1528 4199 1880 4283; x_wconf 85' lang='lat' dir='ltr'><strong>supprimi:</strong></span> <span class='ocrx_word' id='word_1_315' title='bbox 1913 4219 2118 4282; x_wconf 90' lang='lat' dir='ltr'><strong>quum</strong></span> <span class='ocrx_word' id='word_1_316' title='bbox 2142 4195 2396 4263; x_wconf 84' lang='lat' dir='ltr'><strong>Christi</strong></span> 
     </span>
     <span class='ocr_line' id='line_1_44' title="bbox 432 4283 2397 4374; baseline -0.006 -18"><span class='ocrx_word' id='word_1_317' title='bbox 432 4312 512 4356; x_wconf 84' lang='lat' dir='ltr'><strong>ac</strong></span> <span class='ocrx_word' id='word_1_318' title='bbox 569 4310 932 4374; x_wconf 80' lang='lat' dir='ltr'><strong>pauperum</strong></span> <span class='ocrx_word' id='word_1_319' title='bbox 993 4288 1462 4372; x_wconf 88' lang='lat' dir='ltr'><strong>patrimonium</strong></span> <span class='ocrx_word' id='word_1_320' title='bbox 1506 4293 1875 4365; x_wconf 85' lang='lat' dir='ltr'><strong>cernerent,</strong></span> <span class='ocrx_word' id='word_1_321' title='bbox 1936 4284 2044 4351; x_wconf 87' lang='lat' dir='ltr'><strong>vel</strong></span> <span class='ocrx_word' id='word_1_322' title='bbox 2098 4283 2397 4367; x_wconf 86' lang='lat' dir='ltr'><strong>ingurgi-</strong></span> 
     </span>
     <span class='ocr_line' id='line_1_45' title="bbox 433 4370 2397 4461; baseline -0.005 -18"><span class='ocrx_word' id='word_1_323' title='bbox 433 4378 567 4443; x_wconf 90' lang='lat' dir='ltr'><strong>tari</strong></span> <span class='ocrx_word' id='word_1_324' title='bbox 601 4399 641 4441; x_wconf 86' lang='lat' dir='ltr'><strong>a</strong></span> <span class='ocrx_word' id='word_1_325' title='bbox 673 4376 918 4461; x_wconf 87' lang='lat' dir='ltr'><strong>paucis,</strong></span> <span class='ocrx_word' id='word_1_326' title='bbox 966 4375 1075 4441; x_wconf 88' lang='lat' dir='ltr'><strong>vel</strong></span> <span class='ocrx_word' id='word_1_327' title='bbox 1095 4375 1167 4438; x_wconf 91' lang='lat' dir='ltr'><strong>in</strong></span> <span class='ocrx_word' id='word_1_328' title='bbox 1202 4380 1620 4456; x_wconf 87' lang='lat' dir='ltr'><strong>sumptuosos</strong></span> <span class='ocrx_word' id='word_1_329' title='bbox 1663 4372 1862 4436; x_wconf 81' lang='lat' dir='ltr'><strong>luxus</strong></span> <span class='ocrx_word' id='word_1_330' title='bbox 1897 4370 2214 4436; x_wconf 87' lang='lat' dir='ltr'><strong>dissolute</strong></span> <span class='ocrx_word' id='word_1_331' title='bbox 2248 4388 2397 4452; x_wconf 89' lang='lat' dir='ltr'><strong>pro-</strong></span> 
     </span>
     <span class='ocr_line' id='line_1_46' title="bbox 431 4455 2398 4543; baseline -0.005 -14"><span class='ocrx_word' id='word_1_332' title='bbox 431 4462 642 4543; x_wconf 85' lang='lat' dir='ltr'><strong>fundi,</strong></span> <span class='ocrx_word' id='word_1_333' title='bbox 684 4484 769 4528; x_wconf 91' lang='lat' dir='ltr'><strong>an</strong></span> <span class='ocrx_word' id='word_1_334' title='bbox 815 4482 949 4526; x_wconf 90' lang='lat' dir='ltr'><strong>non</strong></span> <span class='ocrx_word' id='word_1_335' title='bbox 988 4458 1415 4527; x_wconf 88' lang='lat' dir='ltr'><strong>admoverent</strong></span> <span class='ocrx_word' id='word_1_336' title='bbox 1458 4457 1770 4523; x_wconf 72' lang='lat' dir='ltr'><strong>manum?</strong></span> <span class='ocrx_word' id='word_1_337' title='bbox 1842 4457 1988 4522; x_wconf 91' lang='lat' dir='ltr'><strong>Imo</strong></span> <span class='ocrx_word' id='word_1_338' title='bbox 2033 4476 2241 4539; x_wconf 91' lang='lat' dir='ltr'><strong>quum</strong></span> <span class='ocrx_word' id='word_1_339' title='bbox 2284 4455 2398 4520; x_wconf 90' lang='lat' dir='ltr'><strong>ob-</strong></span> 
     </span>
     <span class='ocr_line' id='line_1_47' title="bbox 434 4540 2398 4627; baseline -0.006 -12"><span class='ocrx_word' id='word_1_340' title='bbox 434 4550 719 4616; x_wconf 88' lang='lat' dir='ltr'><strong>stinatos</strong></span> <span class='ocrx_word' id='word_1_341' title='bbox 773 4547 1071 4613; x_wconf 87' lang='lat' dir='ltr'><strong>veritatis</strong></span> <span class='ocrx_word' id='word_1_342' title='bbox 1116 4546 1339 4611; x_wconf 87' lang='lat' dir='ltr'><strong>hostes</strong></span> <span class='ocrx_word' id='word_1_343' title='bbox 1396 4545 1704 4611; x_wconf 86' lang='lat' dir='ltr'><strong>ecclesiae</strong></span> <span class='ocrx_word' id='word_1_344' title='bbox 1763 4542 2156 4627; x_wconf 89' lang='lat' dir='ltr'><strong>patrimonio</strong></span> <span class='ocrx_word' id='word_1_345' title='bbox 2208 4540 2398 4605; x_wconf 90' lang='lat' dir='ltr'><strong>incu-</strong></span> 
     </span>
     <span class='ocr_line' id='line_1_48' title="bbox 432 4625 2398 4714; baseline -0.006 -13"><span class='ocrx_word' id='word_1_346' title='bbox 432 4635 624 4714; x_wconf 87' lang='lat' dir='ltr'><strong>bare,</strong></span> <span class='ocrx_word' id='word_1_347' title='bbox 683 4640 751 4698; x_wconf 94' lang='lat' dir='ltr'><strong>et</strong></span> <span class='ocrx_word' id='word_1_348' title='bbox 793 4653 870 4698; x_wconf 91' lang='lat' dir='ltr'><strong>eo</strong></span> <span class='ocrx_word' id='word_1_349' title='bbox 914 4633 998 4698; x_wconf 89' lang='lat' dir='ltr'><strong>ad</strong></span> <span class='ocrx_word' id='word_1_350' title='bbox 1042 4632 1382 4698; x_wconf 86' lang='lat' dir='ltr'><strong>Christum</strong></span> <span class='ocrx_word' id='word_1_351' title='bbox 1436 4631 1621 4714; x_wconf 87' lang='lat' dir='ltr'><strong>impu</strong></span> <span class='ocrx_word' id='word_1_352' title='bbox 1671 4629 1993 4707; x_wconf 88' lang='lat' dir='ltr'><strong>nandum,</strong></span> <span class='ocrx_word' id='word_1_353' title='bbox 2050 4627 2136 4693; x_wconf 91' lang='lat' dir='ltr'><strong>ad</strong></span> <span class='ocrx_word' id='word_1_354' title='bbox 2178 4625 2398 4711; x_wconf 89' lang='lat' dir='ltr'><strong>oppri-</strong></span> 
     </span>
     <span class='ocr_line' id='line_1_49' title="bbox 431 4651 2398 4809; baseline -0.006 -21"><span class='ocrx_word' id='word_1_355' title='bbox 431 4720 748 4788; x_wconf 89' lang='lat' dir='ltr'><strong>mendam</strong></span> <span class='ocrx_word' id='word_1_356' title='bbox 801 4719 1064 4803; x_wconf 90' lang='lat' dir='ltr'><strong>pietatis</strong></span> <span class='ocrx_word' id='word_1_357' title='bbox 1121 4718 1513 4794; x_wconf 86' lang='lat' dir='ltr'><strong>doctrinam,</strong></span> <span class='ocrx_word' id='word_1_358' title='bbox 1582 4651 1669 4781; x_wconf 58' lang='lat' dir='ltr'><strong>ad</strong></span> <span class='ocrx_word' id='word_1_359' title='bbox 1723 4711 2205 4799; x_wconf 87' lang='lat' dir='ltr'><strong>persequendos</strong></span> <span class='ocrx_word' id='word_1_360' title='bbox 2258 4711 2398 4809; x_wconf 82' lang='grc'>0100</span> 
     </span>
     <span class='ocr_line' id='line_1_50' title="bbox 432 4804 2399 4882; baseline -0.007 -8"><span class='ocrx_word' id='word_1_361' title='bbox 432 4807 776 4874; x_wconf 86' lang='lat' dir='ltr'><strong>ministros</strong></span> <span class='ocrx_word' id='word_1_362' title='bbox 820 4806 1000 4872; x_wconf 89' lang='lat' dir='ltr'><strong>abuti</strong></span> <span class='ocrx_word' id='word_1_363' title='bbox 1044 4811 1414 4882; x_wconf 84' lang='lat' dir='ltr'><strong>cernerent,</strong></span> <span class='ocrx_word' id='word_1_364' title='bbox 1459 4823 1546 4867; x_wconf 89' lang='lat' dir='ltr'><strong>an</strong></span> <span class='ocrx_word' id='word_1_365' title='bbox 1589 4822 1723 4866; x_wconf 92' lang='lat' dir='ltr'><strong>non</strong></span> <span class='ocrx_word' id='word_1_366' title='bbox 1767 4806 2152 4866; x_wconf 83' lang='lat' dir='ltr'><strong>excuterent</strong></span> <span class='ocrx_word' id='word_1_367' title='bbox 2193 4804 2399 4882; x_wconf 81' lang='lat' dir='ltr'><strong>proti-</strong></span> 
     </span>
     <span class='ocr_line' id='line_1_51' title="bbox 435 4884 2400 4968; baseline -0.007 -8"><span class='ocrx_word' id='word_1_368' title='bbox 435 4917 568 4961; x_wconf 88' lang='lat' dir='ltr'><strong>nus</strong></span> <span class='ocrx_word' id='word_1_369' title='bbox 613 4916 696 4959; x_wconf 89' lang='grc'><strong>01</strong></span> <span class='ocrx_word' id='word_1_370' title='bbox 743 4912 970 4957; x_wconf 90' lang='lat' dir='ltr'><strong>eorum</strong></span> <span class='ocrx_word' id='word_1_371' title='bbox 1014 4891 1337 4968; x_wconf 88' lang='lat' dir='ltr'><strong>manibus,</strong></span> <span class='ocrx_word' id='word_1_372' title='bbox 1383 4908 1467 4953; x_wconf 93' lang='lat' dir='ltr'><strong>ne</strong></span> <span class='ocrx_word' id='word_1_373' title='bbox 1513 4885 1595 4952; x_wconf 90' lang='lat' dir='ltr'><strong>ad</strong></span> <span class='ocrx_word' id='word_1_374' title='bbox 1641 4885 2011 4952; x_wconf 86' lang='lat' dir='ltr'><strong>vexandam</strong></span> <span class='ocrx_word' id='word_1_375' title='bbox 2055 4884 2400 4952; x_wconf 90' lang='lat' dir='ltr'><strong>ecclesiam</strong></span> 
     </span>
     <span class='ocr_line' id='line_1_52' title="bbox 435 4968 2398 5061; baseline -0.008 -14"><span class='ocrx_word' id='word_1_376' title='bbox 435 4979 752 5047; x_wconf 82' lang='lat' dir='ltr'><strong>ecclesiae</strong></span> <span class='ocrx_word' id='word_1_377' title='bbox 811 4978 1045 5043; x_wconf 88' lang='lat' dir='ltr'><strong>saltem</strong></span> <span class='ocrx_word' id='word_1_378' title='bbox 1090 4977 1323 5061; x_wconf 89' lang='lat' dir='ltr'><strong>opibus</strong></span> <span class='ocrx_word' id='word_1_379' title='bbox 1370 4973 1610 5040; x_wconf 89' lang='lat' dir='ltr'><strong>armati</strong></span> <span class='ocrx_word' id='word_1_380' title='bbox 1653 4972 2088 5056; x_wconf 90' lang='lat' dir='ltr'><strong>instructique</strong></span> <span class='ocrx_word' id='word_1_381' title='bbox 2133 4968 2398 5037; x_wconf 80' lang='lat' dir='ltr'><strong>essent?</strong></span> 
     </span>
     <span class='ocr_line' id='line_1_53' title="bbox 435 5053 2402 5147; baseline -0.006 -15"><span class='ocrx_word' id='word_1_382' title='bbox 435 5065 789 5133; x_wconf 84' lang='lat' dir='ltr'><strong>Laudatur</strong></span> <span class='ocrx_word' id='word_1_383' title='bbox 831 5064 1107 5147; x_wconf 86' lang='lat' dir='ltr'><strong>spiritus</strong></span> <span class='ocrx_word' id='word_1_384' title='bbox 1154 5061 1367 5128; x_wconf 90' lang='lat' dir='ltr'><strong>sancti</strong></span> <span class='ocrx_word' id='word_1_385' title='bbox 1409 5059 1784 5125; x_wconf 89' lang='lat' dir='ltr'><strong>testimonio</strong></span> <span class='ocrx_word' id='word_1_386' title='bbox 1827 5081 1949 5124; x_wconf 82' lang='lat' dir='ltr'><strong>rex</strong></span> <span class='ocrx_word' id='word_1_387' title='bbox 1991 5058 2144 5124; x_wconf 88' lang='lat' dir='ltr'><strong>Ioas</strong></span> <span class='ocrx_word' id='word_1_388' title='bbox 2157 5108 2174 5138; x_wconf 93' lang='lat'><strong>,</strong></span> <span class='ocrx_word' id='word_1_389' title='bbox 2229 5053 2402 5140; x_wconf 87' lang='lat' dir='ltr'><strong>quod</strong></span> 
     </span>
    </p>
   </div>
   <div class='ocr_carea' id='block_1_5' title="bbox 439 5238 854 5251">
    <p class='ocr_par' dir='ltr' id='par_1_6' title="bbox 439 5238 854 5251">
     <span class='ocr_line' id='line_1_54' title="bbox 439 5238 854 5251; baseline 0 928"><span class='ocrx_word' id='word_1_390' title='bbox 439 5238 854 5251; x_wconf 95' lang='lat' dir='ltr'><strong> </strong></span> 
     </span>
    </p>
   </div>
   <div class='ocr_carea' id='block_1_6' title="bbox 584 5353 1664 5495">
    <p class='ocr_par' dir='ltr' id='par_1_7' title="bbox 584 5353 1664 5495">
     <span class='ocr_line' id='line_1_55' title="bbox 587 5353 1343 5479; baseline 0.001 -69"><span class='ocrx_word' id='word_1_391' title='bbox 587 5355 647 5421; x_wconf 87' lang='lat'><strong>1)</strong></span> <span class='ocrx_word' id='word_1_392' title='bbox 684 5356 994 5479; x_wconf 53' lang='lat' dir='ltr'><strong>Erofanant,</strong></span> <span class='ocrx_word' id='word_1_393' title='bbox 1030 5353 1166 5409; x_wconf 78' lang='lat'>1576</span> <span class='ocrx_word' id='word_1_394' title='bbox 1201 5371 1343 5437; x_wconf 76' lang='lat' dir='ltr'><strong>seqq.</strong></span> 
     </span>
     <span class='ocr_line' id='line_1_56' title="bbox 584 5418 1664 5495; baseline -0.005 -15"><span class='ocrx_word' id='word_1_395' title='bbox 584 5425 647 5492; x_wconf 80' lang='lat'><strong>2)</strong></span> <span class='ocrx_word' id='word_1_396' title='bbox 736 5426 918 5495; x_wconf 75' lang='lat' dir='ltr'><strong>pistol.</strong></span> <span class='ocrx_word' id='word_1_397' title='bbox 953 5425 1045 5479; x_wconf 88' lang='lat' dir='ltr'><strong>hb.</strong></span> <span class='ocrx_word' id='word_1_398' title='bbox 1082 5422 1132 5478; x_wconf 83' lang='lat'><strong>5.</strong></span> <span class='ocrx_word' id='word_1_399' title='bbox 1167 5425 1345 5495; x_wconf 75' lang='lat' dir='ltr'><strong>Epist.</strong></span> <span class='ocrx_word' id='word_1_400' title='bbox 1380 5422 1451 5478; x_wconf 87' lang='lat'><strong>31</strong></span> <span class='ocrx_word' id='word_1_401' title='bbox 1488 5430 1545 5478; x_wconf 88' lang='lat' dir='ltr'><strong>et</strong></span> <span class='ocrx_word' id='word_1_402' title='bbox 1578 5418 1664 5475; x_wconf 82' lang='lat'><strong>33.</strong></span> 
     </span>
    </p>
   </div>
   <div class='ocr_carea' id='block_1_7' title="bbox 1780 432 3095 546">
    <p class='ocr_par' dir='ltr' id='par_1_8' title="bbox 1780 432 3095 546">
     <span class='ocr_line' id='line_1_57' title="bbox 1780 432 3095 546; baseline -0.002 -1"><span class='ocrx_word' id='word_1_403' title='bbox 1780 432 2505 546; x_wconf 73' lang='lat' dir='ltr'><strong>REFORMANDAE</strong></span> <span class='ocrx_word' id='word_1_404' title='bbox 2550 476 3095 546; x_wconf 73' lang='lat' dir='ltr'><strong>EcoLEsIAE.</strong></span> 
     </span>
    </p>
   </div>
   <div class='ocr_carea' id='block_1_8' title="bbox 4324 489 4454 550">
    <p class='ocr_par' dir='ltr' id='par_1_9' title="bbox 4324 489 4454 550">
     <span class='ocr_line' id='line_1_58' title="bbox 4324 489 4454 550; baseline 0.008 -1"><span class='ocrx_word' id='word_1_405' title='bbox 4324 489 4454 550; x_wconf 81' lang='lat'><strong>518</strong></span> 
     </span>
    </p>
   </div>
   <div class='ocr_carea' id='block_1_9' title="bbox 2487 666 4544 5143">
    <p class='ocr_par' dir='ltr' id='par_1_10' title="bbox 2491 666 4544 1439">
     <span class='ocr_line' id='line_1_59' title="bbox 2492 666 4458 753; baseline 0.004 -22"><span class='ocrx_word' id='word_1_406' title='bbox 2492 688 2698 751; x_wconf 91' lang='lat' dir='ltr'><strong>quum</strong></span> <span class='ocrx_word' id='word_1_407' title='bbox 2741 688 2958 732; x_wconf 87' lang='lat' dir='ltr'><strong>sacras</strong></span> <span class='ocrx_word' id='word_1_408' title='bbox 3015 666 3378 734; x_wconf 87' lang='lat' dir='ltr'><strong>oblationes</strong></span> <span class='ocrx_word' id='word_1_409' title='bbox 3429 689 3775 753; x_wconf 88' lang='lat' dir='ltr'><strong>perperam</strong></span> <span class='ocrx_word' id='word_1_410' title='bbox 3818 672 4115 737; x_wconf 89' lang='lat' dir='ltr'><strong>consumi</strong></span> <span class='ocrx_word' id='word_1_411' title='bbox 4155 694 4197 738; x_wconf 90' lang='lat' dir='ltr'><strong>a</strong></span> <span class='ocrx_word' id='word_1_412' title='bbox 4240 693 4458 739; x_wconf 86' lang='lat' dir='ltr'><strong>sacer-</strong></span> 
     </span>
     <span class='ocr_line' id='line_1_60' title="bbox 2494 751 4544 843; baseline 0.004 -25"><span class='ocrx_word' id='word_1_413' title='bbox 2494 752 2752 819; x_wconf 86' lang='lat' dir='ltr'><strong>dotibus</strong></span> <span class='ocrx_word' id='word_1_414' title='bbox 2797 751 3383 834; x_wconf 88' lang='lat' dir='ltr'><strong>animadverteret,</strong></span> <span class='ocrx_word' id='word_1_415' title='bbox 3428 762 3839 838; x_wconf 87' lang='lat' dir='ltr'><strong>quaestorem</strong></span> <span class='ocrx_word' id='word_1_416' title='bbox 3866 758 3915 840; x_wconf 88' lang='lat'><strong>¹)</strong></span> <span class='ocrx_word' id='word_1_417' title='bbox 3960 779 4155 824; x_wconf 90' lang='lat' dir='ltr'><strong>suum</strong></span> <span class='ocrx_word' id='word_1_418' title='bbox 4198 760 4454 843; x_wconf 85' lang='lat' dir='ltr'><strong>praefe-</strong></span> <span class='ocrx_word' id='word_1_419' title='bbox 4538 827 4544 834; x_wconf 75' lang='grc'>,</span> 
     </span>
     <span class='ocr_line' id='line_1_61' title="bbox 2491 839 4451 927; baseline 0.003 -22"><span class='ocrx_word' id='word_1_420' title='bbox 2491 840 2657 905; x_wconf 88' lang='lat' dir='ltr'><strong>cerit</strong></span> <span class='ocrx_word' id='word_1_421' title='bbox 2699 839 3063 906; x_wconf 90' lang='lat' dir='ltr'><strong>rationibus</strong></span> <span class='ocrx_word' id='word_1_422' title='bbox 3105 841 3521 923; x_wconf 89' lang='lat' dir='ltr'><strong>reposcendis</strong></span> <span class='ocrx_word' id='word_1_423' title='bbox 3567 842 3635 922; x_wconf 85' lang='lat'><strong>(2</strong></span> <span class='ocrx_word' id='word_1_424' title='bbox 3674 843 3827 908; x_wconf 88' lang='lat' dir='ltr'><strong>Par.</strong></span> <span class='ocrx_word' id='word_1_425' title='bbox 3869 847 3971 923; x_wconf 81' lang='lat'><strong>24,</strong></span> <span class='ocrx_word' id='word_1_426' title='bbox 4016 845 4142 927; x_wconf 92' lang='grc'>11).</span> <span class='ocrx_word' id='word_1_427' title='bbox 4214 846 4309 910; x_wconf 87' lang='lat' dir='ltr'><strong>Et</strong></span> <span class='ocrx_word' id='word_1_428' title='bbox 4352 856 4451 910; x_wconf 81' lang='lat' dir='ltr'><strong>ta-</strong></span> 
     </span>
     <span class='ocr_line' id='line_1_62' title="bbox 2491 924 4452 1011; baseline 0.005 -23"><span class='ocrx_word' id='word_1_429' title='bbox 2491 945 2648 992; x_wconf 87' lang='lat' dir='ltr'><strong>men</strong></span> <span class='ocrx_word' id='word_1_430' title='bbox 2689 924 2788 990; x_wconf 90' lang='lat' dir='ltr'><strong>illi</strong></span> <span class='ocrx_word' id='word_1_431' title='bbox 2832 932 3020 990; x_wconf 88' lang='lat' dir='ltr'><strong>erant</strong></span> <span class='ocrx_word' id='word_1_432' title='bbox 3060 927 3458 1006; x_wconf 86' lang='lat' dir='ltr'><strong>sacerdotes,</strong></span> <span class='ocrx_word' id='word_1_433' title='bbox 3512 927 3750 1011; x_wconf 89' lang='lat' dir='ltr'><strong>quibus</strong></span> <span class='ocrx_word' id='word_1_434' title='bbox 3795 929 4197 995; x_wconf 86' lang='lat' dir='ltr'><strong>ordinariam</strong></span> <span class='ocrx_word' id='word_1_435' title='bbox 4241 929 4452 996; x_wconf 86' lang='lat' dir='ltr'><strong>admi-</strong></span> 
     </span>
     <span class='ocr_line' id='line_1_63' title="bbox 2493 1010 4448 1100; baseline 0.005 -26"><span class='ocrx_word' id='word_1_436' title='bbox 2493 1010 2955 1076; x_wconf 88' lang='lat' dir='ltr'><strong>nistrationem</strong></span> <span class='ocrx_word' id='word_1_437' title='bbox 2983 1012 3167 1078; x_wconf 89' lang='lat' dir='ltr'><strong>Deus</strong></span> <span class='ocrx_word' id='word_1_438' title='bbox 3220 1011 3667 1079; x_wconf 87' lang='lat' dir='ltr'><strong>mandaverat.</strong></span> <span class='ocrx_word' id='word_1_439' title='bbox 3739 1014 3918 1097; x_wconf 83' lang='lat' dir='ltr'><strong>Quid</strong></span> <span class='ocrx_word' id='word_1_440' title='bbox 3968 1036 4126 1100; x_wconf 88' lang='lat' dir='ltr'><strong>ergo</strong></span> <span class='ocrx_word' id='word_1_441' title='bbox 4171 1037 4324 1082; x_wconf 90' lang='lat' dir='ltr'><strong>cum</strong></span> <span class='ocrx_word' id='word_1_442' title='bbox 4366 1018 4448 1084; x_wconf 89' lang='lat' dir='ltr'><strong>iis</strong></span> 
     </span>
     <span class='ocr_line' id='line_1_64' title="bbox 2494 1096 4448 1186; baseline 0.004 -25"><span class='ocrx_word' id='word_1_443' title='bbox 2494 1096 2856 1181; x_wconf 89' lang='lat' dir='ltr'><strong>agendum,</strong></span> <span class='ocrx_word' id='word_1_444' title='bbox 2923 1098 3035 1181; x_wconf 91' lang='lat' dir='ltr'><strong>qui</strong></span> <span class='ocrx_word' id='word_1_445' title='bbox 3099 1120 3222 1165; x_wconf 91' lang='lat' dir='ltr'><strong>nec</strong></span> <span class='ocrx_word' id='word_1_446' title='bbox 3283 1099 3657 1184; x_wconf 84' lang='lat' dir='ltr'><strong>funguntur</strong></span> <span class='ocrx_word' id='word_1_447' title='bbox 3717 1101 4011 1186; x_wconf 87' lang='lat' dir='ltr'><strong>legitimo</strong></span> <span class='ocrx_word' id='word_1_448' title='bbox 4066 1104 4448 1182; x_wconf 78' lang='lat' dir='ltr'><strong>ministeriu,</strong></span> 
     </span>
     <span class='ocr_line' id='line_1_65' title="bbox 2493 1183 4449 1274; baseline 0.003 -27"><span class='ocrx_word' id='word_1_449' title='bbox 2493 1204 2616 1248; x_wconf 86' lang='lat' dir='ltr'><strong>nec</strong></span> <span class='ocrx_word' id='word_1_450' title='bbox 2661 1184 2890 1266; x_wconf 87' lang='lat' dir='ltr'><strong>templi</strong></span> <span class='ocrx_word' id='word_1_451' title='bbox 2944 1183 3136 1249; x_wconf 89' lang='lat' dir='ltr'><strong>modo</strong></span> <span class='ocrx_word' id='word_1_452' title='bbox 3193 1185 3772 1266; x_wconf 85' lang='lat' dir='ltr'><strong>instaurationem,</strong></span> <span class='ocrx_word' id='word_1_453' title='bbox 3834 1187 4003 1254; x_wconf 88' lang='lat' dir='ltr'><strong>sicut</strong></span> <span class='ocrx_word' id='word_1_454' title='bbox 4044 1188 4176 1268; x_wconf 90' lang='lat' dir='ltr'><strong>illi,</strong></span> <span class='ocrx_word' id='word_1_455' title='bbox 4238 1190 4449 1274; x_wconf 88' lang='lat' dir='ltr'><strong>negli-</strong></span> 
     </span>
     <span class='ocr_line' id='line_1_66' title="bbox 2493 1268 4450 1359; baseline 0.005 -27"><span class='ocrx_word' id='word_1_456' title='bbox 2493 1276 2691 1353; x_wconf 86' lang='lat' dir='ltr'><strong>gunt,</strong></span> <span class='ocrx_word' id='word_1_457' title='bbox 2738 1268 2853 1334; x_wconf 91' lang='lat' dir='ltr'><strong>sed</strong></span> <span class='ocrx_word' id='word_1_458' title='bbox 2897 1269 2981 1335; x_wconf 88' lang='lat' dir='ltr'><strong>ad</strong></span> <span class='ocrx_word' id='word_1_459' title='bbox 3025 1269 3419 1337; x_wconf 86' lang='lat' dir='ltr'><strong>diruendam</strong></span> <span class='ocrx_word' id='word_1_460' title='bbox 3462 1272 3801 1339; x_wconf 82' lang='lat' dir='ltr'><strong>ecclesiam</strong></span> <span class='ocrx_word' id='word_1_461' title='bbox 3844 1294 4115 1354; x_wconf 85' lang='lat' dir='ltr'><strong>nervos,</strong></span> <span class='ocrx_word' id='word_1_462' title='bbox 4162 1295 4450 1359; x_wconf 86' lang='lat' dir='ltr'><strong>opesque</strong></span> 
     </span>
     <span class='ocr_line' id='line_1_67' title="bbox 2492 1354 3197 1439; baseline 0 -19"><span class='ocrx_word' id='word_1_463' title='bbox 2492 1375 2722 1420; x_wconf 88' lang='grc'>01111100</span> <span class='ocrx_word' id='word_1_464' title='bbox 2763 1354 3197 1439; x_wconf 79' lang='lat' dir='ltr'><strong>impendunt?</strong></span> 
     </span>
    </p>

    <p class='ocr_par' dir='ltr' id='par_1_11' title="bbox 2487 1441 4467 4715">
     <span class='ocr_line' id='line_1_68' title="bbox 2662 1441 4449 1529; baseline 0.003 -24"><span class='ocrx_word' id='word_1_465' title='bbox 2662 1446 2812 1521; x_wconf 82' lang='lat' dir='ltr'><strong>[pag.</strong></span> <span class='ocrx_word' id='word_1_466' title='bbox 2867 1447 3015 1522; x_wconf 86' lang='lat'>113]</span> <span class='ocrx_word' id='word_1_467' title='bbox 3082 1441 3339 1508; x_wconf 86' lang='lat' dir='ltr'><strong>Ve&#39;rum</strong></span> <span class='ocrx_word' id='word_1_468' title='bbox 3404 1444 3885 1511; x_wconf 77' lang='lat' dir='ltr'><strong>administratio</strong></span> <span class='ocrx_word' id='word_1_469' title='bbox 3951 1445 4204 1529; x_wconf 81' lang='lat' dir='ltr'><strong>qualis?</strong></span> <span class='ocrx_word' id='word_1_470' title='bbox 4274 1445 4449 1512; x_wconf 87' lang='lat' dir='ltr'><strong>dicet</strong></span> 
     </span>
     <span class='ocr_line' id='line_1_69' title="bbox 2492 1526 4447 1615; baseline 0.003 -24"><span class='ocrx_word' id='word_1_471' title='bbox 2492 1528 2836 1611; x_wconf 88' lang='lat' dir='ltr'><strong>quispiam.</strong></span> <span class='ocrx_word' id='word_1_472' title='bbox 2926 1526 3136 1608; x_wconf 81' lang='lat' dir='ltr'><strong>Sane,</strong></span> <span class='ocrx_word' id='word_1_473' title='bbox 3183 1536 3265 1596; x_wconf 90' lang='lat' dir='ltr'><strong>ut</strong></span> <span class='ocrx_word' id='word_1_474' title='bbox 3304 1551 3436 1595; x_wconf 88' lang='grc'>1100</span> <span class='ocrx_word' id='word_1_475' title='bbox 3482 1531 3742 1615; x_wconf 89' lang='lat' dir='ltr'><strong>penitus</strong></span> <span class='ocrx_word' id='word_1_476' title='bbox 3785 1531 4296 1614; x_wconf 89' lang='lat' dir='ltr'><strong>reprehensione</strong></span> <span class='ocrx_word' id='word_1_477' title='bbox 4340 1552 4447 1597; x_wconf 88' lang='lat' dir='ltr'><strong>ca-</strong></span> 
     </span>
     <span class='ocr_line' id='line_1_70' title="bbox 2490 1613 4446 1700; baseline 0.002 -21"><span class='ocrx_word' id='word_1_478' title='bbox 2490 1621 2663 1691; x_wconf 88' lang='lat' dir='ltr'><strong>reat,</strong></span> <span class='ocrx_word' id='word_1_479' title='bbox 2722 1613 2919 1699; x_wconf 89' lang='lat' dir='ltr'><strong>longe</strong></span> <span class='ocrx_word' id='word_1_480' title='bbox 2966 1614 3206 1680; x_wconf 90' lang='lat' dir='ltr'><strong>saltem</strong></span> <span class='ocrx_word' id='word_1_481' title='bbox 3260 1621 3328 1681; x_wconf 90' lang='lat' dir='ltr'><strong>et</strong></span> <span class='ocrx_word' id='word_1_482' title='bbox 3378 1617 3613 1682; x_wconf 90' lang='lat' dir='ltr'><strong>melior</strong></span> <span class='ocrx_word' id='word_1_483' title='bbox 3657 1624 3723 1682; x_wconf 90' lang='lat' dir='ltr'><strong>et</strong></span> <span class='ocrx_word' id='word_1_484' title='bbox 3764 1618 4077 1696; x_wconf 87' lang='lat' dir='ltr'><strong>sanctior,</strong></span> <span class='ocrx_word' id='word_1_485' title='bbox 4131 1638 4330 1700; x_wconf 91' lang='lat' dir='ltr'><strong>quam</strong></span> <span class='ocrx_word' id='word_1_486' title='bbox 4372 1618 4446 1682; x_wconf 91' lang='lat' dir='ltr'><strong>in</strong></span> 
     </span>
     <span class='ocr_line' id='line_1_71' title="bbox 2491 1699 4443 1785; baseline 0.001 -21"><span class='ocrx_word' id='word_1_487' title='bbox 2491 1699 2785 1766; x_wconf 88' lang='lat' dir='ltr'><strong>hostium</strong></span> <span class='ocrx_word' id='word_1_488' title='bbox 2829 1711 3204 1767; x_wconf 86' lang='lat' dir='ltr'><strong>nostrorum</strong></span> <span class='ocrx_word' id='word_1_489' title='bbox 3259 1701 3576 1785; x_wconf 88' lang='lat' dir='ltr'><strong>partibus.</strong></span> <span class='ocrx_word' id='word_1_490' title='bbox 3665 1702 3834 1768; x_wconf 90' lang='lat' dir='ltr'><strong>Inde</strong></span> <span class='ocrx_word' id='word_1_491' title='bbox 3890 1702 4123 1769; x_wconf 88' lang='lat' dir='ltr'><strong>saltem</strong></span> <span class='ocrx_word' id='word_1_492' title='bbox 4167 1703 4443 1769; x_wconf 87' lang='lat' dir='ltr'><strong>aluntur</strong></span> 
     </span>
     <span class='ocr_line' id='line_1_72' title="bbox 2490 1785 4444 1873; baseline 0.002 -22"><span class='ocrx_word' id='word_1_493' title='bbox 2490 1785 2637 1851; x_wconf 88' lang='lat' dir='ltr'><strong>veri</strong></span> <span class='ocrx_word' id='word_1_494' title='bbox 2678 1785 2983 1866; x_wconf 90' lang='lat' dir='ltr'><strong>ministri,</strong></span> <span class='ocrx_word' id='word_1_495' title='bbox 3030 1787 3142 1870; x_wconf 91' lang='grc'>0111</span> <span class='ocrx_word' id='word_1_496' title='bbox 3173 1788 3486 1873; x_wconf 84' lang='lat' dir='ltr'><strong>populum</strong></span> <span class='ocrx_word' id='word_1_497' title='bbox 3536 1789 3768 1854; x_wconf 87' lang='lat' dir='ltr'><strong>salutis</strong></span> <span class='ocrx_word' id='word_1_498' title='bbox 3802 1788 4100 1855; x_wconf 88' lang='lat' dir='ltr'><strong>doctrina</strong></span> <span class='ocrx_word' id='word_1_499' title='bbox 4142 1799 4444 1873; x_wconf 81' lang='lat' dir='ltr'><strong>pascant:</strong></span> 
     </span>
     <span class='ocr_line' id='line_1_73' title="bbox 2487 1872 4450 1959; baseline 0.003 -22"><span class='ocrx_word' id='word_1_500' title='bbox 2487 1893 2695 1955; x_wconf 89' lang='lat' dir='ltr'><strong>quum</strong></span> <span class='ocrx_word' id='word_1_501' title='bbox 2737 1873 3019 1939; x_wconf 89' lang='lat' dir='ltr'><strong>antehae</strong></span> <span class='ocrx_word' id='word_1_502' title='bbox 3062 1872 3278 1939; x_wconf 89' lang='lat' dir='ltr'><strong>nudae</strong></span> <span class='ocrx_word' id='word_1_503' title='bbox 3333 1896 3409 1940; x_wconf 91' lang='lat' dir='ltr'><strong>ac</strong></span> <span class='ocrx_word' id='word_1_504' title='bbox 3453 1875 3805 1941; x_wconf 88' lang='lat' dir='ltr'><strong>destitutae</strong></span> <span class='ocrx_word' id='word_1_505' title='bbox 3849 1896 3889 1939; x_wconf 92' lang='lat' dir='ltr'><strong>a</strong></span> <span class='ocrx_word' id='word_1_506' title='bbox 3929 1877 4301 1959; x_wconf 89' lang='lat' dir='ltr'><strong>pastoribus</strong></span> <span class='ocrx_word' id='word_1_507' title='bbox 4344 1897 4450 1942; x_wconf 89' lang='lat' dir='ltr'><strong>ec-</strong></span> 
     </span>
     <span class='ocr_line' id='line_1_74' title="bbox 2492 1958 4452 2045; baseline 0.002 -22"><span class='ocrx_word' id='word_1_508' title='bbox 2492 1958 2760 2036; x_wconf 89' lang='lat' dir='ltr'><strong>clesiae,</strong></span> <span class='ocrx_word' id='word_1_509' title='bbox 2834 1965 3103 2043; x_wconf 90' lang='lat' dir='ltr'><strong>sumptu</strong></span> <span class='ocrx_word' id='word_1_510' title='bbox 3167 1966 3393 2025; x_wconf 89' lang='lat' dir='ltr'><strong>tamen</strong></span> <span class='ocrx_word' id='word_1_511' title='bbox 3457 1961 3922 2027; x_wconf 86' lang='lat' dir='ltr'><strong>alimentorum</strong></span> <span class='ocrx_word' id='word_1_512' title='bbox 3987 1969 4452 2045; x_wconf 87' lang='lat' dir='ltr'><strong>gravarentur.</strong></span> 
     </span>
     <span class='ocr_line' id='line_1_75' title="bbox 2491 2044 4452 2131; baseline 0.002 -21"><span class='ocrx_word' id='word_1_513' title='bbox 2491 2044 2884 2127; x_wconf 91' lang='lat' dir='ltr'><strong>Ubicunque</strong></span> <span class='ocrx_word' id='word_1_514' title='bbox 2949 2044 3211 2112; x_wconf 87' lang='lat' dir='ltr'><strong>scholae</strong></span> <span class='ocrx_word' id='word_1_515' title='bbox 3278 2054 3470 2111; x_wconf 88' lang='lat' dir='ltr'><strong>erant</strong></span> <span class='ocrx_word' id='word_1_516' title='bbox 3533 2057 3649 2112; x_wconf 89' lang='lat' dir='ltr'><strong>aut</strong></span> <span class='ocrx_word' id='word_1_517' title='bbox 3712 2046 4243 2131; x_wconf 89' lang='lat' dir='ltr'><strong>ptochotrophia,</strong></span> <span class='ocrx_word' id='word_1_518' title='bbox 4310 2069 4452 2114; x_wconf 90' lang='lat' dir='ltr'><strong>ma-</strong></span> 
     </span>
     <span class='ocr_line' id='line_1_76' title="bbox 2490 2131 4450 2217; baseline 0.002 -22"><span class='ocrx_word' id='word_1_519' title='bbox 2490 2136 2674 2195; x_wconf 89' lang='lat' dir='ltr'><strong>nent:</strong></span> <span class='ocrx_word' id='word_1_520' title='bbox 2736 2131 2913 2196; x_wconf 87' lang='lat' dir='ltr'><strong>aucti</strong></span> <span class='ocrx_word' id='word_1_521' title='bbox 2969 2133 3167 2198; x_wconf 91' lang='lat' dir='ltr'><strong>etiam</strong></span> <span class='ocrx_word' id='word_1_522' title='bbox 3222 2131 3464 2199; x_wconf 91' lang='lat' dir='ltr'><strong>alicubi</strong></span> <span class='ocrx_word' id='word_1_523' title='bbox 3518 2133 3796 2212; x_wconf 87' lang='lat' dir='ltr'><strong>reditus,</strong></span> <span class='ocrx_word' id='word_1_524' title='bbox 3862 2155 4190 2217; x_wconf 82' lang='lat' dir='ltr'><strong>nusquam</strong></span> <span class='ocrx_word' id='word_1_525' title='bbox 4233 2134 4450 2198; x_wconf 89' lang='lat' dir='ltr'><strong>immi-</strong></span> 
     </span>
     <span class='ocr_line' id='line_1_77' title="bbox 2492 2217 4451 2286; baseline 0.002 -5"><span class='ocrx_word' id='word_1_526' title='bbox 2492 2217 2654 2282; x_wconf 87' lang='lat' dir='ltr'><strong>nuti.</strong></span> <span class='ocrx_word' id='word_1_527' title='bbox 2745 2217 2978 2282; x_wconf 86' lang='lat' dir='ltr'><strong>Multis</strong></span> <span class='ocrx_word' id='word_1_528' title='bbox 3037 2218 3236 2284; x_wconf 86' lang='lat' dir='ltr'><strong>etiam</strong></span> <span class='ocrx_word' id='word_1_529' title='bbox 3290 2218 3449 2285; x_wconf 89' lang='lat' dir='ltr'><strong>locis</strong></span> <span class='ocrx_word' id='word_1_530' title='bbox 3505 2220 3578 2284; x_wconf 93' lang='lat' dir='ltr'><strong>in</strong></span> <span class='ocrx_word' id='word_1_531' title='bbox 3635 2220 3847 2286; x_wconf 89' lang='lat' dir='ltr'><strong>vicem</strong></span> <span class='ocrx_word' id='word_1_532' title='bbox 3898 2220 4451 2285; x_wconf 88' lang='lat' dir='ltr'><strong>monasteriorum</strong></span> 
     </span>
     <span class='ocr_line' id='line_1_78' title="bbox 2492 2303 4454 2389; baseline 0.002 -22"><span class='ocrx_word' id='word_1_533' title='bbox 2492 2304 2797 2368; x_wconf 87' lang='lat' dir='ltr'><strong>instituta</strong></span> <span class='ocrx_word' id='word_1_534' title='bbox 2839 2303 3366 2388; x_wconf 85' lang='lat' dir='ltr'><strong>ptochotrophia,</strong></span> <span class='ocrx_word' id='word_1_535' title='bbox 3413 2326 3579 2389; x_wconf 87' lang='lat' dir='ltr'><strong>quae</strong></span> <span class='ocrx_word' id='word_1_536' title='bbox 3624 2318 3777 2371; x_wconf 86' lang='lat' dir='ltr'><strong>ante</strong></span> <span class='ocrx_word' id='word_1_537' title='bbox 3822 2325 3957 2370; x_wconf 93' lang='lat' dir='ltr'><strong>non</strong></span> <span class='ocrx_word' id='word_1_538' title='bbox 3996 2305 4283 2385; x_wconf 89' lang='lat' dir='ltr'><strong>fuerant,</strong></span> <span class='ocrx_word' id='word_1_539' title='bbox 4332 2305 4454 2370; x_wconf 89' lang='grc'>011-</span> 
     </span>
     <span class='ocr_line' id='line_1_79' title="bbox 2494 2387 4456 2474; baseline 0.001 -20"><span class='ocrx_word' id='word_1_540' title='bbox 2494 2387 2646 2455; x_wconf 89' lang='lat' dir='ltr'><strong>cubi</strong></span> <span class='ocrx_word' id='word_1_541' title='bbox 2689 2389 2888 2455; x_wconf 89' lang='lat' dir='ltr'><strong>etiam</strong></span> <span class='ocrx_word' id='word_1_542' title='bbox 2932 2398 3185 2456; x_wconf 86' lang='lat' dir='ltr'><strong>erectae</strong></span> <span class='ocrx_word' id='word_1_543' title='bbox 3220 2410 3430 2457; x_wconf 88' lang='lat' dir='ltr'><strong>novae</strong></span> <span class='ocrx_word' id='word_1_544' title='bbox 3473 2391 3752 2471; x_wconf 87' lang='lat' dir='ltr'><strong>scholae,</strong></span> <span class='ocrx_word' id='word_1_545' title='bbox 3800 2392 3911 2457; x_wconf 89' lang='lat' dir='ltr'><strong>ubi</strong></span> <span class='ocrx_word' id='word_1_546' title='bbox 3946 2410 4081 2455; x_wconf 91' lang='lat' dir='ltr'><strong>non</strong></span> <span class='ocrx_word' id='word_1_547' title='bbox 4116 2391 4456 2474; x_wconf 84' lang='lat' dir='ltr'><strong>magistris</strong></span> 
     </span>
     <span class='ocr_line' id='line_1_80' title="bbox 2495 2476 4455 2561; baseline 0.001 -22"><span class='ocrx_word' id='word_1_548' title='bbox 2495 2483 2757 2542; x_wconf 87' lang='lat' dir='ltr'><strong>tantum</strong></span> <span class='ocrx_word' id='word_1_549' title='bbox 2805 2476 3110 2542; x_wconf 79' lang='lat' dir='ltr'><strong>ordinata</strong></span> <span class='ocrx_word' id='word_1_550' title='bbox 3162 2486 3320 2543; x_wconf 90' lang='lat' dir='ltr'><strong>sunt</strong></span> <span class='ocrx_word' id='word_1_551' title='bbox 3376 2478 3730 2561; x_wconf 87' lang='lat' dir='ltr'><strong>stipendia,</strong></span> <span class='ocrx_word' id='word_1_552' title='bbox 3786 2477 3903 2543; x_wconf 89' lang='lat' dir='ltr'><strong>sed</strong></span> <span class='ocrx_word' id='word_1_553' title='bbox 3958 2477 4145 2560; x_wconf 91' lang='lat' dir='ltr'><strong>pueri</strong></span> <span class='ocrx_word' id='word_1_554' title='bbox 4198 2497 4455 2560; x_wconf 90' lang='lat' dir='ltr'><strong>quoque</strong></span> 
     </span>
     <span class='ocr_line' id='line_1_81' title="bbox 2493 2562 4454 2647; baseline -0.001 -19"><span class='ocrx_word' id='word_1_555' title='bbox 2493 2563 2567 2628; x_wconf 84' lang='lat' dir='ltr'><strong>in</strong></span> <span class='ocrx_word' id='word_1_556' title='bbox 2603 2584 2748 2628; x_wconf 90' lang='lat' dir='ltr'><strong>eam</strong></span> <span class='ocrx_word' id='word_1_557' title='bbox 2784 2584 2968 2646; x_wconf 91' lang='lat' dir='ltr'><strong>spem</strong></span> <span class='ocrx_word' id='word_1_558' title='bbox 3005 2563 3385 2642; x_wconf 87' lang='lat' dir='ltr'><strong>educantur,</strong></span> <span class='ocrx_word' id='word_1_559' title='bbox 3432 2571 3508 2628; x_wconf 90' lang='lat' dir='ltr'><strong>ut</strong></span> <span class='ocrx_word' id='word_1_560' title='bbox 3540 2572 3766 2647; x_wconf 82' lang='lat' dir='ltr'><strong>postea</strong></span> <span class='ocrx_word' id='word_1_561' title='bbox 3800 2562 4110 2628; x_wconf 87' lang='lat' dir='ltr'><strong>ecclesiae</strong></span> <span class='ocrx_word' id='word_1_562' title='bbox 4145 2563 4454 2629; x_wconf 87' lang='lat' dir='ltr'><strong>serviant.</strong></span> 
     </span>
     <span class='ocr_line' id='line_1_82' title="bbox 2493 2648 4456 2732; baseline -0.001 -18"><span class='ocrx_word' id='word_1_563' title='bbox 2493 2648 2801 2732; x_wconf 89' lang='lat' dir='ltr'><strong>Denique</strong></span> <span class='ocrx_word' id='word_1_564' title='bbox 2865 2649 3078 2715; x_wconf 89' lang='lat' dir='ltr'><strong>multa</strong></span> <span class='ocrx_word' id='word_1_565' title='bbox 3141 2649 3482 2716; x_wconf 88' lang='lat' dir='ltr'><strong>commoda</strong></span> <span class='ocrx_word' id='word_1_566' title='bbox 3541 2650 3616 2714; x_wconf 91' lang='lat' dir='ltr'><strong>in</strong></span> <span class='ocrx_word' id='word_1_567' title='bbox 3681 2670 4030 2716; x_wconf 87' lang='lat' dir='ltr'><strong>commune</strong></span> <span class='ocrx_word' id='word_1_568' title='bbox 4084 2648 4456 2732; x_wconf 87' lang='lat' dir='ltr'><strong>percipiunt</strong></span> 
     </span>
     <span class='ocr_line' id='line_1_83' title="bbox 2492 2734 4457 2819; baseline -0.002 -18"><span class='ocrx_word' id='word_1_569' title='bbox 2492 2735 2804 2802; x_wconf 88' lang='lat' dir='ltr'><strong>ecclesiae</strong></span> <span class='ocrx_word' id='word_1_570' title='bbox 2848 2757 2933 2800; x_wconf 88' lang='grc'><strong>01</strong></span> <span class='ocrx_word' id='word_1_571' title='bbox 2973 2735 3055 2802; x_wconf 79' lang='lat' dir='ltr'><strong>iis</strong></span> <span class='ocrx_word' id='word_1_572' title='bbox 3097 2736 3347 2818; x_wconf 91' lang='lat' dir='ltr'><strong>opibus,</strong></span> <span class='ocrx_word' id='word_1_573' title='bbox 3395 2757 3557 2819; x_wconf 88' lang='lat' dir='ltr'><strong>quas</strong></span> <span class='ocrx_word' id='word_1_574' title='bbox 3611 2734 3983 2802; x_wconf 86' lang='lat' dir='ltr'><strong>sacerdotes</strong></span> <span class='ocrx_word' id='word_1_575' title='bbox 4041 2744 4107 2799; x_wconf 90' lang='lat' dir='ltr'><strong>et</strong></span> <span class='ocrx_word' id='word_1_576' title='bbox 4150 2734 4457 2800; x_wconf 87' lang='lat' dir='ltr'><strong>monachi</strong></span> 
     </span>
     <span class='ocr_line' id='line_1_84' title="bbox 2496 2820 4456 2906; baseline -0.001 -19"><span class='ocrx_word' id='word_1_577' title='bbox 2496 2823 2678 2905; x_wconf 92' lang='lat' dir='ltr'><strong>prius</strong></span> <span class='ocrx_word' id='word_1_578' title='bbox 2756 2821 2880 2887; x_wconf 91' lang='lat' dir='ltr'><strong>soli</strong></span> <span class='ocrx_word' id='word_1_579' title='bbox 2942 2821 3400 2888; x_wconf 87' lang='lat' dir='ltr'><strong>heluabantur.</strong></span> <span class='ocrx_word' id='word_1_580' title='bbox 3492 2821 3722 2906; x_wconf 91' lang='lat' dir='ltr'><strong>Neque</strong></span> <span class='ocrx_word' id='word_1_581' title='bbox 3800 2823 4041 2905; x_wconf 79' lang='lat' dir='ltr'><strong>exigua</strong></span> <span class='ocrx_word' id='word_1_582' title='bbox 4103 2820 4317 2904; x_wconf 91' lang='lat' dir='ltr'><strong>portio</strong></span> <span class='ocrx_word' id='word_1_583' title='bbox 4382 2822 4456 2885; x_wconf 90' lang='lat' dir='ltr'><strong>in</strong></span> 
     </span>
     <span class='ocr_line' id='line_1_85' title="bbox 2496 2905 4455 2990; baseline -0.002 -17"><span class='ocrx_word' id='word_1_584' title='bbox 2496 2913 2798 2990; x_wconf 89' lang='lat' dir='ltr'><strong>sumptus</strong></span> <span class='ocrx_word' id='word_1_585' title='bbox 2849 2907 3399 2975; x_wconf 86' lang='lat' dir='ltr'><strong>extraordinarios</strong></span> <span class='ocrx_word' id='word_1_586' title='bbox 3456 2906 3849 2974; x_wconf 85' lang='lat' dir='ltr'><strong>absumitur:</strong></span> <span class='ocrx_word' id='word_1_587' title='bbox 3908 2905 4023 2989; x_wconf 89' lang='lat' dir='ltr'><strong>qui</strong></span> <span class='ocrx_word' id='word_1_588' title='bbox 4074 2915 4299 2972; x_wconf 89' lang='lat' dir='ltr'><strong>tamen</strong></span> <span class='ocrx_word' id='word_1_589' title='bbox 4341 2927 4455 2989; x_wconf 91' lang='lat' dir='ltr'><strong>op-</strong></span> 
     </span>
     <span class='ocr_line' id='line_1_86' title="bbox 2497 2994 4453 3071; baseline -0.001 -13"><span class='ocrx_word' id='word_1_590' title='bbox 2497 2995 2659 3059; x_wconf 85' lang='lat' dir='ltr'><strong>timo</strong></span> <span class='ocrx_word' id='word_1_591' title='bbox 2702 2994 2851 3059; x_wconf 91' lang='lat' dir='ltr'><strong>iure</strong></span> <span class='ocrx_word' id='word_1_592' title='bbox 2903 2994 2974 3059; x_wconf 92' lang='lat' dir='ltr'><strong>in</strong></span> <span class='ocrx_word' id='word_1_593' title='bbox 3020 2995 3341 3060; x_wconf 87' lang='lat' dir='ltr'><strong>rationem</strong></span> <span class='ocrx_word' id='word_1_594' title='bbox 3396 2995 3623 3060; x_wconf 89' lang='lat' dir='ltr'><strong>venire</strong></span> <span class='ocrx_word' id='word_1_595' title='bbox 3667 2995 3921 3060; x_wconf 88' lang='lat' dir='ltr'><strong>debent.</strong></span> <span class='ocrx_word' id='word_1_596' title='bbox 4012 2996 4293 3058; x_wconf 83' lang='lat' dir='ltr'><strong>Certum</strong></span> <span class='ocrx_word' id='word_1_597' title='bbox 4335 3003 4453 3071; x_wconf 88' lang='lat' dir='ltr'><strong>est,</strong></span> 
     </span>
     <span class='ocr_line' id='line_1_87' title="bbox 2497 3080 4456 3163; baseline -0.001 -16"><span class='ocrx_word' id='word_1_598' title='bbox 2497 3080 2705 3147; x_wconf 89' lang='lat' dir='ltr'><strong>multo</strong></span> <span class='ocrx_word' id='word_1_599' title='bbox 2760 3080 2912 3163; x_wconf 90' lang='lat' dir='ltr'><strong>plus</strong></span> <span class='ocrx_word' id='word_1_600' title='bbox 2966 3080 3294 3160; x_wconf 90' lang='lat' dir='ltr'><strong>consumi,</strong></span> <span class='ocrx_word' id='word_1_601' title='bbox 3362 3080 3557 3147; x_wconf 89' lang='lat' dir='ltr'><strong>rebus</strong></span> <span class='ocrx_word' id='word_1_602' title='bbox 3609 3081 3705 3147; x_wconf 85' lang='lat' dir='ltr'><strong>ita</strong></span> <span class='ocrx_word' id='word_1_603' title='bbox 3760 3080 4075 3160; x_wconf 81' lang='lat' dir='ltr'><strong>confusis,</strong></span> <span class='ocrx_word' id='word_1_604' title='bbox 4143 3101 4343 3163; x_wconf 90' lang='lat' dir='ltr'><strong>quam</strong></span> <span class='ocrx_word' id='word_1_605' title='bbox 4399 3081 4456 3146; x_wconf 88' lang='lat' dir='ltr'><strong>si</strong></span> 
     </span>
     <span class='ocr_line' id='line_1_88' title="bbox 2501 3166 4457 3250; baseline -0.001 -17"><span class='ocrx_word' id='word_1_606' title='bbox 2501 3167 2860 3250; x_wconf 89' lang='lat' dir='ltr'><strong>composito</strong></span> <span class='ocrx_word' id='word_1_607' title='bbox 2914 3176 3091 3245; x_wconf 83' lang='lat' dir='ltr'><strong>certo</strong></span> <span class='ocrx_word' id='word_1_608' title='bbox 3148 3167 3375 3233; x_wconf 91' lang='lat' dir='ltr'><strong>ordine</strong></span> <span class='ocrx_word' id='word_1_609' title='bbox 3440 3168 3617 3233; x_wconf 88' lang='lat' dir='ltr'><strong>inter</strong></span> <span class='ocrx_word' id='word_1_610' title='bbox 3681 3167 3987 3234; x_wconf 87' lang='lat' dir='ltr'><strong>ecclesias</strong></span> <span class='ocrx_word' id='word_1_611' title='bbox 4054 3166 4457 3234; x_wconf 88' lang='lat' dir='ltr'><strong>conveniret.</strong></span> 
     </span>
     <span class='ocr_line' id='line_1_89' title="bbox 2499 3250 4463 3338; baseline -0.002 -19"><span class='ocrx_word' id='word_1_612' title='bbox 2499 3252 2847 3319; x_wconf 84' lang='lat' dir='ltr'><strong>Eiusmodi</strong></span> <span class='ocrx_word' id='word_1_613' title='bbox 2904 3254 3268 3337; x_wconf 88' lang='lat' dir='ltr'><strong>impensas,</strong></span> <span class='ocrx_word' id='word_1_614' title='bbox 3337 3275 3507 3336; x_wconf 90' lang='lat' dir='ltr'><strong>quae</strong></span> <span class='ocrx_word' id='word_1_615' title='bbox 3574 3276 3707 3320; x_wconf 92' lang='lat' dir='ltr'><strong>non</strong></span> <span class='ocrx_word' id='word_1_616' title='bbox 3772 3253 4017 3338; x_wconf 87' lang='lat' dir='ltr'><strong>privati</strong></span> <span class='ocrx_word' id='word_1_617' title='bbox 4091 3250 4463 3336; x_wconf 88' lang='lat' dir='ltr'><strong>compendii</strong></span> 
     </span>
     <span class='ocr_line' id='line_1_90' title="bbox 2499 3339 4464 3425; baseline -0.002 -19"><span class='ocrx_word' id='word_1_618' title='bbox 2499 3340 2745 3424; x_wconf 87' lang='lat' dir='ltr'><strong>gratia,</strong></span> <span class='ocrx_word' id='word_1_619' title='bbox 2823 3339 2939 3404; x_wconf 92' lang='lat' dir='ltr'><strong>sed</strong></span> <span class='ocrx_word' id='word_1_620' title='bbox 3029 3342 3101 3405; x_wconf 92' lang='lat' dir='ltr'><strong>in</strong></span> <span class='ocrx_word' id='word_1_621' title='bbox 3179 3339 3510 3425; x_wconf 88' lang='lat' dir='ltr'><strong>publicam</strong></span> <span class='ocrx_word' id='word_1_622' title='bbox 3595 3339 3909 3407; x_wconf 89' lang='lat' dir='ltr'><strong>ecclesiae</strong></span> <span class='ocrx_word' id='word_1_623' title='bbox 4001 3339 4464 3406; x_wconf 84' lang='lat' dir='ltr'><strong>necessitatem</strong></span> 
     </span>
     <span class='ocr_line' id='line_1_91' title="bbox 2501 3425 4464 3510; baseline -0.001 -19"><span class='ocrx_word' id='word_1_624' title='bbox 2501 3428 2699 3506; x_wconf 90' lang='lat' dir='ltr'><strong>fiunt,</strong></span> <span class='ocrx_word' id='word_1_625' title='bbox 2770 3425 3012 3492; x_wconf 89' lang='lat' dir='ltr'><strong>nostris</strong></span> <span class='ocrx_word' id='word_1_626' title='bbox 3068 3425 3477 3510; x_wconf 89' lang='lat' dir='ltr'><strong>principibus</strong></span> <span class='ocrx_word' id='word_1_627' title='bbox 3538 3448 3613 3493; x_wconf 90' lang='lat' dir='ltr'><strong>ac</strong></span> <span class='ocrx_word' id='word_1_628' title='bbox 3665 3425 4048 3493; x_wconf 88' lang='lat' dir='ltr'><strong>civitatibus</strong></span> <span class='ocrx_word' id='word_1_629' title='bbox 4105 3447 4239 3490; x_wconf 92' lang='lat' dir='ltr'><strong>non</strong></span> <span class='ocrx_word' id='word_1_630' title='bbox 4304 3425 4464 3490; x_wconf 86' lang='lat' dir='ltr'><strong>ferri</strong></span> 
     </span>
     <span class='ocr_line' id='line_1_92' title="bbox 2502 3513 4467 3597; baseline -0.001 -19"><span class='ocrx_word' id='word_1_631' title='bbox 2502 3533 2854 3595; x_wconf 84' lang='lat' dir='ltr'><strong>expensas,</strong></span> <span class='ocrx_word' id='word_1_632' title='bbox 2916 3531 3234 3597; x_wconf 91' lang='lat' dir='ltr'><strong>perquam</strong></span> <span class='ocrx_word' id='word_1_633' title='bbox 3286 3513 3594 3596; x_wconf 86' lang='lat' dir='ltr'><strong>iniquum</strong></span> <span class='ocrx_word' id='word_1_634' title='bbox 3644 3514 3832 3578; x_wconf 82' lang='lat' dir='ltr'><strong>foret.</strong></span> <span class='ocrx_word' id='word_1_635' title='bbox 3919 3513 4280 3578; x_wconf 88' lang='lat' dir='ltr'><strong>Praeterea</strong></span> <span class='ocrx_word' id='word_1_636' title='bbox 4331 3532 4467 3576; x_wconf 90' lang='lat' dir='ltr'><strong>non</strong></span> 
     </span>
     <span class='ocr_line' id='line_1_93' title="bbox 2501 3597 4464 3683; baseline -0.001 -19"><span class='ocrx_word' id='word_1_637' title='bbox 2501 3597 2879 3664; x_wconf 87' lang='lat' dir='ltr'><strong>subducunt</strong></span> <span class='ocrx_word' id='word_1_638' title='bbox 2922 3598 3284 3666; x_wconf 88' lang='lat' dir='ltr'><strong>adversarii</strong></span> <span class='ocrx_word' id='word_1_639' title='bbox 3327 3599 3595 3683; x_wconf 88' lang='lat' dir='ltr'><strong>rapinas</strong></span> <span class='ocrx_word' id='word_1_640' title='bbox 3638 3598 3789 3665; x_wconf 87' lang='lat' dir='ltr'><strong>illas</strong></span> <span class='ocrx_word' id='word_1_641' title='bbox 3833 3605 3902 3662; x_wconf 94' lang='lat' dir='ltr'><strong>et</strong></span> <span class='ocrx_word' id='word_1_642' title='bbox 3943 3598 4237 3663; x_wconf 88' lang='lat' dir='ltr'><strong>iniustas.</strong></span> <span class='ocrx_word' id='word_1_643' title='bbox 4268 3618 4464 3663; x_wconf 82' lang='lat' dir='ltr'><strong>exac-</strong></span> 
     </span>
     <span class='ocr_line' id='line_1_94' title="bbox 2503 3683 4461 3769; baseline -0.001 -20"><span class='ocrx_word' id='word_1_644' title='bbox 2503 3686 2731 3764; x_wconf 90' lang='lat' dir='ltr'><strong>tiones,</strong></span> <span class='ocrx_word' id='word_1_645' title='bbox 2761 3683 2998 3768; x_wconf 88' lang='lat' dir='ltr'><strong>quibus</strong></span> <span class='ocrx_word' id='word_1_646' title='bbox 3033 3685 3342 3751; x_wconf 91' lang='lat' dir='ltr'><strong>ecclesiae</strong></span> <span class='ocrx_word' id='word_1_647' title='bbox 3386 3684 3507 3751; x_wconf 92' lang='lat' dir='ltr'><strong>sub</strong></span> <span class='ocrx_word' id='word_1_648' title='bbox 3551 3685 3863 3752; x_wconf 88' lang='lat' dir='ltr'><strong>sacrificis</strong></span> <span class='ocrx_word' id='word_1_649' title='bbox 3877 3686 3936 3769; x_wconf 80' lang='lat'><strong>²)</strong></span> <span class='ocrx_word' id='word_1_650' title='bbox 3983 3684 4461 3769; x_wconf 81' lang='lat' dir='ltr'><strong>expilabantur,</strong></span> 
     </span>
     <span class='ocr_line' id='line_1_95' title="bbox 2501 3768 4464 3839; baseline -0.001 -4"><span class='ocrx_word' id='word_1_651' title='bbox 2501 3792 2680 3837; x_wconf 89' lang='lat' dir='ltr'><strong>nunc</strong></span> <span class='ocrx_word' id='word_1_652' title='bbox 2750 3780 2974 3837; x_wconf 89' lang='lat' dir='ltr'><strong>autem</strong></span> <span class='ocrx_word' id='word_1_653' title='bbox 3053 3776 3213 3837; x_wconf 86' lang='lat' dir='ltr'><strong>sunt</strong></span> <span class='ocrx_word' id='word_1_654' title='bbox 3285 3771 3681 3839; x_wconf 87' lang='lat' dir='ltr'><strong>sublevatae.</strong></span> <span class='ocrx_word' id='word_1_655' title='bbox 3781 3771 3823 3835; x_wconf 81' lang='lat' dir='ltr'>V</span> <span class='ocrx_word' id='word_1_656' title='bbox 3841 3792 4027 3836; x_wconf 89' lang='lat' dir='ltr'><strong>erum</strong></span> <span class='ocrx_word' id='word_1_657' title='bbox 4104 3768 4185 3834; x_wconf 92' lang='lat' dir='ltr'><strong>ob</strong></span> <span class='ocrx_word' id='word_1_658' title='bbox 4261 3789 4464 3833; x_wconf 90' lang='lat' dir='ltr'><strong>unam</strong></span> 
     </span>
     <span class='ocr_line' id='line_1_96' title="bbox 2502 3855 4460 3941; baseline -0.002 -18"><span class='ocrx_word' id='word_1_659' title='bbox 2502 3877 2768 3923; x_wconf 85' lang='lat' dir='ltr'><strong>causam</strong></span> <span class='ocrx_word' id='word_1_660' title='bbox 2813 3878 3020 3941; x_wconf 90' lang='lat' dir='ltr'><strong>prope</strong></span> <span class='ocrx_word' id='word_1_661' title='bbox 3063 3877 3469 3941; x_wconf 83' lang='lat' dir='ltr'><strong>supervacua</strong></span> <span class='ocrx_word' id='word_1_662' title='bbox 3524 3866 3627 3923; x_wconf 88' lang='lat' dir='ltr'><strong>est</strong></span> <span class='ocrx_word' id='word_1_663' title='bbox 3671 3866 3810 3923; x_wconf 86' lang='lat' dir='ltr'><strong>tota</strong></span> <span class='ocrx_word' id='word_1_664' title='bbox 3865 3855 4028 3921; x_wconf 87' lang='lat' dir='ltr'><strong>haec</strong></span> <span class='ocrx_word' id='word_1_665' title='bbox 4077 3855 4460 3938; x_wconf 87' lang='lat' dir='ltr'><strong>disputatio:</strong></span> 
     </span>
     <span class='ocr_line' id='line_1_97' title="bbox 2499 3939 4457 4027; baseline -0.003 -18"><span class='ocrx_word' id='word_1_666' title='bbox 2499 3942 2673 4027; x_wconf 89' lang='lat' dir='ltr'><strong>quod</strong></span> <span class='ocrx_word' id='word_1_667' title='bbox 2726 3944 2861 4009; x_wconf 87' lang='lat' dir='ltr'><strong>iam</strong></span> <span class='ocrx_word' id='word_1_668' title='bbox 2908 3952 3061 4009; x_wconf 92' lang='lat' dir='ltr'><strong>ante</strong></span> <span class='ocrx_word' id='word_1_669' title='bbox 3104 3944 3462 4010; x_wconf 89' lang='lat' dir='ltr'><strong>triennium</strong></span> <span class='ocrx_word' id='word_1_670' title='bbox 3505 3944 3727 4009; x_wconf 86' lang='lat' dir='ltr'><strong>testati</strong></span> <span class='ocrx_word' id='word_1_671' title='bbox 3781 3943 3916 4007; x_wconf 90' lang='lat' dir='ltr'><strong>sint</strong></span> <span class='ocrx_word' id='word_1_672' title='bbox 3959 3942 4166 4007; x_wconf 90' lang='lat' dir='ltr'><strong>nostri</strong></span> <span class='ocrx_word' id='word_1_673' title='bbox 4210 3939 4457 4022; x_wconf 90' lang='lat' dir='ltr'><strong>princi-</strong></span> 
     </span>
     <span class='ocr_line' id='line_1_98' title="bbox 2502 4026 4457 4113; baseline -0.003 -17"><span class='ocrx_word' id='word_1_674' title='bbox 2502 4051 2635 4113; x_wconf 89' lang='lat' dir='ltr'><strong>pes,</strong></span> <span class='ocrx_word' id='word_1_675' title='bbox 2682 4051 2936 4095; x_wconf 89' lang='lat' dir='ltr'><strong>moram</strong></span> <span class='ocrx_word' id='word_1_676' title='bbox 2979 4051 3050 4095; x_wconf 92' lang='lat' dir='ltr'><strong>se</strong></span> <span class='ocrx_word' id='word_1_677' title='bbox 3093 4035 3241 4110; x_wconf 81' lang='lat' dir='ltr'><strong>[pag.</strong></span> <span class='ocrx_word' id='word_1_678' title='bbox 3288 4034 3432 4109; x_wconf 85' lang='lat'>114]</span> <span class='ocrx_word' id='word_1_679' title='bbox 3476 4029 3730 4094; x_wconf 89' lang='lat' dir='ltr'><strong>nullam</strong></span> <span class='ocrx_word' id='word_1_680' title='bbox 3764 4030 3836 4093; x_wconf 91' lang='lat' dir='ltr'><strong>in</strong></span> <span class='ocrx_word' id='word_1_681' title='bbox 3872 4028 4290 4093; x_wconf 86' lang='lat' dir='ltr'><strong>restitutione</strong></span> <span class='ocrx_word' id='word_1_682' title='bbox 4325 4026 4457 4092; x_wconf 87' lang='lat' dir='ltr'><strong>fac-</strong></span> 
     </span>
     <span class='ocr_line' id='line_1_99' title="bbox 2502 4113 4456 4198; baseline -0.003 -16"><span class='ocrx_word' id='word_1_683' title='bbox 2502 4124 2717 4196; x_wconf 89' lang='lat' dir='ltr'><strong>turos,</strong></span> <span class='ocrx_word' id='word_1_684' title='bbox 2763 4114 2954 4181; x_wconf 89' lang='lat' dir='ltr'><strong>modo</strong></span> <span class='ocrx_word' id='word_1_685' title='bbox 2999 4115 3072 4179; x_wconf 91' lang='lat' dir='ltr'><strong>in</strong></span> <span class='ocrx_word' id='word_1_686' title='bbox 3117 4114 3400 4180; x_wconf 90' lang='lat' dir='ltr'><strong>eundem</strong></span> <span class='ocrx_word' id='word_1_687' title='bbox 3449 4137 3521 4181; x_wconf 90' lang='lat' dir='ltr'><strong>se</strong></span> <span class='ocrx_word' id='word_1_688' title='bbox 3565 4113 3872 4180; x_wconf 90' lang='lat' dir='ltr'><strong>ordinem</strong></span> <span class='ocrx_word' id='word_1_689' title='bbox 3912 4115 4056 4198; x_wconf 90' lang='lat' dir='ltr'><strong>cogi</strong></span> <span class='ocrx_word' id='word_1_690' title='bbox 4102 4115 4456 4197; x_wconf 88' lang='lat' dir='ltr'><strong>patiantur,</strong></span> 
     </span>
     <span class='ocr_line' id='line_1_100' title="bbox 2501 4199 4462 4286; baseline -0.003 -18"><span class='ocrx_word' id='word_1_691' title='bbox 2501 4204 2612 4286; x_wconf 91' lang='lat' dir='ltr'><strong>qui</strong></span> <span class='ocrx_word' id='word_1_692' title='bbox 2658 4208 2725 4268; x_wconf 92' lang='lat' dir='ltr'><strong>et</strong></span> <span class='ocrx_word' id='word_1_693' title='bbox 2767 4200 3047 4286; x_wconf 88' lang='lat' dir='ltr'><strong>amplius</strong></span> <span class='ocrx_word' id='word_1_694' title='bbox 3098 4200 3337 4281; x_wconf 89' lang='lat' dir='ltr'><strong>multo,</strong></span> <span class='ocrx_word' id='word_1_695' title='bbox 3392 4200 3589 4284; x_wconf 92' lang='lat' dir='ltr'><strong>idque</strong></span> <span class='ocrx_word' id='word_1_696' title='bbox 3639 4201 3858 4266; x_wconf 89' lang='lat' dir='ltr'><strong>minus</strong></span> <span class='ocrx_word' id='word_1_697' title='bbox 3914 4200 4190 4266; x_wconf 89' lang='lat' dir='ltr'><strong>honesto</strong></span> <span class='ocrx_word' id='word_1_698' title='bbox 4245 4199 4462 4266; x_wconf 88' lang='lat' dir='ltr'><strong>colore</strong></span> 
     </span>
     <span class='ocr_line' id='line_1_101' title="bbox 2504 4285 4461 4368; baseline -0.003 -13"><span class='ocrx_word' id='word_1_699' title='bbox 2504 4289 2816 4368; x_wconf 86' lang='lat' dir='ltr'><strong>detinent,</strong></span> <span class='ocrx_word' id='word_1_700' title='bbox 2855 4298 2921 4354; x_wconf 89' lang='lat' dir='ltr'><strong>et</strong></span> <span class='ocrx_word' id='word_1_701' title='bbox 2953 4287 3026 4353; x_wconf 90' lang='lat' dir='ltr'><strong>in</strong></span> <span class='ocrx_word' id='word_1_702' title='bbox 3060 4285 3630 4352; x_wconf 86' lang='lat' dir='ltr'><strong>administratione</strong></span> <span class='ocrx_word' id='word_1_703' title='bbox 3666 4286 3876 4352; x_wconf 90' lang='lat' dir='ltr'><strong>multo</strong></span> <span class='ocrx_word' id='word_1_704' title='bbox 3899 4285 4278 4352; x_wconf 89' lang='lat' dir='ltr'><strong>dissolutius</strong></span> <span class='ocrx_word' id='word_1_705' title='bbox 4311 4305 4461 4368; x_wconf 86' lang='lat' dir='ltr'><strong>pec-</strong></span> 
     </span>
     <span class='ocr_line' id='line_1_102' title="bbox 2502 4372 4460 4459; baseline -0.005 -17"><span class='ocrx_word' id='word_1_706' title='bbox 2502 4385 2674 4442; x_wconf 90' lang='lat' dir='ltr'><strong>cant.</strong></span> <span class='ocrx_word' id='word_1_707' title='bbox 2742 4375 2969 4441; x_wconf 88' lang='lat' dir='ltr'><strong>Habet</strong></span> <span class='ocrx_word' id='word_1_708' title='bbox 3000 4372 3206 4459; x_wconf 82' lang='lat' dir='ltr'><strong>igitur</strong></span> <span class='ocrx_word' id='word_1_709' title='bbox 3228 4380 3346 4439; x_wconf 89' lang='lat' dir='ltr'><strong>tua</strong></span> <span class='ocrx_word' id='word_1_710' title='bbox 3366 4374 3704 4454; x_wconf 86' lang='lat' dir='ltr'><strong>Maiestas,</strong></span> <span class='ocrx_word' id='word_1_711' title='bbox 3740 4373 4173 4439; x_wconf 88' lang='lat' dir='ltr'><strong>invictissime</strong></span> <span class='ocrx_word' id='word_1_712' title='bbox 4195 4372 4460 4450; x_wconf 88' lang='lat' dir='ltr'><strong>Caesar,</strong></span> 
     </span>
     <span class='ocr_line' id='line_1_103' title="bbox 2506 4458 4466 4544; baseline -0.003 -18"><span class='ocrx_word' id='word_1_713' title='bbox 2506 4482 2615 4528; x_wconf 94' lang='lat' dir='ltr'><strong>eos</strong></span> <span class='ocrx_word' id='word_1_714' title='bbox 2677 4483 2799 4527; x_wconf 91' lang='lat' dir='ltr'><strong>sua</strong></span> <span class='ocrx_word' id='word_1_715' title='bbox 2861 4459 3292 4544; x_wconf 90' lang='lat' dir='ltr'><strong>promissione</strong></span> <span class='ocrx_word' id='word_1_716' title='bbox 3362 4461 3728 4527; x_wconf 89' lang='lat' dir='ltr'><strong>obstrictos.</strong></span> <span class='ocrx_word' id='word_1_717' title='bbox 3818 4461 4062 4525; x_wconf 83' lang='lat' dir='ltr'><strong>Exstat</strong></span> <span class='ocrx_word' id='word_1_718' title='bbox 4127 4459 4329 4525; x_wconf 89' lang='lat' dir='ltr'><strong>etiam</strong></span> <span class='ocrx_word' id='word_1_719' title='bbox 4393 4458 4466 4520; x_wconf 92' lang='lat' dir='ltr'><strong>in</strong></span> 
     </span>
     <span class='ocr_line' id='line_1_104' title="bbox 2504 4544 4464 4614; baseline -0.003 -1"><span class='ocrx_word' id='word_1_720' title='bbox 2504 4548 2813 4614; x_wconf 89' lang='lat' dir='ltr'><strong>manibus</strong></span> <span class='ocrx_word' id='word_1_721' title='bbox 2860 4546 3205 4613; x_wconf 91' lang='lat' dir='ltr'><strong>hominum</strong></span> <span class='ocrx_word' id='word_1_722' title='bbox 3239 4545 3530 4612; x_wconf 87' lang='lat' dir='ltr'><strong>libellus:</strong></span> <span class='ocrx_word' id='word_1_723' title='bbox 3579 4554 3656 4612; x_wconf 91' lang='lat' dir='ltr'><strong>ut</strong></span> <span class='ocrx_word' id='word_1_724' title='bbox 3699 4545 3783 4612; x_wconf 88' lang='lat' dir='ltr'><strong>ad</strong></span> <span class='ocrx_word' id='word_1_725' title='bbox 3819 4544 4153 4611; x_wconf 86' lang='lat' dir='ltr'><strong>doctrinae</strong></span> <span class='ocrx_word' id='word_1_726' title='bbox 4189 4565 4464 4611; x_wconf 88' lang='lat' dir='ltr'><strong>consen-</strong></span> 
     </span>
     <span class='ocr_line' id='line_1_105' title="bbox 2507 4631 4205 4715; baseline -0.003 -15"><span class='ocrx_word' id='word_1_727' title='bbox 2507 4635 2761 4700; x_wconf 90' lang='lat' dir='ltr'><strong>sionem</strong></span> <span class='ocrx_word' id='word_1_728' title='bbox 2806 4655 2885 4699; x_wconf 90' lang='lat' dir='ltr'><strong>ea</strong></span> <span class='ocrx_word' id='word_1_729' title='bbox 2927 4655 3033 4700; x_wconf 87' lang='lat' dir='ltr'><strong>res</strong></span> <span class='ocrx_word' id='word_1_730' title='bbox 3077 4653 3214 4698; x_wconf 94' lang='lat' dir='ltr'><strong>non</strong></span> <span class='ocrx_word' id='word_1_731' title='bbox 3258 4631 3489 4698; x_wconf 90' lang='lat' dir='ltr'><strong>debeat</strong></span> <span class='ocrx_word' id='word_1_732' title='bbox 3532 4654 3675 4700; x_wconf 91' lang='lat' dir='ltr'><strong>esse</strong></span> <span class='ocrx_word' id='word_1_733' title='bbox 3717 4631 4205 4715; x_wconf 76' lang='lat' dir='ltr'><strong>impedimento,</strong></span> 
     </span>
    </p>

    <p class='ocr_par' dir='ltr' id='par_1_12' title="bbox 2504 4716 4471 5143">
     <span class='ocr_line' id='line_1_106' title="bbox 2681 4716 4469 4803; baseline -0.005 -16"><span class='ocrx_word' id='word_1_734' title='bbox 2681 4719 3010 4787; x_wconf 82' lang='lat' dir='ltr'><strong>Ultimum</strong></span> <span class='ocrx_word' id='word_1_735' title='bbox 3053 4741 3129 4786; x_wconf 88' lang='lat' dir='ltr'><strong>ac</strong></span> <span class='ocrx_word' id='word_1_736' title='bbox 3173 4719 3623 4803; x_wconf 85' lang='lat' dir='ltr'><strong>praecipuum,</strong></span> <span class='ocrx_word' id='word_1_737' title='bbox 3668 4739 3794 4802; x_wconf 92' lang='lat' dir='ltr'><strong>quo</strong></span> <span class='ocrx_word' id='word_1_738' title='bbox 3830 4739 3948 4783; x_wconf 90' lang='lat' dir='ltr'><strong>nos</strong></span> <span class='ocrx_word' id='word_1_739' title='bbox 3992 4722 4295 4801; x_wconf 86' lang='lat' dir='ltr'><strong>gravant,</strong></span> <span class='ocrx_word' id='word_1_740' title='bbox 4338 4716 4469 4781; x_wconf 88' lang='lat' dir='ltr'><strong>cri-</strong></span> 
     </span>
     <span class='ocr_line' id='line_1_107' title="bbox 2504 4802 4468 4885; baseline -0.003 -14"><span class='ocrx_word' id='word_1_741' title='bbox 2504 4827 2661 4873; x_wconf 91' lang='lat' dir='ltr'><strong>men</strong></span> <span class='ocrx_word' id='word_1_742' title='bbox 2704 4813 2804 4872; x_wconf 91' lang='lat' dir='ltr'><strong>est</strong></span> <span class='ocrx_word' id='word_1_743' title='bbox 2852 4806 3064 4872; x_wconf 82' lang='lat' dir='ltr'><strong>factae</strong></span> <span class='ocrx_word' id='word_1_744' title='bbox 3109 4806 3190 4871; x_wconf 89' lang='lat' dir='ltr'><strong>ab</strong></span> <span class='ocrx_word' id='word_1_745' title='bbox 3245 4806 3519 4872; x_wconf 88' lang='lat' dir='ltr'><strong>ecclesia</strong></span> <span class='ocrx_word' id='word_1_746' title='bbox 3574 4804 4004 4871; x_wconf 89' lang='lat' dir='ltr'><strong>discessionis.</strong></span> <span class='ocrx_word' id='word_1_747' title='bbox 4094 4804 4315 4885; x_wconf 85' lang='lat' dir='ltr'><strong>Atque</strong></span> <span class='ocrx_word' id='word_1_748' title='bbox 4359 4802 4468 4867; x_wconf 91' lang='lat' dir='ltr'><strong>hic</strong></span> 
     </span>
     <span class='ocr_line' id='line_1_108' title="bbox 2507 4889 4470 4975; baseline -0.003 -18"><span class='ocrx_word' id='word_1_749' title='bbox 2507 4893 2808 4960; x_wconf 85' lang='lat' dir='ltr'><strong>ferociter</strong></span> <span class='ocrx_word' id='word_1_750' title='bbox 2851 4892 3041 4958; x_wconf 91' lang='lat' dir='ltr'><strong>nobis</strong></span> <span class='ocrx_word' id='word_1_751' title='bbox 3083 4891 3427 4972; x_wconf 87' lang='lat' dir='ltr'><strong>insultant,</strong></span> <span class='ocrx_word' id='word_1_752' title='bbox 3473 4891 3646 4975; x_wconf 89' lang='lat' dir='ltr'><strong>quod</strong></span> <span class='ocrx_word' id='word_1_753' title='bbox 3702 4889 3883 4955; x_wconf 89' lang='lat' dir='ltr'><strong>nulla</strong></span> <span class='ocrx_word' id='word_1_754' title='bbox 3926 4910 4124 4955; x_wconf 87' lang='lat' dir='ltr'><strong>causa</strong></span> <span class='ocrx_word' id='word_1_755' title='bbox 4178 4889 4293 4968; x_wconf 88' lang='lat' dir='ltr'><strong>sit,</strong></span> <span class='ocrx_word' id='word_1_756' title='bbox 4351 4909 4470 4953; x_wconf 90' lang='lat' dir='ltr'><strong>cur</strong></span> 
     </span>
     <span class='ocr_line' id='line_1_109' title="bbox 2512 4975 4469 5063; baseline -0.005 -17"><span class='ocrx_word' id='word_1_757' title='bbox 2512 4982 2906 5063; x_wconf 86' lang='lat' dir='ltr'><strong>abrumpere</strong></span> <span class='ocrx_word' id='word_1_758' title='bbox 2948 4978 3147 5045; x_wconf 89' lang='lat' dir='ltr'><strong>liceat</strong></span> <span class='ocrx_word' id='word_1_759' title='bbox 3171 4977 3482 5045; x_wconf 89' lang='lat' dir='ltr'><strong>ecclesiae</strong></span> <span class='ocrx_word' id='word_1_760' title='bbox 3520 4978 3866 5042; x_wconf 89' lang='lat' dir='ltr'><strong>unitatem.</strong></span> <span class='ocrx_word' id='word_1_761' title='bbox 3942 4975 4214 5053; x_wconf 87' lang='lat' dir='ltr'><strong>Verum,</strong></span> <span class='ocrx_word' id='word_1_762' title='bbox 4261 4994 4469 5057; x_wconf 85' lang='lat' dir='ltr'><strong>quan-</strong></span> 
     </span>
     <span class='ocr_line' id='line_1_110' title="bbox 2510 5064 4471 5143; baseline -0.004 -12"><span class='ocrx_word' id='word_1_763' title='bbox 2510 5074 2655 5132; x_wconf 91' lang='lat' dir='ltr'><strong>tum</strong></span> <span class='ocrx_word' id='word_1_764' title='bbox 2711 5065 2898 5131; x_wconf 91' lang='lat' dir='ltr'><strong>nobis</strong></span> <span class='ocrx_word' id='word_1_765' title='bbox 2953 5064 3195 5133; x_wconf 84' lang='lat' dir='ltr'><strong>faciant</strong></span> <span class='ocrx_word' id='word_1_766' title='bbox 3248 5064 3528 5130; x_wconf 85' lang='lat' dir='ltr'><strong>iniuriae</strong></span> <span class='ocrx_word' id='word_1_767' title='bbox 3546 5116 3561 5143; x_wconf 96' lang='lat'><strong>,</strong></span> <span class='ocrx_word' id='word_1_768' title='bbox 3617 5070 3819 5128; x_wconf 88' lang='lat' dir='ltr'><strong>testes</strong></span> <span class='ocrx_word' id='word_1_769' title='bbox 3875 5070 4032 5128; x_wconf 91' lang='lat' dir='ltr'><strong>sunt</strong></span> <span class='ocrx_word' id='word_1_770' title='bbox 4089 5068 4471 5127; x_wconf 88' lang='lat' dir='ltr'><strong>nostrorum</strong></span> 
     </span>
    </p>
   </div>
   <div class='ocr_carea' id='block_1_10' title="bbox 2511 5201 2921 5209">
    <p class='ocr_par' dir='ltr' id='par_1_13' title="bbox 2511 5201 2921 5209">
     <span class='ocr_line' id='line_1_111' title="bbox 2511 5201 2921 5209; baseline 0 970"><span class='ocrx_word' id='word_1_771' title='bbox 2511 5201 2921 5209; x_wconf 95' lang='lat' dir='ltr'><strong> </strong></span> 
     </span>
    </p>
   </div>
   <div class='ocr_carea' id='block_1_11' title="bbox 2653 5266 4472 5345">
    <p class='ocr_par' dir='ltr' id='par_1_14' title="bbox 2653 5266 4472 5345">
     <span class='ocr_line' id='line_1_112' title="bbox 2653 5266 4472 5345; baseline -0.006 -18"><span class='ocrx_word' id='word_1_772' title='bbox 2653 5274 2710 5340; x_wconf 89' lang='lat'><strong>1)</strong></span> <span class='ocrx_word' id='word_1_773' title='bbox 2748 5273 2901 5327; x_wconf 68' lang='lat' dir='ltr'><strong>Beza</strong></span> <span class='ocrx_word' id='word_1_774' title='bbox 2946 5271 3199 5345; x_wconf 69' lang='lat' dir='ltr'><strong>mendose</strong></span> <span class='ocrx_word' id='word_1_775' title='bbox 3243 5268 3468 5337; x_wconf 63' lang='lat' dir='ltr'><strong>empsit</strong></span> <span class='ocrx_word' id='word_1_776' title='bbox 3512 5274 3823 5336; x_wconf 83' lang='lat' dir='ltr'><strong>quaestum,</strong></span> <span class='ocrx_word' id='word_1_777' title='bbox 3869 5267 4015 5338; x_wconf 73' lang='lat' dir='ltr'><strong>quod</strong></span> <span class='ocrx_word' id='word_1_778' title='bbox 4060 5266 4313 5332; x_wconf 76' lang='lat' dir='ltr'><strong>deinceps</strong></span> <span class='ocrx_word' id='word_1_779' title='bbox 4359 5279 4472 5318; x_wconf 74' lang='lat' dir='ltr'><strong>ser·</strong></span> 
     </span>
    </p>
   </div>
   <div class='ocr_carea' id='block_1_12' title="bbox 2513 5349 4063 5544">
    <p class='ocr_par' dir='ltr' id='par_1_15' title="bbox 2513 5349 4063 5544">
     <span class='ocr_line' id='line_1_113' title="bbox 2513 5349 2829 5400; baseline -0.016 0"><span class='ocrx_word' id='word_1_780' title='bbox 2513 5350 2701 5400; x_wconf 77' lang='lat' dir='ltr'><strong>vatum</strong></span> <span class='ocrx_word' id='word_1_781' title='bbox 2736 5349 2829 5397; x_wconf 75' lang='lat' dir='ltr'><strong>est.</strong></span> 
     </span>
     <span class='ocr_line' id='line_1_114' title="bbox 2654 5406 4063 5544; baseline -0.006 -78"><span class='ocrx_word' id='word_1_782' title='bbox 2654 5410 2717 5480; x_wconf 81' lang='lat'><strong>2)</strong></span> <span class='ocrx_word' id='word_1_783' title='bbox 2755 5410 2940 5466; x_wconf 72' lang='lat' dir='ltr'><strong>Idems</strong></span> <span class='ocrx_word' id='word_1_784' title='bbox 2977 5406 3272 5464; x_wconf 55' lang='lat' dir='ltr'><strong>sacrificii&amp;</strong></span> <span class='ocrx_word' id='word_1_785' title='bbox 3957 5488 4063 5544; x_wconf 67' lang='lat'><strong>33*</strong></span> 
     </span>
    </p>
   </div>
  </div>
 </body>
</html>
