4999 6179
2045 469 2706 540 PROLEGOMEN
2709 475 2790 540 A.
2845 470 2854 477 “
4225 478 4439 545 XXV

389 658 614 742 paucis
656 679 780 724 sua
832 656 914 723 de
968 659 1261 725 humano
1316 662 1587 729 arbitrio
1641 665 1972 729 sententia
2014 661 2248 730 Basilii
2294 665 2518 731 verbis
2562 665 2928 749 proposita,
2989 664 3203 729 Μόνον
3249 670 3531 747 θέλησον,
3576 668 3679 728 καὶ
3725 664 3872 741 θεὸς
3910 668 4287 754 προαπαντᾷ,
4333 666 4439 734 ‹li-

391 771 628 850 centis,
686 773 848 838 satis
899 770 1213 839 audacter
1266 772 1450 838 addit
1504 794 1577 839 se
1632 776 1834 850 scire,
1892 775 2053 842 haec
2088 797 2246 869 pum
2289 777 2668 843 calviniana
2713 777 2995 843 formula
3039 797 3432 863 congruere,
3491 776 3610 844 sed
3653 798 3843 843 suam
3887 798 4030 845 esse
4073 786 4438 863 παχυτέραν.

391 880 587 963 Quod
627 881 987 950 modestius
1032 891 1100 950 et
1142 883 1510 971 elegantius
1556 908 1692 952 non
1735 888 1979 971 potuit:
2029 908 2115 953 an
2160 890 2400 968 verius,
2434 872 2649 973 'penes
2693 895 2760 955 te
2804 887 3119 956 iudicium
3165 898 3322 955 esto.

2065 1268 2477 1353 oAPUT
2554 1244 2755 1351 xv.

1400 1413 1978 1569 TRAIOTE
2031 1471 2289 1573 DEs
2344 1471 3043 1576 RELIQUES.
3130 1464 3421 1566 1543.
3467 1502 3478 1507 q

702 1673 833 1740 Hic
878 1694 1131 1757 quoque
1175 1674 1435 1740 libellus
1480 1673 1801 1742 adversus
1844 1676 2211 1760 pontificios
2268 1675 2551 1758 scriptus
2596 1682 2726 1754 est,
2781 1696 3016 1741 verum
3071 1676 3269 1760 plane
3314 1676 3443 1742 alia
3487 1685 3589 1743 est
3632 1678 3771 1744 eius
3814 1677 4069 1745 indoles
4112 1698 4187 1745 ac
4229 1701 4425 1764 prae-

390 1785 713 1865 cedentis,
768 1785 874 1851 vel
933 1785 1233 1868 proxime
1287 1787 1720 1870 sequentium.
1812 1788 2086 1855 Tractat
2137 1787 2317 1853 enim
2361 1798 2830 1871 argumentum
2868 1787 2941 1853 in
2983 1809 3142 1871 quo,
3188 1796 3265 1855 ut
3307 1789 3400 1854 ait
3442 1788 3583 1869 ille,
3646 1788 3910 1857 difficile
3954 1798 4099 1857 erat
4159 1791 4430 1858 satiram

389 1918 528 1963 non
570 1898 889 1978 scribere,
948 1904 1019 1961 et
1073 1896 1280 1979 plebis
1337 1896 1799 1964 credulitatem
1854 1899 2124 1983 piasque
2177 1897 2564 1964 olorinorum
2618 1897 2882 1964 fraudes
2938 1895 3209 1965 deridet.
3298 1899 3455 1982 Ipse
3499 1901 3738 1968 titulus
3782 1902 4032 1968 autoris
4078 1903 4424 1970 eonsilium

385 2009 622 2095 prodit,
670 2009 1189 2076 admonitionem
1244 2009 1639 2092 promittens
1683 2030 1813 2094 qua
1869 2008 2251 2091 ostendatur
2295 2029 2491 2092 quam
2549 2030 2586 2075 e
2641 2031 2713 2075 re
2758 2008 3157 2076 christianae
3213 2010 3614 2096 reipublicae
3656 2013 3826 2079 foret
3868 2020 4242 2081 sanctorum
4288 2035 4430 2080 cor-

388 2142 550 2206 pora
594 2130 663 2188 et
706 2120 1017 2204 reliquias
1060 2121 1244 2186 velut
1285 2121 1357 2185 in
1400 2121 1846 2189 inventarium
1900 2120 2142 2205 redigi,
2189 2142 2356 2204 quae
2400 2127 2538 2185 tam
2582 2122 2652 2185 in
2697 2119 2944 2209 Italia„
2982 2141 3178 2203 quam
3220 2122 3294 2187 in
3339 2122 3588 2204 Gallia,
3649 2124 4045 2205 Germania,
4101 2124 4432 2209 Hispania

388 2234 793 2316 caeterisque
838 2232 1218 2316 regionibus
1263 2232 1651 2299 habeantur.
1743 2232 1939 2317 Quod
1983 2232 2234 2297 nemini
2277 2253 2414 2297 non
2457 2233 2668 2299 iooose
2714 2231 2964 2299 dictum
3008 2231 3219 2299 videri
3263 2240 3537 2316 poterat.
3607 2231 3970 2319 Adspergit
4007 2245 4230 2303 tamen
4274 2237 4431 2302 hinc

388 2343 544 2410 inde
587 2345 781 2429 plura
823 2365 991 2428 quae
1034 2343 1232 2427 plane
1275 2342 1402 2409 alio
1447 2343 1602 2410 stilo
1648 2352 1921 2411 exarata
1964 2349 2121 2409 sunt
2160 2349 2225 2409 et
2270 2345 2567 2409 animum
2609 2344 2866 2426 spirant
2919 2364 3159 2427 pravas
3203 2350 3270 2410 et
3327 2344 3640 2412 ridiculas
3685 2346 3871 2430 vulgi
3925 2349 4429 2432 superstitiones

389 2476 468 2522 eo
524 2455 981 2524 vehementius
1051 2454 1584 2539 impugnantem,
1667 2455 1840 2540 quod
1908 2456 1990 2523 iis
2055 2456 2198 2537 ipsa
2264 2454 2592 2539 evangelii
2661 2454 3092 2521 fundamenta
3173 2456 3562 2524 labefactata
3628 2456 3921 2540 adeoque
3989 2479 4220 2525 eversa
4285 2480 4430 2525 esse

392 2567 737 2636 sentiebat.

699 2680 808 2746 De
848 2679 975 2746 hoo
1017 2678 1239 2746 libello
1283 2678 1462 2745 Beza
1504 2679 1575 2745 in
1618 2700 1737 2744 sua
1778 2680 1943 2745 Vita
1983 2679 2249 2746 Calvini
2292 2677 2496 2743 latine
2541 2679 2789 2761 scripta
2830 2678 3099 2744 omnino
3141 2686 3344 2759 tacet;
3390 2678 3790 2747 Colladonus
3825 2686 4051 2747 autom
4087 2702 4237 2747 eum
4279 2703 4428 2766 per-

389 2811 619 2875 peram
680 2791 765 2857 ad
814 2812 1068 2857 annum
1130 2794 1293 2855 1546
1361 2791 1581 2861 refert.
1673 2790 1881 2858 Ouius
1950 2790 2153 2857 verba
2204 2796 2459 2869 tamen,
2515 2810 2716 2872 quum
2775 2788 3098 2855 nonnulla
3149 2790 3439 2857 habeant
3494 2811 3659 2874 quae
3716 2790 3800 2857 ad
3845 2791 4187 2859 historiam
4251 2793 4428 2860 illius

390 2904 708 2986 temporis
752 2903 1019 2983 faciunt,
1065 2903 1435 2969 adscribere
1478 2903 1667 2970 libet:
1716 2902 1954 2970 Audiet
2010 2924 2097 2969 an
2141 2902 2192 2967 il
2234 2921 2520 2984 composa
2567 2922 2643 2966 en
2691 2900 2988 2985 franeoys
3040 2922 3127 2965 un
3170 2901 3330 2983 petit
3382 2902 3540 2967 livre
3589 2904 4162 2970 &advertissement
4206 2925 4322 2988 que
4365 2925 4428 2970 ce

391 3016 580 3081 seroit
632 3037 719 3080 un
771 3016 982 3101 ,qrand
1022 3015 1220 3099 profit
1262 3016 1349 3100 „de
1396 3016 1568 3099 faire
1627 3037 1717 3081 un
1779 3017 2119 3085 inventoire
2160 3015 2236 3080 de
2277 3018 2476 3079 toute-s·
2521 3014 2611 3080 les
2663 3014 2935 3097 reliques
2973 3012 3313 3096 desquelles
3368 3014 3457 3080 les
3501 3016 3788 3099 papistes
3827 3016 3962 3098 font
4001 3035 4125 3098 cae,
4172 3022 4307 3082 tant
4350 3038 4427 3081 en

394 3125 660 3208 Franco,
704 3127 1027 3209 qu'Italie‚
1072 3127 1457 3213 Allemayne,
1501 3127 1800 3214 Espayne
1843 3133 1898 3194 et
1940 3132 2152 3194 autres
2183 3127 2357 3210 pais.
2447 3125 2550 3190 La
2592 3125 2643 3190 il
2686 3126 3013 3193 dessonare
3055 3145 3180 3191 non
3221 3127 3558 3192 seulement
3600 3126 3802 3193 l‘abus
3836 3133 3895 3192 et
3937 3128 4277 3194 l'idolatrie
4318 3129 4430 3212 qui

391 3238 490 3321 s'y
532 3245 814 3320 eommet,
870 3241 1038 3305 mais
1081 3241 1264 3306 aussi
1307 3240 1395 3305 les
1438 3261 1797 3325 mensonqes
1852 3245 1983 3307 tout
2037 3240 2286 3305 evidens
2327 3240 2437 3305 des
2478 3242 2794 3319 prestres,
2850 3238 3066 3319 quand
3108 3258 3182 3303 en
3236 3238 3448 3304 divers
3500 3239 3779 3321 temple-s,
3834 3239 4015 3306 villes
4058 3245 4114 3305 et
4143 3239 4300 3323 pais
4341 3239 4430 3305 les

394 3371 521 3417 uns
561 3355 619 3416 et
658 3351 747 3418 les
791 3358 1006 3418 autres
1047 3372 1113 3418 se
1154 3351 1358 3419 disent
1402 3353 1581 3419 avoir
1622 3372 1744 3418 une
1784 3371 2010 3417 mesme
2043 3350 2232 3417 chose.
2338 3349 2430 3416 Or
2472 3349 2523 3414 il
2575 3350 2679 3415 n’a
2722 3369 2856 3431 pas
2911 3350 3230 3430 comprins
3285 3349 3339 3414 le
3392 3355 3550 3428 tout,
3606 3352 3776 3418 mais
3832 3351 4165 3418 seulement
4216 3351 4431 3417 amene

394 3462 687 3545 quelques
729 3464 1051 3546 exemplos,
1098 3464 1367 3530 combien
1412 3484 1528 3547 que
1571 3484 1635 3529 ee
1678 3465 1799 3529 soit
1834 3484 1911 3529 en
1954 3483 2133 3529 assez
2174 3462 2288 3528 bon
2332 3460 2582 3528 nombre
2624 3467 2682 3526 et
2723 3461 2833 3526 des
2878 3458 3085 3525 choses
3126 3467 3310 3544 qu’on
3353 3481 3430 3526 ne
3462 3468 3620 3543 peut
3664 3464 3819 3530 nier.
3915 3462 4273 3545 Gependant
4316 3483 4424 3529 son

394 3575 697 3640 intention
750 3575 925 3642 estoit
983 3575 1405 3661 d’auymenter
1456 3575 1641 3642 lediet
1692 3576 1850 3642 livre
1903 3577 1965 3640 si
2019 3573 2291 3654 desdietz
2337 3573 2494 3654 pais
2549 3573 2600 3638 il
2642 3577 2778 3639 eust
2817 3592 2948 3654 peu
2990 3577 3149 3638 estre
3190 3572 3447 3657 adverty
3487 3574 3769 3646 d'autres
3813 3574 4173 3641 semblables
4202 3575 4428 3659 pieees,

392 3706 623 3753 comme
665 3687 718 3752 il
756 3708 799 3770 y
832 3708 906 3753 en
951 3709 994 3752 a
1037 3687 1292 3770 infinies
1334 3686 1530 3753 oultre
1563 3687 1743 3755 celles
1784 3688 1930 3754 dont
1970 3687 2025 3753 il
2061 3686 2189 3769 fait
2229 3687 2520 3752 mention.
2592 3683 2680 3749 Et
2720 3684 2796 3752 de
2835 3684 3017 3767 fatet,
3060 3688 3314 3751 souvent
3354 3704 3432 3750 en
3474 3704 3541 3750 se
3583 3685 3761 3752 riant
3801 3686 3854 3750 il
3896 3688 4126 3754 tansoit
4180 3690 4430 3772 [aneu-ns

393 3798 474 3864 de
512 3818 613 3864 ses
650 3798 969 3881 faeniliers
1010 3804 1066 3865 et
1109 3800 1278 3865 amis
1332 3799 1407 3865 cle
1463 3819 1526 3864 ee
1578 3799 1770 3882 qu'ilz
1821 3803 2146 3883 n'avoyent
2188 3796 2463 3881 presure
2520 3797 2597 3863 de
2644 3815 2971 3863 reeouvrer
3011 3796 3170 3878 plus
3222 3796 3459 3879 amplos
3504 3797 3826 3863 memoires
3869 3797 3945 3863 de
3989 3799 4159 3867 telles
4203 3799 4426 3866 choses.

401 3909 749 3992 Toutesfois
789 3916 985 3994 quant
1028 3912 1070 3976 ἀ
1115 3912 1181 3977 la
1228 3910 1492 3991 Franee,
1533 3911 1584 3976 il
1628 3915 1734 3994 n’y
1777 3933 1819 3976 a
1852 3933 1982 3994 pas
2014 3911 2169 3993 plus
2208 3929 2430 3994 queres
2473 3909 2516 3974 ὰ
2559 3909 2853 3975 eraindre
2895 3927 2975 3972 en
3017 3912 3140 3974 east
3192 3908 3467 3974 endroict
3508 3908 3570 3974 la
3583 3957 3606 3992 ,¹
3657 3907 3834 3973 Dieu
3875 3929 4096 3993 mere-y.
4192 3910 4320 3975 Car
4363 3910 4431 3976 la

390 4043 615 4108 querre
667 4043 710 4088 a
768 4023 892 4087 este
949 4022 1247 4090 tellement
1300 4025 1579 4090 occasion
1636 4023 1890 4104 d'oster,
1948 4022 2247 4089 arv-acher
2302 4027 2361 4087 et
2411 4021 2615 4087 briser
2667 4024 2801 4085 tant
2843 4020 2919 4085 cle
2962 4039 3057 4085 ees
3104 4020 3348 4102 formas,
3405 4020 3561 4103 qu'il
3614 4040 3692 4085 ne
3732 4026 3892 4085 reste
3922 4021 4079 4104 plus
4124 4021 4307 4088 sut-on
4352 4022 4428 4088 cle

383 4134 574 4216 prier
614 4132 805 4214 Bisa,
851 4134 1008 4217 qu'il
1047 4134 1158 4218 luy
1198 4135 1411 4220 plaise
1453 4155 1591 4218 pao·
1626 4157 1717 4201 un
1772 4156 1986 4219 moyen
2020 4134 2173 4217 plus
2215 4134 2383 4228 doux
2423 4153 2559 4199 aux
2589 4130 2857 4214 peuples
2890 4132 2967 4199 de
3005 4132 3072 4197 la
3125 4137 3286 4196 terre
3328 4136 3491 4196 oster
3537 4152 3601 4198 ee
3643 4132 3756 4213 qui
3799 4152 3874 4199 en
3918 4138 4008 4198 est
4042 4153 4287 4200 encores
4329 4133 4421 4199 de-

394 4245 607 4311 meare-
648 4267 730 4312 ou
773 4266 849 4312 en
896 4245 1143 4313 Franee
1187 4266 1268 4312 ou
1309 4267 1444 4313 aux
1487 4253 1698 4313 autres
1728 4247 1900 4329 pai-s.
1991 4245 2144 4333 (Ed.
2198 4249 2360 4310 1565
2407 4244 2515 4310 fol.
2562 4244 2712 4328 ciiij
2750 4265 2802 4309 r.
2871 4242 2996 4308 Ed.
3042 4241 3374 4307 Franklin
3421 4263 3483 4325 p.
3530 4241 3663 4327 62.)

707 4358 958 4443 Magno
1009 4360 1236 4425 favore
1280 4359 1527 4444 passim
1587 4367 1899 4444 exceptus
1957 4358 2159 4424 fuisse
2219 4356 2329 4423 hic
2380 4354 2549 4422 liber
2602 4355 2896 4435 videtur,
2954 4376 3158 4439 quum
3201 4353 3426 4437 plures
3470 4355 3609 4420 eius
3670 4354 4021 4436 editiones,
4077 4358 4428 4438 superstite

394 4469 596 4535 etiam
638 4479 886 4551 autore,
931 4471 1093 4537 item
1139 4472 1472 4537 versiones
1517 4469 1796 4538 diversis
1852 4471 2099 4555 linguis
2155 4469 2437 4553 scriptae
2492 4468 2565 4533 in
2620 4468 2955 4551 publicum
3010 4466 3324 4547 exierint,
3381 4488 3550 4551 quae
3593 4473 3846 4548 tamen,
3905 4475 4129 4552 utpote
4173 4469 4427 4533 rarissi-

393 4601 563 4663 mae,
610 4603 744 4648 non
789 4604 1017 4649 omnes
1062 4583 1250 4649 nobis
1295 4583 1379 4649 ad
1422 4603 1661 4649 manus
1704 4583 1992 4649 fuerunt.

706 4694 1086 4779 Principem
1145 4694 1451 4780 gallicam
1503 4695 1855 4761 habuimus
1905 4716 1991 4761 ex
2043 4693 2441 4760 bibliotheca
2494 4690 2870 4771 Turieensi‚
2926 4690 3045 4756 sed
3101 4711 3237 4756 non
3289 4691 3637 4776 integram.
3735 4692 4035 4757 Insertus
4090 4697 4194 4756 est
4252 4692 4432 4760 enim

396 4806 555 4872 huic
598 4807 962 4891 exemplari
1019 4828 1060 4873 a
1112 4806 1480 4893 bibliopego
1533 4807 1709 4873 malo
1764 4806 2031 4886 feriato,
2085 4805 2226 4872 loco
2271 4801 2725 4888 quaternionis
2768 4804 2988 4886 quarti
3028 4802 3156 4888 (D)
3202 4825 3252 4870 s.
3298 4825 3493 4890 pagg.
3540 4808 3825 4884 49—64,
3871 4801 4047 4867 idem
4090 4805 4433 4886 quaternio

397 4925 676 5003 quartus
721 4919 890 4987 alius
936 4919 1143 4988 libelli
1186 4918 1549 4986 calviniani
1593 4917 1822 4985 eodem
1867 4936 2044 4984 anno
2088 4917 2246 4984 editi
2292 4916 2401 4982 cui
2442 4915 2679 4981 titulus
2724 4919 2852 4980 est:
2911 4914 3136 4980 Petit
3179 4917 3488 4982 traicte
3530 4920 3990 4981 monstrant
4033 4934 4183 4998 que
4228 4921 4435 5011 q’est

399 5050 552 5114 que
598 5030 770 5097 doit
810 5032 1014 5099 faire
1057 5055 1167 5098 un
1209 5031 1523 5098 homme
1565 5029 1816 5096 fidele
1859 5036 2051 5095 caett.
2096 5049 2263 5113 quae
2308 5034 2411 5095 est
2452 5049 2610 5111 pars
2655 5027 2868 5111 prima
2912 5026 3056 5092 eius
3101 5025 3255 5093 libri
3300 5026 3413 5110 qui
3456 5025 3656 5110 vulgo
3691 5024 4101 5094 inscribitur:
4147 5027 4266 5092 De
4311 5028 4432 5094 vi·

398 5142 678 5209 tandis
724 5144 1500 5228 superstitionibus.
1604 5143 1759 5209 Duo
1813 5141 2079 5226 quidem
2132 5140 2263 5207 alia
2320 5140 2728 5226 exemplaria
2779 5143 3042 5223 praeter
3094 5137 3261 5203 illud
3313 5139 3642 5204 turicense
3703 5143 3966 5205 exstare
4021 5138 4430 5219 rescivimus,

393 5254 651 5324 seilicet
690 5256 1125 5324 Vindobonae
1169 5265 1238 5323 et
1276 5255 1673 5339 Hamburgi,
1717 5274 1953 5322 verum
1995 5253 2126 5320 illis
2169 5252 2490 5338 neglectis
2534 5252 2838 5320 lacunam
2884 5271 2968 5317 ex
3002 5249 3285 5316 editione
3329 5251 3628 5334 proxime
3663 5252 3959 5336 sequenti
4001 5249 4431 5335 explevimus,

394 5369 642 5454 quippe
687 5391 887 5454 quam
931 5391 1081 5437 cum
1124 5375 1354 5437 nostra
1392 5368 1518 5436 hac
1558 5366 1825 5434 omnino
1864 5365 2235 5432 consentire
2278 5365 2661 5434 viderimus.
2751 5363 3104 5431 Caeterum
3141 5361 3377 5427 titulus
3421 5361 3530 5429 hic
3574 5368 3704 5430 est:
4065 5425 4074 5430 -

616 5473 840 5531 Caluini
869 5490 1053 5547 opera.
1134 5473 1249 5532 Vol.
1294 5472 1394 5529 VI.
3974 5464 4024 5518 D
