4999 6179
605 445 730 507 375

604 629 832 714 (Prov.
872 633 974 710 21,
1019 632 1114 715 1),
1174 632 1267 695 ita
1322 651 1431 696 cor
1474 630 1652 716 regis
1695 632 1766 696 in
1805 650 2008 695 manu
2054 629 2213 695 Dei:
2272 649 2564 712 quocun-

602 737 730 801 que
783 717 1099 794 voluerit,
1164 717 1506 783 inclinabit
1569 714 1749 782 illud.
1861 714 2040 796 Quid
2107 736 2293 799 erge,
2361 735 2563 797 quum

603 803 800 868 doceo
843 824 955 869 001·
987 802 1218 883 fidelis,
1256 801 1430 886 quod
1465 801 1794 868 Dominus
1830 802 2152 886 singulari
2193 798 2386 865 modo
2421 821 2564 866 sus-

602 888 776 972 cepit
819 888 1202 974 regendum,
1247 890 1423 955 flecti
1469 910 1545 955 ac
1583 890 1854 953 formari
1889 890 2032 952 eius
2075 888 2331 970 spiritu,
2377 886 2563 952 verbi

601 975 896 1041 novitate
939 995 1016 1039 ac
1056 975 1412 1042 insolentia
1454 974 1813 1040 offenditur
1854 973 2180 1059 Pighius?
2248 971 2567 1053 Queritur

602 1061 783 1126 enim
838 1082 946 1126 me
987 1082 1229 1126 novam
1281 1060 1588 1145 loquendi
1644 1061 1918 1125 formam
1963 1059 2413 1138 introducere,
2457 1059 2567 1124 cui

603 1168 742 1212 non
776 1149 1020 1212 assucti
1059 1148 1193 1212 sint
1231 1147 1473 1212 fideles.
1532 1146 1978 1213 Verissimum
2015 1153 2114 1211 est
2157 1145 2326 1228 quod
2365 1145 2566 1229 vulgo

604 1234 912 1311 iactatur,
969 1231 1050 1298 de
1105 1233 1287 1298 nullo
1331 1231 1632 1298 dubitare
1690 1233 1952 1299 stultos:
2009 1229 2178 1315 quod
2227 1253 2310 1297 ex
2354 1231 2567 1296 veteri

604 1328 672 1384 et
714 1319 1096 1403 elegantiori
1155 1319 1498 1402 proverbio
1553 1326 1786 1384 natum
1841 1326 1959 1385 est:
2050 1319 2224 1384 Ecce
2266 1317 2445 1382 enim
2488 1323 2569 1382 ut

605 1404 745 1470 sola
799 1425 922 1470 sua
973 1405 1235 1471 inscitia
1291 1414 1585 1470 armatus
1638 1405 1955 1489 Pighius,
2015 1404 2262 1469 bellum
2306 1401 2453 1468 Deo
2499 1412 2567 1468 et

607 1489 985 1556 hominibus
1024 1489 1314 1557 indicere
1359 1491 1555 1557 simul
1602 1490 1855 1556 audeat.
1945 1490 2291 1556 Profertur
2333 1489 2565 1572 loquu-

602 1578 715 1656 tio,
762 1597 961 1659 quam
1006 1577 1279 1660 spiritus
1323 1585 1590 1643 sanctus
1634 1577 1957 1661 primum,
2001 1574 2239 1642 deinde
2282 1582 2350 1639 et
2392 1575 2564 1642 sacri

603 1663 917 1741 doctores,
956 1664 1097 1729 eius
1132 1664 1589 1747 magisterium
1616 1663 1896 1746 sequuti,
1933 1662 2348 1727 familiariter
2368 1682 2564 1727 usur-

606 1756 786 1832 pant.
835 1746 1172 1814 Audacter
1238 1749 1510 1832 excipit,
1551 1749 1636 1814 ab
1682 1748 1991 1814 ecclesiae
2034 1747 2394 1814 catholicae
2438 1768 2563 1812 usu

602 1832 970 1900 abhorrere.
1059 1835 1434 1902 Adducitur
1476 1839 1624 1915 [pag.
1667 1840 1816 1915 198]
1853 1833 2105 1900 Paulus
2146 1835 2350 1900 testis.
2420 1835 2563 1898 An-

600 1928 866 2004 tequam
935 1920 1036 1985 illi
1099 1919 1520 2006 respondeat,
1594 1920 1971 1999 anathema,
2039 1921 2096 1985 si
2159 1920 2342 1985 aliud
2402 1918 2563 2003 quid

603 2006 864 2085 dixerit,
911 2026 1107 2089 quam
1149 2007 1320 2091 quod
1365 2007 1488 2073 sibi
1537 2008 1866 2090 persuasit
1907 2007 2246 2072 ecclesiam
2293 2006 2559 2084 sentire,

602 2114 737 2157 non
784 2090 1162 2158 dubitanter
1204 2094 1513 2158 minatur.
1604 2091 1741 2159 Sed
1783 2114 1914 2176 qua
1967 2093 2251 2158 fiducia?
2313 2092 2561 2157 Notum

605 2186 707 2244 est
741 2177 933 2243 illud:
979 2178 1012 2242 I
1112 2179 1372 2245 orantia
1407 2178 1872 2244 confidentiam
1909 2178 2098 2262 parit.
2160 2178 2374 2244 Paulo
2417 2185 2566 2261 post

602 2275 852 2343 tamen,
909 2285 1017 2329 mo
1063 2266 1303 2331 eratior
1358 2265 1494 2329 iam
1537 2266 1777 2345 factus,
1833 2265 1995 2331 haec
2052 2287 2180 2330 non
2224 2284 2401 2344 mea,
2447 2261 2566 2330 sed

604 2350 876 2433 spiritus
919 2353 1128 2415 sancti
1174 2352 1396 2430 verba,
1441 2358 1773 2434 utcunque
1816 2352 1904 2415 im
1957 2350 2177 2434 ropria
2218 2351 2383 2429 sint,
2429 2371 2564 2416 11011

603 2435 887 2501 multum
943 2435 1184 2502 habere
1241 2436 1633 2502 incommodi
1691 2459 1887 2504 conce
1937 2438 2019 2515 it,
2081 2437 2210 2503 nisi
2263 2458 2372 2502 me
2419 2436 2564 2502 ani-

599 2521 1046 2587 madverteret
1079 2524 1437 2607 impietatis
1477 2544 1664 2589 meae
1698 2545 2028 2589 venenum
2065 2523 2194 2588 illis
2228 2524 2566 2588 insinuare

602 2607 800 2673 velle:
844 2607 1068 2673 Deum
1112 2608 1362 2674 scilicet
1405 2609 1503 2672 uti
1546 2609 1740 2674 corde
1799 2619 2021 2674 nostro
2062 2617 2178 2675 aut
2221 2609 2564 2676 voluntate

602 2695 673 2758 in
713 2694 906 2759 bonis
949 2694 1275 2777 operibus,
1317 2695 1490 2759 sicut
1530 2696 2022 2779 arreptitiorum
2066 2696 2380 2761 membris
2422 2717 2564 2760 ma·-

603 2779 770 2863 ligni
829 2778 1098 2862 spiritus
1156 2788 1463 2855 utuntur,
1527 2780 1686 2845 dum
1727 2802 1846 2864 per
1888 2802 2000 2848 eos
2043 2802 2358 2865 responsa
2402 2781 2567 2847 dant

605 2873 673 2931 et
727 2864 1113 2948 loquuntur,
1181 2886 1350 2949 quae
1414 2866 1542 2948 ipsi
1606 2887 1741 2932 11011
1804 2868 2203 2951 intelligunt.
2306 2867 2563 2932 Verum

605 2972 809 3034 quum
865 2970 1124 3016 omnem
1177 2951 1275 3016 1111
1323 2953 1730 3019 occasionem
1790 2962 1944 3019 ante
2010 2953 2423 3033 abstulerim,
2482 2974 2565 3018 ne

605 3034 756 3121 quid
806 3034 886 3102 de
929 3058 1037 3104 me
1080 3038 1212 3104 tale
1255 3060 1366 3104 sus
1414 3039 1577 3106 icari
1621 3046 1870 3122 posset,
1913 3061 2032 3107 0111·
2075 3040 2347 3120 divinat,
2392 3038 2564 3124 quod

603 3125 824 3188 timeri
877 3123 1062 3189 nullo
1117 3125 1311 3190 modo
1401 3125 1626 3191 ebuit?
1714 3127 2203 3211 Exposueram,
2247 3126 2420 3192 velle
2462 3128 2565 3192 111-

605 3230 748 3276 6886
793 3209 1170 3277 hominibus
1214 3233 1296 3277 ex
1343 3221 1606 3278 natura:
1655 3233 1738 3277 ex
1783 3222 2060 3278 naturae
2105 3235 2260 3279 vero
2295 3235 2565 3297 corrup-

606 3298 786 3360 tione
843 3296 1019 3376 fiori,
1075 3307 1153 3362 ut
1207 3320 1338 3363 non
1394 3299 1524 3364 nisi
1566 3298 1739 3365 male
1787 3300 2115 3383 possimus
2159 3299 2362 3380 velle;
2421 3321 2566 3365 esse

605 3382 813 3466 igitur
846 3384 1186 3465 proprium
1211 3383 1342 3449 Dei
1380 3384 1644 3465 donum,
1685 3394 1759 3451 ut
1795 3387 1963 3452 bene
2002 3386 2295 3452 velimus.
2346 3384 2564 3466 Quam

604 3467 712 3533 hic
758 3467 1080 3552 syllabam
1122 3470 1439 3550 inveniet,
1490 3492 1653 3553 quae
1698 3474 2044 3536 materiam
2091 3473 2404 3555 praebeat
2447 3472 2565 3536 tali

604 3553 1018 3620 calumniae?

778 3640 872 3704 At
935 3660 1071 3705 non
1136 3639 1627 3707 dissimulanter
1692 3649 1917 3726 postea
1979 3643 2045 3707 id
2111 3664 2221 3709 me
2276 3644 2565 3709 sensisse

601 3726 851 3808 aperio:
911 3727 1062 3809 quia
1117 3736 1468 3793 contentus
1524 3749 1655 3792 11011
1712 3730 1834 3794 81111
1856 3780 1871 3807 ,
1929 3730 1984 3794 81
2027 3730 2173 3812 (11118
2230 3727 2406 3795 dicat
2448 3751 2565 3794 vo-

599 3812 960 3892 luntatem,
1021 3812 1183 3878 alias
1238 3834 1373 3877 11011
1429 3836 1696 3898 prorsus
1736 3816 2010 3895 malam,
2070 3814 2202 3880 sed·
2230 3816 2565 3884 infirmam

602 3918 678 3963 ac
722 3897 1022 3979 debilem,
1069 3898 1361 3965 subsidio
1397 3900 1652 3984 gratiae
1688 3900 2010 3967 adiuvari:
2059 3908 2254 3985 atque
2290 3900 2374 3966 ad
2417 3922 2564 3967 eam

602 4003 745 4049 rem
788 3985 1148 4074 prophetae
1193 3986 1569 4051 testimonio
1612 3995 1788 4052 utor:
1834 3986 2246 4064 Dab0,vobis
2291 4008 2404 4055 cor
2444 4009 2564 4053 no-

601 4092 790 4148 vum,
846 4079 914 4138 et
969 4072 1272 4154 spiritum
1330 4093 1576 4138 novum
1636 4094 1877 4157 ponam
1927 4076 1999 4139 in
2055 4073 2271 4139 medio
2326 4075 2531 4140 vestri
2545 4098 2562 4154 ;

603 4156 896 4221 auferam
951 4180 991 4222 a
1048 4157 1234 4224 vobis
1284 4180 1396 4225 cor
1454 4157 1815 4242 lapideum,
1874 4170 1941 4225 et
1996 4160 2163 4227 dabo
2216 4159 2407 4226 vobis
2452 4181 2564 4227 cor

603 4263 915 4308 carneum
963 4243 1109 4325 (ΕΖ.
1155 4249 1255 4323 36,
1296 4245 1428 4328 26).
1519 4245 1780 4312 Deinde
1835 4245 2135 4313 subiicio:
2193 4245 2339 4311 Hac
2381 4247 2563 4311 simi·

601 4327 883 4394 litudine
927 4351 1059 4394 11011
1102 4330 1447 4396 ostendere
1503 4334 1646 4397 vult
1686 4334 1901 4412 Deus,
1957 4332 2305 4398 mollitiem
2351 4333 2563 4398 cordi-

601 4415 725 4480 bus
769 4417 1013 4481 nostris
1070 4417 1316 4495 inesse,
1379 4417 1668 4484 flexilem
1714 4418 1876 4484 alias
1931 4421 2001 4485 111
2044 4419 2206 4485 recti
2253 4416 2562 4484 obedien-

603 4502 785 4582 tiam,
833 4501 948 4568 sed
992 4521 1156 4585 quae
1199 4524 1321 4587 per
1364 4525 1434 4568 se
1479 4505 1742 4569 infirma
1784 4507 2035 4589 gratiae
2080 4525 2236 4572 suae
2281 4504 2563 4570 admini-

601 4586 748 4653 culo
792 4587 1115 4674 indigeat,
1167 4588 1284 4654 sed
1329 4589 1494 4654 nihil
1538 4592 1806 4673 penitus
1849 4592 2005 4657 boni
2049 4611 2432 4675 expressum
2476 4592 2562 4656 iri

603 4693 642 4736 a
696 4673 889 4739 corde
944 4682 1198 4754 nostre,
1255 4677 1384 4740 nisi
1441 4676 1622 4742 aliud
1687 4680 1820 4743 fiat.
1920 4678 2095 4744 Nam
2149 4677 2208 4743 si
2261 4678 2430 4761 lapis
2486 4678 2559 4742 in

602 4778 867 4824 carnem
908 4761 1430 4842 transformatur,
1474 4762 1736 4845 quando
1780 4784 1902 4831 nos
1945 4763 2029 4830 ad
2064 4765 2225 4831 recti
2267 4763 2557 4830 studium

602 4844 928 4911 Dominus
972 4849 1320 4914 convertit:
1369 4849 1694 4928 aboletur,
1740 4850 2059 4934 quidquid
2101 4860 2203 4917 est
2247 4850 2558 4916 volunta-

603 4930 688 4995 tis
743 4938 1003 4997 nostrae
1057 4935 1424 5017 proprium,
1494 4944 1560 4998 et
1625 4934 1801 5020 quod
1862 4936 2178 5017 succedit,
2246 4943 2462 5001 totum
2518 4957 2558 5001 a

599 5014 746 5081 Deo
790 5023 908 5083 est.
975 5018 1125 5098 Hic,
1161 5041 1293 5103 qua
1335 5020 1698 5103 plurimum
1735 5022 1913 5089 valet
1954 5023 2365 5090 conviciandi
2401 5041 2555 5105 pro·

599 5102 831 5182 tonia,
876 5103 949 5168 in
985 5126 1091 5169 me
1127 5103 1590 5173 debacchatur:
1636 5108 1876 5174 clamat
1914 5107 2556 5192 pseudoprophetam

598 5189 672 5254 in
717 5197 901 5257 veste
943 5191 1086 5257 ovis
1128 5190 1530 5276 deprehendi
1575 5194 2016 5277 seducentem,
2062 5195 2187 5261 hoc
2219 5202 2337 5274 est,
2375 5214 2554 5258 seor-

1906 436 2279 506 RESPON
2283 437 2437 504 810
2483 435 2863 505 CONTRA
2903 436 3320 506 PIGHIUM

4502 444 4625 508 376

2666 626 2792 694 sibi
2835 627 3079 711 placet,
3137 637 3216 692 ut
3262 647 3397 693 non
3452 629 3613 694 satis
3669 628 3915 697 habeat
3961 651 4148 696 suam
4192 629 4626 696 insulsitatem

2667 714 2868 779 semel
2910 710 3291 797 prodidisse.
3387 714 3539 781 Huc
3581 722 3801 780 autem
3848 722 4122 799 spectat,
4168 735 4253 783 ue
4298 737 4449 783 eum
4485 717 4627 782 81116

2667 799 2927 865 ratione
2960 797 3353 865 maledicere
3390 812 3600 884 putes,
3623 802 3939 886 quidquid
3973 809 4210 868 sonent
4244 803 4445 868 verba
4479 824 4626 885 pro-

2668 886 2927 969 phetae,
2973 893 3051 950 ut
3093 894 3317 952 tamen
3361 888 3579 969 opinio
3613 909 3737 954 sua
3770 887 4019 954 valeat:
4067 888 4379 971 quoniam
4422 888 4628 955 eecle-

2670 973 2805 1038 siae
2864 971 3217 1037 autoritate
3274 973 3545 1039 nitatur.
3648 973 4024 1057 Aliquando
4080 982 4302 1040 tameu
4346 974 4430 1040 ad
4485 996 4629 1039 rem

2671 1055 2936 1124 accedit.
3029 1056 3221 1124 Sicut
3264 1066 3446 1139 ante,
3503 1059 3751 1144 inquit,
3809 1060 3993 1126 nulla
4035 1059 4266 1125 auxilii
4308 1061 4412 1126 sui
4454 1061 4629 1127 facta

2669 1144 3018 1223 mentione,
3052 1151 3265 1209 totam
3287 1146 3701 1228 perfectionis
3738 1168 4064 1212 summam
4100 1148 4441 1230 potestatis
4475 1168 4632 1212 1108-

2670 1239 2814 1296 trae
2856 1230 3120 1309 fecerat,
3167 1251 3371 1313 quum
3416 1232 3685 1299 diceret:
3732 1232 4042 1298 Proiicite
4083 1254 4122 1297 a
4156 1233 4343 1300 vobis
4384 1234 4630 1315 iniqui-

2669 1324 2841 1382 tates
2884 1325 3140 1382 vestras
3154 1339 3171 1396 ;
3216 1319 3677 1384 convertimini
3722 1319 3804 1384 ad
3848 1341 3955 1384 me
3970 1343 3987 1399 3
4042 1319 4239 1384 facite
4282 1319 4472 1386 vobis
4516 1340 4631 1385 cor

2670 1422 2917 1469 novum
2964 1412 3030 1468 et
3064 1402 3369 1485 spiritum
3407 1425 3681 1471 novum:
3729 1406 3823 1470 ita
3864 1404 3974 1471 hic
4009 1403 4289 1470 eandem
4327 1406 4444 1470 uni
4480 1404 4630 1470 Deo

2668 1489 2918 1567 tribuit,
2965 1491 3320 1572 praeterita
3363 1498 3591 1556 nostra
3634 1491 3961 1557 facultate.
4050 1490 4233 1575 Ergo
4280 1500 4631 1573 utrumque

2668 1574 2889 1639 locum
2932 1574 3117 1640 iubet
3158 1576 3484 1660 coniungi,
3535 1584 3608 1641 ut
3650 1578 3972 1659 habeatur
4014 1577 4147 1657 illa,
4193 1576 4275 1642 de
4318 1598 4449 1661 qua
4492 1576 4631 1642 dis-

2670 1660 2906 1740 seruit,
2963 1661 3153 1727 liberi
3197 1661 3452 1727 arbitrii
3508 1670 3577 1728 et
3632 1664 3883 1748 gratiae
3927 1663 4324 1749 coniugatio.
4416 1661 4632 1743 Quasi

2668 1768 2827 1812 vero
2865 1746 2965 1811 illi
3010 1748 3389 1829 permittam
3406 1800 3420 1825 ,
3467 1770 3552 1814 ex
3595 1751 3957 1834 praeceptis
4001 1749 4325 1834 colligere,
4380 1756 4633 1832 quanta

2669 1839 2785 1898 aut
2849 1833 3064 1915 qualis
3131 1834 3217 1898 sit
3281 1834 3623 1900 hominum
3680 1834 3762 1902 ad
3822 1835 4265 1903 obediendum
4332 1835 4629 1901 facultas.

2667 1919 2868 1984 Hunc
2907 1918 3192 1986 iubendo
3235 1920 3400 2004 legis
3445 1922 3748 1987 effectum
3793 1944 3935 1988 esse
3979 1944 4062 1987 ex
4106 1921 4319 1988 Paulo
4363 1921 4629 2000 scimus,

2666 2016 2743 2071 ut
2785 2005 3039 2071 occidat
3079 2009 3148 2089 (2
3188 2005 3336 2072 Cor.
3379 2010 3435 2085 3,
3478 2010 3563 2089 6).
3653 2008 3839 2074 Cur?
3898 2008 4029 2075 nisi
4072 2008 4228 2091 quia
4271 2029 4405 2072 non
4451 2006 4632 2072 aliud

2667 2098 2913 2243 gomet,
2992 2112 3193 2175 quam
3266 2091 3603 2158 hominem
3668 2095 4180 2179 transgressioni
4263 2092 4629 2160 subiicere?

2723 2177 2933 2243 cimus
2978 2190 3044 2242 ct
3086 2177 3208 2243 hoe
3251 2198 3392 2244 esse
3435 2180 3579 2244 eius
3621 2180 3927 2261 officium,
3974 2190 4050 2246 ut
4092 2181 4457 2257 hominem,
4504 2180 4631 2243 mi-

2668 2264 2878 2329 seriae
2919 2284 3079 2328 suae
3123 2266 3459 2348 agnitione
3503 2267 3902 2349 perculsum,
3947 2267 4302 2350 confugere
4346 2264 4431 2331 ad
4473 2286 4630 2350 gra-

2667 2349 2831 2414 tiam
2888 2347 3118 2415 doeeat
3170 2350 3351 2433 (Gal.
3403 2355 3462 2430 3,
3514 2354 3643 2436 24).
3745 2352 3930 2437 Ergo
3985 2353 4067 2419 ab
4123 2361 4405 2418 externa
4461 2351 4632 2436 legis

2669 2433 3151 2517 praedicatione
3184 2436 3621 2503 recedendum
3654 2446 3774 2518 est,
3812 2448 3887 2504 ut
3920 2439 4003 2505 ad
4039 2438 4451 2522 spiritualem
4486 2438 4633 2504 eius

2667 2521 3192 2605 inscriptionem,
3264 2521 3345 2589 de
3408 2544 3540 2606 qua
3604 2526 3894 2609 loquitur
3945 2525 4261 2590 Ieremias
4317 2522 4453 2609 (31,
4496 2524 4633 2608 33),

2667 2608 3033 2673 veniamus.
3124 2608 3274 2676 Illic
3318 2614 3496 2675 euim
3541 2611 3871 2677 Dominus
3912 2610 4142 2676 foedus
4186 2634 4256 2676 se
4298 2612 4633 2676 facturum

2667 2694 3026 2776 promittit,
3086 2716 3219 2759 11011
3277 2696 3469 2778 quale
3526 2707 3680 2762 ante
3734 2698 4102 2782 pepigerat,
4160 2697 4316 2780 quia
4366 2696 4634 2761 irritum

2668 2780 2920 2845 factum
2964 2780 3184 2846 fuerat
3227 2780 3585 2848 defectione
3628 2783 3852 2867 populi
3869 2836 3883 2863 ,
3925 2784 4041 2849 sed
4085 2783 4312 2849 foedus
4354 2801 4631 2860 novum,

2668 2885 2799 2949 (1110
2845 2865 3060 2950 legem
3103 2867 3423 2933 inscribat
3465 2871 3693 2953 populi
3736 2870 3833 2935 sui
3883 2869 4204 2949 cordibus,
4251 2876 4319 2934 et
4363 2868 4633 2935 visceri-

2668 2951 2795 3016 bus
2837 2951 3181 3035 insculpat.
3252 2952 3459 3020 Vides
3502 2975 3786 3035 causam,
3833 2978 3952 3022 cur
3993 2955 4221 3021 foedus
4254 2953 4418 3019 illud
4457 2952 4635 3038 quod

2671 3048 2947 3104 externa
3022 3039 3465 3108 raedicatione
3498 3041 3859 3122 constabat,
3897 3044 4279 3128 abrogetur:
4313 3040 4471 3124 quia
4504 3040 4634 3106 sei·

2672 3124 2827 3191 licet
2878 3126 2989 3190 vio
3016 3133 3199 3192 atum
3253 3128 3456 3193 fuerit
3508 3130 3589 3195 ab
3648 3129 4043 3195 hominibus.
4120 3126 4329 3193 Vides
4369 3136 4437 3192 et
4474 3127 4635 3192 novi

2668 3211 3043 3294 paciscendi
3085 3214 3576 3280 necessitatem:
3622 3217 3778 3298 quia
3822 3215 4071 3282 scilicet
4097 3235 4233 3279 non
4278 3214 4473 3280 aliter
4516 3234 4633 3278 ra-

2669 3305 2812 3362 tum
2855 3297 2945 3363 sit
2984 3299 3301 3376 futurum,
3344 3299 3550 3368 donee
3593 3302 3827 3384 spiritu
3874 3301 4005 3367 Dei
4051 3301 4443 3383 inscriptum
4487 3320 4635 3364 001·-

2672 3381 2861 3449 dibus
2903 3384 3122 3450 fuerit.
3190 3386 3411 3451 Huius
3455 3388 3779 3454 efficaciae
3824 3388 3881 3452 si
3922 3388 4028 3454 vel
4075 3387 4425 3452 minimum
4472 3407 4635 3470 gus-

2670 3477 2811 3534 tum
2847 3470 3125 3536 haberet
3145 3472 3457 3555 Pighius:
3495 3482 3611 3538 aut
3645 3476 3700 3538 si
3736 3475 4160 3557 impotentiae
4199 3473 4436 3538 saltem
4470 3493 4637 3537 suae

2670 3557 3071 3622 conscientia
3125 3565 3539 3642 tangeretur,
3610 3582 3739 3624 non
3805 3560 4091 3644 amplius
4148 3558 4636 3641 obloqueretur,

2667 3642 2739 3706 in
2793 3642 3133 3709 hominum
3179 3645 3385 3709 statui
3438 3654 3760 3728 potestate
3802 3645 3973 3728 quod
4020 3646 4153 3711 illis
4209 3645 4635 3728 praecipitur.

2841 3734 2989 3808 [pag.
3030 3734 3179 3808 200]
3208 3731 3427 3814 Atque
3470 3731 3627 3797 hinc
3668 3732 3872 3797 etiam
3903 3738 4100 3815 patet,
4149 3753 4342 3814 quam
4388 3731 4638 3796 frivola

2668 3815 2756 3879 sit
2798 3823 2866 3879 et
2906 3815 3253 3899 nugatoria
3296 3817 3438 3882 eius
3481 3818 3911 3883 ratiocinatio.
4003 3815 4079 3883 Si
4124 3840 4208 3883 ex
4250 3817 4639 3901 promissio-

2668 3899 2864 3966 nibus
2897 3900 3276 3983 inferamus,
3319 3903 3520 3968 solius
3552 3904 3681 3984 Dei
3724 3925 3888 3987 opus
3932 3924 4079 3970 esse
4110 3903 4636 3980 conversionem,

2668 3988 2823 4069 quia
2865 4008 2936 4052 86
2980 3987 3191 4053 80111111
3236 3989 3379 4055 61118
3422 3997 3718 4055 autorem
3754 3989 3892 4056 illic
3934 3999 4425 4068 commemoret,
4480 3990 4639 4072 pari

2669 4073 2924 4138 ratione
2951 4073 3323 4140 evicturum
3353 4079 3437 4140 ex
3480 4076 3848 4159 praeceptis
3866 4075 4235 4160 Pelagium,
4282 4096 4471 4158 posse
4505 4096 4636 4140 nos

2668 4159 2906 4237 omnia,
2940 4161 3071 4248 Dei
3115 4160 3331 4244 gratia
3362 4161 3530 4226 nihil
3575 4161 3857 4227 adiutos:
3905 4162 4216 4245 quoniam
4247 4161 4381 4227 illic
4425 4181 4467 4224 a
4508 4182 4639 4226 no-

2671 4245 2788 4324 bis,
2835 4246 2975 4310 siue
3013 4248 3343 4312 mentione
3377 4247 3647 4332 gratiae,
3692 4249 3984 4331 perfecta
4013 4248 4262 4313 iustitia
4298 4248 4633 4331 exigatur.

2671 4329 2881 4411 Quasi
2906 4352 3061 4397 vero
3096 4331 3244 4397 ideo
3266 4331 3509 4398 dentur
3531 4340 3897 4416 praecepta,
3945 4342 4020 4398 ut
4053 4332 4226 4416 quod
4250 4332 4436 4398 deest
4470 4354 4637 4418 gra-

2668 4416 2826 4497 tiae,
2885 4418 3124 4483 virium
3179 4426 3556 4484 nostrarum
3613 4418 3900 4485 subsidio
3954 4419 4327 4502 expleatur:
4380 4425 4451 4484 et
4490 4441 4636 4484 non

2666 4505 2918 4586 potius,
3017 4511 3093 4568 ut
3168 4506 3470 4587 propriae
3546 4505 3972 4588 impotentiae
4061 4505 4397 4572 convictos
4416 4556 4432 4584 ,
4536 4505 4631 4570 ad

2666 4589 2948 4674 gratiam
2994 4611 3195 4655 manu
3228 4589 3489 4657 ducant.
3557 4591 3713 4656 Alia
3754 4598 3860 4656 est
3875 4591 4378 4672 promissionum
4422 4593 4635 4657 ratio:

2667 4676 2893 4756 Dab0,
2948 4676 3164 4759 inquit
3217 4676 3574 4751 Dominus,
3630 4683 3950 4756 mentem,
4006 4683 4081 4740 ut
4134 4675 4311 4760 quod
4366 4685 4637 4744 rectum

2667 4769 2769 4827 est
2804 4762 3087 4828 videatis
3132 4770 3201 4827 et
3244 4763 3530 4846 eligatis:
3587 4760 3752 4825 dabo
3794 4781 3906 4826 cor
3948 4783 4292 4840 carneum,
4348 4773 4427 4828 ut
4467 4764 4634 4830 obe-

2665 4847 2888 4928 diatis3
2934 4848 3165 4914 faciam
3215 4856 3291 4913 ut
3335 4844 3680 4912 ambuletis
3715 4846 3789 4910 in
3831 4845 3978 4932 lege
4019 4869 4185 4914 mea.
4274 4848 4428 4914 Non
4469 4871 4634 4915 sus-

2661 4933 2893 5016 pendit
2934 4956 2975 4998 a
3018 4932 3207 4998 nobis
3248 4949 3475 4994 eorum
3518 4932 4091 5015 complementum,
4138 4956 4305 5018 quae
4350 4935 4634 5018 pollice·

2663 5027 2791 5098 tur,
2838 5017 2955 5084 sed
2989 5014 3367 5095 simpliciter
3398 5016 3468 5080 111
3501 5039 3572 5082 86
3612 5025 3747 5083 nno
3788 5017 3974 5085 locat.
4031 5020 4331 5087 Iubendo
4373 5029 4630 5102 autem,

2662 5124 2794 5168 non
2836 5098 3215 5166 facultatem
3260 5108 3376 5165 aut
3418 5123 3660 5169 novam
3703 5105 3890 5171 nobis
3933 5106 4214 5184 confert,
4262 5114 4380 5173 aut
4417 5128 4631 5191 quam

2656 5187 2974 5248 habemus
3035 5185 3401 5268 praedicat,
3477 5188 3594 5253 sed
3649 5189 3818 5254 nihil
3895 5194 4164 5257 omnino
4232 5213 4353 5258 1108
4416 5214 4632 5278 posse

601 5294 748 5340 sum
793 5281 942 5358 [paq.
985 5282 1131 5356 1991
1174 5278 1522 5346 ducentem
1574 5281 1657 5346 ab
1699 5280 1924 5347 ovium
1965 5281 2172 5348 caulis
2226 5279 2552 5370 simplices
2654 5267 2843 5334 nobis
2886 5269 3193 5351 ostendit,
3240 5281 3317 5337 ut
3357 5293 3485 5356 quo
3527 5294 3731 5357 penes
3772 5295 3895 5341 nos
3939 5276 4297 5358 deficimur,
4344 5279 4631 5346 aliunde

471 5371 496 5418 1
597 5362 868 5427 animas,
958 5362 1072 5429 Sic
1114 5366 1296 5430 enim
1336 5367 1409 5431 in
1451 5366 1567 5432 ina
1619 5386 1742 5433 gua
1781 5387 2002 5435 orma
2047 5365 2551 5432 hallucinatione
2654 5375 2966 5437 quaerere
2996 5354 3341 5424 discamus.
3410 5358 3653 5426 Valeat
3681 5382 3841 5446 ergo
3858 5362 4164 5429 fictitium
4197 5363 4363 5430 illud
4382 5365 4627 5450 Pighii
