4999 6179
623 445 745 507 271

623 631 844 715 (Rom.
890 632 983 707 10,
1029 629 1157 713 17).
1246 626 1361 693 Sic
1404 627 1582 692 enim
1626 627 1984 710 loquendo,
2044 648 2179 692 non
2224 626 2419 693 modo
2462 647 2578 691 ve-

621 735 766 781 ram
832 719 901 779 et
963 720 1242 789 certam,
1315 713 1431 779 sed
1497 713 1759 779 unicam
1823 714 1982 779 facit
2042 713 2340 798 regulam
2405 711 2578 777 fidei.

617 800 875 867 Verum
916 800 1027 866 ubi
1079 820 1230 865 cum
1271 799 1619 865 haereticis
1662 806 1763 863 est
1804 808 2165 878 certamen,
2223 820 2352 864 non
2407 797 2580 862 mul-

619 897 794 965 tum,
851 887 1092 969 inquit,
1151 906 1301 951 cum
1361 886 1689 968 scriptura
1731 886 2056 968 proficias:
2119 902 2320 968 quam
2371 889 2583 948 totam

619 972 756 1038 illis
813 978 1190 1055 promptum
1247 976 1348 1035 est
1404 969 1684 1036 eludere.
1775 970 2030 1037 Iterum
2089 971 2253 1035 mihi
2308 990 2582 1052 respon-

621 1057 793 1137 deat,
839 1056 996 1140 quid
1039 1055 1421 1121 mutationis
1468 1056 1796 1137 acciderit,
1843 1080 1925 1122 ex
1969 1078 2099 1141 quo
2136 1056 2387 1122 Paulus
2431 1076 2582 1120 ver-

624 1145 782 1210 bum
836 1142 968 1208 Dei
1026 1142 1321 1226 gladium
1374 1143 1788 1225 spiritualem
1843 1141 2149 1222 vocabat,
2220 1162 2351 1226 quo
2408 1147 2584 1205 totus

620 1228 832 1296 Satan
893 1229 1374 1312 opprimeretur
1439 1229 1714 1313 (Ephes.
1781 1234 1838 1308 6,
1895 1229 2022 1313 17).
2130 1226 2206 1294 Si
2268 1224 2586 1294 adversus

622 1316 1103 1382 haereticorum
1169 1315 1466 1379 omnium
1522 1322 1722 1398 caput
1779 1315 2038 1399 gladius
2095 1321 2196 1377 est
2247 1315 2457 1381 victor
2507 1333 2584 1378 ac

619 1399 1068 1484 triumphali3â€š
1125 1400 1236 1483 qui
1280 1401 1386 1475 fit,
1443 1408 1521 1466 ut
1574 1400 1890 1466 adversus
1946 1399 2243 1465 membra
2283 1406 2585 1463 retusum

618 1488 734 1566 sit,
798 1494 867 1552 et
917 1486 1103 1568 quasi
1158 1485 1602 1551 arundineum
1653 1485 1901 1551 telum?
1991 1485 2084 1549 Et
2139 1484 2251 1550 ubi
2304 1483 2431 1549 erit
2482 1484 2583 1549 vis

615 1572 734 1639 illa
775 1570 1183 1655 penetrandi,
1230 1592 1396 1654 quae
1440 1572 1537 1636 illi
1575 1573 1731 1638 alibi
1767 1572 2095 1649 tribuitur,
2141 1580 2216 1636 ut
2249 1570 2584 1653 pertingat

617 1677 825 1741 usque
877 1656 959 1722 ad
1014 1655 1406 1722 divisionem
1461 1659 1719 1723 animae
1773 1664 1841 1723 et
1897 1658 2195 1740 spiritus,
2252 1655 2586 1721 discernat

618 1744 1048 1828 cogitationes
1090 1741 1322 1822 cordis,
1370 1750 1489 1809 etc.
1535 1742 1770 1829 (Hebr.
1810 1748 1870 1822 4,
1915 1742 2068 1826 12)?
2159 1738 2585 1824 Respondeat

618 1831 988 1895 etiamnum
1043 1827 1210 1892 mihi
1252 1828 1566 1912 Pighius,
1622 1837 2099 1912 perpetuumne
2152 1828 2240 1893 sit
2296 1826 2583 1909 elogium

618 1916 761 1994 hoc,
803 1935 890 1979 an
934 1914 1136 1978 unius
1179 1920 1439 1979 tantum
1482 1917 1741 1982 aetatis:
1790 1914 2004 1979 omnis
2050 1914 2379 1997 scriptura
2415 1911 2584 1977 divi-

617 2002 802 2067 nitus
857 2000 1206 2081 inspirata,
1264 1999 1448 2066 utilis
1503 2009 1605 2066 est
1647 1999 1731 2065 ad
1777 1997 2172 2078 docendum,
2229 1997 2312 2063 ad
2356 1996 2583 2062 redar-

618 2084 986 2171 guendum,
1032 2084 1117 2148 ad
1158 2085 1637 2169 corrigendum,
1685 2085 1768 2151 ad
1809 2084 2317 2163 instituendum,
2363 2090 2437 2147 ut
2479 2083 2583 2147 in-

618 2180 808 2256 teger
850 2172 939 2235 sit
991 2170 1188 2235 homo
1232 2169 1359 2235 Dei
1416 2171 1485 2256 (2
1523 2173 1691 2238 Tim.
1735 2176 1792 2251 3,
1841 2171 1965 2255 16).
2054 2170 2188 2235 Hic
2231 2169 2431 2234 etiam
2475 2190 2583 2233 ca-

620 2265 743 2340 put
785 2256 1105 2322 movebit:
1165 2256 1351 2338 quasi
1392 2278 1524 2322 non
1568 2256 1930 2341 providerit
1980 2256 2250 2339 spiritus
2295 2259 2579 2334 sanctus,

619 2342 833 2427 qualis
896 2343 1121 2407 futura
1184 2349 1358 2407 esset
1411 2342 1892 2409 haereticorum
1945 2341 2238 2407 vafrities
2302 2341 2375 2404 in
2445 2346 2581 2403 tor-

621 2427 897 2511 quendis
940 2447 1016 2492 ac
1060 2426 1500 2510 depravandis
1544 2428 1904 2511 scripturis.
1978 2426 2237 2492 Verum
2280 2425 2385 2491 cui
2428 2446 2581 2508 per-

619 2512 895 2580 suadeat
949 2534 1020 2578 se
1063 2513 1208 2578 Deo
1259 2514 1727 2596 sapientiorem
1769 2511 1955 2579 esse?
2045 2510 2241 2592 Quod
2292 2511 2350 2575 si
2402 2530 2581 2577 nunc

618 2621 874 2684 quoque
916 2619 1164 2681 negare
1205 2608 1469 2682 pergat,
1516 2600 1819 2664 sufficere
1859 2599 2247 2681 scripturam
2292 2596 2376 2662 ad
2420 2597 2578 2662 hae-

619 2687 857 2751 reticos
900 2681 1298 2767 arguendos,
1353 2682 1508 2766 quid
1539 2684 1733 2750 aliud
1789 2691 2118 2767 superest,
2175 2704 2374 2765 quam
2429 2704 2581 2748 cum

621 2770 1041 2835 anathemate
1095 2767 1316 2847 illum,
1373 2780 1691 2853 tanquam
1748 2771 2110 2853 professum
2168 2775 2235 2833 et
2287 2770 2579 2850 pertina-

619 2877 765 2923 cem
810 2854 1108 2922 veritatis
1151 2852 1409 2919 hostem
1454 2855 1600 2920 able
1648 2856 1801 2921 are?
1891 2855 2029 2920 Nec
2073 2853 2253 2920 aliud
2306 2874 2383 2919 eo
2437 2853 2581 2919 loco

617 2942 871 3025 profert
912 2940 1183 3019 Paulus,
1230 2961 1426 3022 quam
1462 2962 1588 3024 quo
1668 2963 1791 3007 usu
1827 2941 1969 3023 ipso
2006 2938 2337 3005 didicerat.
2407 2939 2583 3003 Nam

619 3047 825 3112 quum
881 3026 1199 3092 adversus
1243 3025 1551 3106 Iudaeos,
1608 3027 1968 3111 quamlibet
2011 3025 2211 3092 duros
2255 3031 2320 3089 et
2363 3024 2583 3108 pervi-

618 3134 823 3193 caces,
868 3112 1253 3195 disputaret,
1298 3134 1433 3178 non
1478 3113 1744 3180 aliunde
1788 3113 2091 3180 sumebat
2124 3133 2326 3191 arma,
2373 3112 2434 3176 si
2471 3133 2583 3178 ve-

618 3221 773 3265 rum
837 3199 1039 3263 refert
1094 3198 1328 3264 Lucas.
1379 3199 1555 3284 (Act.
1602 3203 1702 3278 17,
1752 3199 1840 3284 2).
1931 3198 2236 3282 Denique
2288 3197 2404 3262 ubi
2465 3196 2583 3262 diu

617 3285 1034 3366 multumque
1076 3284 1283 3349 fuerit
1327 3283 1763 3367 disputatum,
1826 3285 1932 3351 hic
1977 3292 2077 3350 est
2118 3283 2285 3367 lapis
2340 3281 2581 3368 lydius,

619 3369 704 3434 ad
749 3370 931 3434 cuius
985 3389 1265 3434 examen
1319 3370 1678 3454 exigendae
1734 3379 1891 3436 sunt
1946 3391 2174 3435 omnes
2229 3368 2581 3433 doctrinae.

620 3454 887 3521 Laudat
939 3454 1118 3519 enim
1170 3456 1439 3539 spiritus
1497 3463 1645 3535 [pag.
1685 3460 1790 3534 54]
1845 3463 2115 3522 sanctus
2162 3453 2585 3520 Thessaloni-

619 3561 874 3620 censeS,
922 3540 1035 3623 qui
1079 3561 1284 3622 quum
1327 3562 1474 3607 rece
1523 3543 1727 3608 issent
1771 3562 1922 3606 cum
1965 3540 2146 3606 omni
2187 3541 2583 3624 promptitu-

621 3627 775 3692 dine
820 3625 1114 3703 verbum,
1157 3626 1484 3711 investiga
1529 3635 1645 3692 ant
1699 3649 1783 3692 ex
1839 3626 2213 3710 scripturis,
2274 3648 2360 3691 an
2419 3626 2583 3691 haec

619 3713 716 3777 ita
760 3731 832 3776 se
875 3711 1197 3777 haberent
1248 3711 1432 3795 (ibid.
1471 3734 1640 3779 vers.
1687 3712 1812 3796 11).
1903 3711 2102 3778 Certe
2146 3720 2264 3777 aut
2304 3732 2438 3776 non
2481 3719 2584 3776 est

579 3839 584 3846 -
618 3796 991 3883 legitimum
1043 3797 1408 3880 scripturae
1461 3818 1741 3864 examen
1794 3796 1878 3863 ad
1921 3796 2292 3880 probandas
2337 3796 2581 3861 doctri-

619 3904 761 3960 nas,
808 3890 923 3948 aut
963 3890 1143 3949 certa
1189 3903 1339 3966 pers
1385 3883 1662 3967 icuaque
1713 3882 1870 3948 inde
1924 3883 2078 3949 fidei
2124 3882 2415 3949 definitio
2459 3882 2580 3948 ha-

619 3968 757 4034 beri
801 3976 1035 4053 potest.
1127 3904 1476 4035 Praecfare
1521 3969 1966 4054 Augustinus,
2023 3970 2165 4049 ubi,
2213 3970 2452 4052 inquit,
2499 3966 2582 4033 de

615 4076 689 4120 re
732 4055 1011 4121 obscura
1053 4054 1455 4137 disputatur,
1512 4075 1645 4120 non
1690 4054 2160 4120 adiuvantibus
2204 4054 2582 4121 divinarum

618 4140 746 4207 scri
797 4149 1093 4205 turarum
1148 4140 1346 4206 certis
1400 4140 1721 4223 clarisque
1777 4139 2217 4222 documentis,
2274 4140 2581 4206 cohibere

618 4247 690 4291 se
774 4225 921 4290 ebet
961 4225 1254 4291 humana
1296 4227 1769 4310 praesumptio,
1825 4225 1993 4290 nihil
2033 4227 2308 4306 faciens,
2365 4228 2437 4291 in
2483 4226 2579 4290 al-

617 4320 832 4377 teram
874 4317 1132 4394 partem
1175 4310 1582 4377 declinanda
1649 4312 1825 4377 Huic
1869 4312 2232 4377 sententiae
2267 4313 2416 4396 quis
2453 4313 2581 4378 erit

617 4396 822 4475 locus,
870 4396 927 4462 si
972 4417 1106 4461 non
1150 4398 1411 4460 firmam
1458 4417 1533 4462 ac
1575 4405 2019 4475 constantem,
2066 4397 2395 4481 nullisque
2436 4418 2580 4463 ma-

618 4483 834 4548 chinis
877 4482 1389 4566 expugnabilem
1440 4482 1512 4547 in
1561 4484 1909 4566 scripturis
1952 4483 2414 4549 certitudinem
2459 4482 2580 4547 ha-

615 4569 771 4634 beat
810 4569 940 4632 Dei
985 4565 1273 4633 veritas?
1361 4567 1599 4651 Itaque
1641 4577 1873 4653 postea
1914 4569 2263 4649 concludit,
2310 4567 2578 4636 credere

617 4676 707 4733 se,
756 4653 926 4718 nihil
966 4652 1050 4717 ad
1092 4652 1375 4718 salutem
1417 4656 1859 4720 necessarium
1895 4676 2039 4722 esse
2074 4657 2364 4741 cognitu,
2404 4654 2577 4739 quod

617 4759 754 4804 non
790 4738 1030 4804 habeat
1062 4738 1493 4804 clarissimam
1526 4739 1598 4803 in
1636 4741 1983 4824 scripturis
2020 4742 2574 4826 approbationem.

618 4824 814 4890 Nunc
849 4823 1062 4890 sancti
1097 4824 1222 4889 viri
1256 4825 1653 4908 imperitiam
1690 4826 2052 4893 subsannet
2074 4827 2375 4913 Pighius,
2405 4826 2578 4912 quod

620 4907 1017 4992 disputando
1060 4931 1193 4975 non
1237 4918 1564 4991 assuetus,
1621 4913 1718 4978 ita
1765 4934 1907 4979 rem
1962 4914 2205 4980 habere
2246 4913 2413 4978 salso
2456 4933 2578 4995 puÎ‡

619 5001 808 5060 taret.
899 4995 1105 5078 Atqui
1148 4996 1272 5063 hoc
1316 4995 1642 5063 scribebat
1697 4998 1831 5064 iam
1885 5021 2088 5066 senex
2104 5051 2120 5079 â€š
2181 5020 2386 5081 quum
2442 5003 2578 5062 toto

619 5080 795 5145 vitae
838 5082 1180 5161 curricu10,
1226 5083 1557 5150 continuis
1600 5083 1916 5152 adversus
1952 5085 2173 5153 varios
2212 5083 2578 5149 haereticos

620 5167 1090 5233 certaminibus
1145 5188 1353 5252 paene
1397 5168 1695 5251 detritus,
1742 5171 2151 5255 experientia
2193 5169 2353 5234 satis
2397 5176 2578 5233 teneÎ‡

618 5257 752 5330 ret,
820 5261 1147 5337 quantum
1201 5263 1271 5320 et
1324 5254 1410 5321 ad
1464 5255 1833 5324 docendum
1887 5265 1956 5321 et
2011 5254 2095 5322 ad
2148 5253 2578 5339 pugnandum

618 5338 888 5406 valeant
928 5340 1309 5424 scripturae.

1920 435 2450 506 RESPONSIO
2495 433 2876 504 CONTRA
2916 434 3333 502 PIGHIUM

4520 432 4643 493 272

2858 626 2920 690 Î‘
2994 646 3076 689 ue
3119 622 3298 691 istud
3342 644 3500 689 sane
3534 641 3852 706 perquam
3893 627 3994 688 est
4026 620 4381 687 ridiculum
4395 671 4412 699 ,
4470 620 4646 704 quod

2683 709 2868 790 dum,
2924 631 3008 775 gi>
3051 710 3282 776 dubios
3342 716 3411 774 et
3453 710 3762 776 obscuros
3819 709 4182 790 scripturae
4237 725 4504 785 sensus,
4562 704 4649 772 ad

2687 796 2995 863 eeclesiae
3049 794 3501 862 definitionem
3543 793 3690 861 vult
3734 815 3853 858 nos
3897 792 4162 858 trahere
4177 843 4193 873 ,
4247 791 4649 876 principium

2687 903 2885 948 suum
2921 903 3004 947 ex
3049 882 3395 965 scripturis
3438 881 3653 945 sumit.
3710 879 3919 961 Atqui
3952 879 4274 963 principia
4317 875 4647 942 Î±á½Ï„á½¹Ï€Î¹ÏƒÏ„Î±

2686 988 2828 1033 esse
2873 974 3157 1051 oportet:
3204 987 3370 1050 quae
3413 988 3520 1033 res
3576 985 3902 1030 summam
3943 964 4310 1030 claritatem
4352 962 4644 1048 requirit.

2689 1052 3031 1136 Scriptum
3086 1061 3217 1132 est,
3274 1052 3520 1136 inquit,
3575 1056 3854 1134 surgent
3895 1050 4535 1134 pseudoprophetae,
4583 1056 4652 1115 et

2689 1138 3003 1205 seducent
3055 1139 3296 1203 multos
3361 1140 3433 1202 in
3485 1138 3751 1203 nomine
3808 1157 3975 1201 meo.
4066 1135 4246 1217 Quid
4317 1136 4439 1201 sibi
4501 1136 4651 1204 vult

2687 1226 2759 1290 in
2815 1225 3079 1290 nomine
3123 1223 3420 1292 Christi?
3510 1223 3713 1289 Falsa
3775 1222 4257 1306 scripturarum
4319 1222 4648 1306 interpre-

2689 1311 2953 1376 tatione.
3046 1308 3224 1392 Quid
3267 1311 3322 1376 si
3370 1309 3648 1393 negem?
3738 1308 3893 1374 Non
3936 1309 4114 1373 enim
4159 1328 4336 1373 unus
4381 1315 4483 1374 est
4523 1308 4645 1373 fal-

2687 1394 2866 1462 lendi
2937 1394 3168 1461 modus
3223 1395 3296 1460 in
3352 1394 3606 1460 Christi
3662 1395 3944 1459 nomine.
4037 1392 4175 1459 Sed
4227 1393 4447 1459 valeat
4500 1395 4642 1462 hoc.

2689 1480 3032 1564 Sequitur:
3093 1480 3272 1562 Quid
3306 1488 3435 1546 Î‡est
3486 1478 3840 1547 seducere?
3900 1478 4219 1545 Seorsum
4274 1478 4511 1546 ducere
4565 1479 4647 1546 ab

2687 1568 2943 1633 unitate
2987 1568 3293 1649 corporis.
3383 1567 3528 1631 Imo
3573 1564 3749 1649 quod
3792 1565 3952 1631 dicit
3982 1565 4282 1650 Pighius,
4326 1572 4430 1632 est
4471 1587 4647 1632 seor-

2690 1675 2837 1718 sum
2882 1654 2993 1718 ire.
3069 1652 3378 1718 Christus
3422 1651 3605 1717 enim
3647 1650 3806 1717 dicit
3849 1650 4251 1731 Ï€Î»Î±á½ºá¿†ÏƒÎ¿Ï…ÏƒÎ¹,
4318 1650 4492 1735 quod
4526 1652 4646 1717 fal-

2688 1739 2825 1804 lere
2870 1745 2936 1803 et
2978 1737 3278 1821 decipere
3333 1738 3678 1822 significat.
3769 1736 3899 1802 Hic
3944 1748 4169 1802 autem
4210 1738 4283 1803 in
4329 1738 4647 1824 etymolo-

2688 1824 2799 1908 gia
2837 1822 3043 1904 verbi,
3089 1844 3216 1907 quo
3260 1845 3600 1908 nunquam
3644 1844 3804 1889 usus
3847 1829 3950 1890 est
3993 1822 4334 1903 Christus,
4379 1824 4648 1906 puerili-

2690 1918 2791 1975 ter
2865 1909 3384 1993 philosophatur.
3496 1909 3682 1974 Nihil
3750 1909 3997 1973 mirum
4078 1909 4138 1973 si
4205 1916 4345 1974 tam
4412 1908 4648 1975 dubiae

2689 2002 2849 2062 sunt
2901 1995 3264 2077 scripturae
3318 1995 3403 2060 Pi
3452 1995 3590 2074 hio,
3649 1995 3763 2078 qui
3816 2003 3956 2060 tam
4008 1995 4287 2078 profana
4344 1998 4495 2074 [pag.
4541 2000 4647 2076 55]

2690 2079 2964 2147 audacia
3015 2082 3087 2146 in
3139 2081 3271 2146 illis
3325 2017 3495 2146 ludit
3562 2101 3638 2146 ac
3694 2080 3970 2153 lascivit.
4062 2078 4199 2147 Sed
4252 2080 4377 2147 hoc
4431 2090 4647 2147 extre-

2687 2188 2833 2232 mae
2875 2165 3314 2249 improbitatis
3359 2174 3486 2243 est,
3535 2166 3711 2250 quod
3754 2187 3876 2231 sua
3917 2174 4307 2248 commenta,
4350 2173 4491 2232 tam
4532 2166 4648 2232 fri-

2688 2251 2839 2319 vola
2880 2260 2948 2318 et
2980 2254 3347 2336 nugatoria,
3392 2273 3513 2336 pro
3549 2253 3839 2336 genuino
3875 2253 4240 2336 scripturae
4277 2274 4476 2319 sensu
4511 2263 4648 2317 tam
4712 2260 4721 2267 '

2689 2337 2996 2404 audacter
3047 2339 3380 2422 ingerere,
3437 2338 3634 2422 idque
3688 2337 3830 2403 loco
3882 2339 4216 2422 principii,
4273 2338 4441 2404 nihil
4496 2360 4647 2404 eum

2686 2422 2908 2507 pudet.
3000 2422 3137 2491 Sed
3211 2444 3565 2508 pergamus
3643 2423 3714 2487 in
3782 2423 3909 2489 hac
3987 2424 4161 2489 bolla
4217 2425 4644 2508 expositione.

2687 2511 3060 2590 Desertum,
3107 2510 3402 2594 angulos,
3447 2510 3829 2593 penetralia,
3877 2509 4228 2594 allegorico
4264 2532 4483 2588 sensu,
4530 2531 4647 2576 noâ€”

2687 2617 2807 2662 vas
2851 2604 2919 2662 et
2971 2595 3341 2679 singulares
3396 2595 3770 2680 opiniones,
3830 2617 3870 2660 a
3911 2597 4244 2661 communi
4285 2596 4463 2662 illius
4507 2616 4647 2664 cor-

2685 2683 2865 2765 poris
2907 2703 3104 2748 sensu
3140 2688 3509 2760 extraneas,
3553 2680 3888 2765 intelligit.
3960 2679 4099 2747 Sed
4125 2681 4283 2766 quid
4326 2683 4381 2749 si
4419 2681 4648 2749 Chris-

2688 2776 2797 2832 tus
2834 2768 2973 2849 ipse
3007 2767 3200 2832 aliter
3224 2765 3399 2850 apud
3431 2766 3725 2833 Lucam?
3786 2766 3935 2831 Non
3959 2769 4200 2848 veniet,
4234 2769 4469 2853 inquit,
4500 2788 4647 2852 reg-

2632 2880 2638 2971 Î™
2689 2874 2854 2917 num
2888 2853 3019 2918 Dei
3051 2874 3201 2918 cum
3237 2851 3717 2932 observationeÍ¾
3768 2873 3980 2935 neque
4018 2852 4267 2919 dicent:
4327 2875 4475 2920 ecce
4521 2853 4646 2933 hic,

2690 2945 2823 3017 aut,
2851 2959 2999 3005 ecce
3036 2937 3190 3004 illic.
3258 2940 3431 3005 Ecce
3475 2940 3652 3003 enim
3699 2958 3984 3020 regnum
4030 2939 4161 3004 Dei
4186 2941 4367 3004 intra
4398 2959 4517 3007 vos
4549 2944 4650 3005 est

2688 3024 2883 3110 (Luc.
2916 3028 3011 3105 17,
3039 3025 3169 3106 20).
3216 3021 3521 3091 Eandem
3542 3024 3886 3089 historiam
3909 3023 4064 3091 licet
4085 3046 4221 3092 non
4242 3025 4477 3092 iisdem
4500 3045 4648 3093 ver-

2687 3111 2819 3190 bis,
2869 3110 2995 3176 duo
3032 3111 3476 3195 evangelist-ae
3508 3112 3816 3177 referunt.
3880 3110 4329 3195 Allegoricum
4356 3107 4647 3195 â€˜sensum

2686 3197 3204 3262 comminiscitur
3214 3197 3494 3281 Pighius
3516 3198 3588 3261 in
3613 3194 3828 3261 verbis
3851 3196 4202 3262 Matthaei:
4229 3198 4373 3264 dico
4389 3199 4649 3264 nullum

2687 3304 2829 3349 esse
2873 3283 3084 3367 magis
3110 3283 3313 3348 fidum
3358 3284 3785 3366 interpretem
3828 3283 3970 3365 ipso
3997 3281 4284 3364 Christo,
4327 3286 4438 3368 qui
4473 3281 4649 3368 apud

2689 3369 2959 3449 Lucam,
3005 3369 3147 3434 sine
3190 3369 3344 3434 ullis
3388 3371 3434 3434 fi
3482 3370 3636 3447 uris,
3683 3389 3753 3433 se
3789 3367 3955 3432 nihil
3999 3369 4178 3434 aliud
4225 3370 4396 3437 velle
4441 3378 4645 3437 testa-

2631 3401 2639 3512 l
2687 3461 2817 3534 tur,
2854 3475 3055 3538 quam
3089 3475 3367 3539 regnum
3477 3454 3536 3519 ei
3571 3454 3910 3537 spirituale
3948 3475 4121 3520 esse:
4158 3454 4438 3540 ideoque
4473 3478 4645 3524 com-

2688 3541 3006 3606 mentitiis
3060 3540 3623 3607 observationibus
3665 3561 3801 3605 non
3846 3539 4274 3625 alligandum.
4362 3543 4645 3622 Interea,

2688 3625 2933 3709 inquit,
2981 3625 3139 3691 (lum
3180 3628 3442 3692 veniam
3489 3624 3570 3691 ad
3614 3625 3958 3705 iudicium,
4005 3628 4308 3710 regnabit
4348 3628 4420 3694 in
4464 3628 4646 3696 vobis

2688 3712 2874 3778 Deus
2917 3712 3381 3796 spiritualiter:
3438 3712 3743 3796 regnabit
3798 3712 3871 3777 in
3929 3713 4344 3779 conscientiis
4385 3716 4643 3794 vestris,

2687 3818 2806 3880 per
2848 3798 3200 3877 iustitiam,
3247 3798 3618 3878 veritatem,
3665 3818 3916 3881 pacem,
3960 3799 4411 3865 fortitudinem
4454 3802 4646 3885 spiri-

2687 3891 2827 3963 tus,
2900 3903 3036 3949 non
3092 3883 3455 3950 secundum
3520 3897 3866 3949 externum
3932 3884 4165 3950 mundi
4232 3895 4640 3970 apparatum.

2687 3968 2835 4053 Ego
2901 3976 3125 4035 autem
3185 3991 3392 4053 quum
3452 3971 3745 4048 veniam,
3811 3970 4023 4035 instar
4077 3970 4359 4056 fulguris
4411 3973 4642 4054 subite,

2685 4061 2949 4139 praeter
3001 4077 3184 4139 spem
3245 4056 3569 4134 omnium,
3624 4076 3977 4140 emergam.
4066 4057 4160 4121 Et
4213 4059 4384 4124 sicut
4424 4059 4645 4145 fulgur

2687 4140 2770 4206 ab
2827 4141 3078 4208 oriente
3133 4142 3300 4221 exit,
3369 4148 3437 4205 et
3492 4151 3767 4225 apparet
3821 4163 4028 4225 usque
4095 4144 4168 4208 in
4221 4144 4639 4225 occidentem,

2684 4228 2778 4292 ita
2819 4234 3151 4293 momento
3193 4249 3344 4306 uno,
3390 4228 3461 4291 in
3502 4228 3639 4293 ictu
3681 4227 3870 4307 oculi,
3915 4227 4112 4295 simul
4154 4231 4640 4310 manifestabor,

2684 4313 2975 4378 tribunal
2995 4312 3448 4391 conscendam,
3495 4319 3708 4378 totum
3729 4314 4051 4380 mundum
4086 4315 4433 4383 advocabo.
4492 4317 4557 4382 N
4557 4337 4640 4384 on

2683 4406 2786 4464 est
2825 4399 3035 4483 igitur
3071 4399 3243 4482 quod
3284 4399 3353 4464 in
3400 4399 3506 4464 his
3544 4405 3681 4463 tam
3716 4398 3909 4465 claris
3943 4408 4011 4465 et
4051 4401 4637 4486 simplicibusâ€˜ver-

2681 4484 2785 4549 bis
2820 4485 3189 4568 penetralia
3222 4494 3290 4549 et
3325 4484 3611 4550 latebras
3656 4484 4121 4570 allegoriarum
4169 4488 4496 4571 quaeritet
4526 4489 4636 4555 PiÎ‡

2628 4603 2633 4660 3
2684 4569 2899 4655 ghius.
2990 4570 3128 4639 Sed
3171 4569 3518 4637 audiamus
3562 4579 3820 4636 acutam
3865 4572 4367 4639 conclusionem.
4439 4575 4633 4660 Ergo,

2628 4701 2635 4718 .
2682 4656 2929 4740 inquit,
2985 4664 3214 4723 monet
3257 4650 3594 4735 Christus,
3656 4679 3741 4722 ne
3785 4679 4115 4725 exeamus.
4206 4658 4444 4726 Unde?
4532 4661 4635 4727 Ab

2630 4751 2633 4826 Î¾
2683 4741 2799 4807 illo
2854 4762 3141 4827 corpore.
3228 4742 3323 4807 Et
3376 4763 3460 4808 ne
3514 4743 3659 4826 quis
3714 4742 4058 4824 obtendat,
4117 4766 4189 4812 se
4231 4745 4487 4812 nescire
4528 4746 4635 4813 ubi

2684 4828 2773 4893 sit
2811 4848 3047 4911 eorpus
3090 4828 3277 4908 illud,
3323 4828 3594 4895 evidens
3649 4836 3716 4895 et
3770 4829 4111 4897 infallibile
4168 4831 4433 4916 signum
4486 4853 4633 4900 mox

2730 4915 3003 4996 roponit.
3092 4915 3223 4980 Ubi
3279 4915 3406 4980 erit
3447 4935 3712 5000 corpus,
3770 4914 3927 4983 illuc
3981 4916 4239 5000 aquilae
4282 4937 4632 5004 congrega-

2729 5006 2949 5066 untur.
3041 4999 3230 5082 Quae
3311 5008 3468 5067 sunt
3533 5000 3830 5085 aquilae?
3920 5002 4176 5087 Nempe
4256 5002 4337 5068 de
4403 5005 4631 5088 quibus

2682 5086 3007 5168 propheta
3046 5086 3375 5152 meminit:
3420 5086 3534 5170 qui
3574 5108 3845 5171 corpore
3879 5089 4096 5154 onusti
4136 5090 4374 5172 pennis
4415 5098 4627 5158 tamen

2683 5168 3021 5238 adiutricis
3079 5173 3330 5257 gratiae
3387 5173 3458 5237 in
3501 5174 3783 5239 sublime
3837 5173 4155 5240 feruntur.
4244 5175 4628 5261 Ubicunque

2683 5268 3170 5342 congregantur
3211 5259 3366 5324 illae
3408 5258 3685 5342 aquilae,
3730 5257 3866 5326 illic
3908 5282 4053 5328 esse
4087 5281 4342 5346 corpus,
4388 5264 4493 5329 cui
4527 5283 4622 5328 as-

2684 5343 2917 5408 sociari
2972 5351 3038 5411 et
3095 5351 3242 5425 [pag.
3291 5349 3397 5424 56]
3452 5346 3825 5412 consentire
3893 5346 4160 5427 debeas,
4233 5368 4320 5415 ne
4387 5347 4620 5418 dubita.
