4999 6179
441 486 564 547 289

437 671 818 737 voluntatis.
895 669 1090 736 Nunc
1134 692 1217 735 ex
1264 672 1544 738 adverso
1591 672 1848 739 concilii
1879 674 2323 740 Auransicani
2348 672 2399 756 ¹)

436 758 695 842 profero
732 755 1091 821 decretum:
1113 758 1172 841 ²)
1218 755 1296 823 Si
1332 760 1496 842 quis,
1543 766 1617 824 ut
1651 779 1691 822 a
1725 765 1987 841 peccato
2021 780 2399 843 purgemur,

436 843 848 907 voluntatem
919 850 1216 907 nostram
1279 844 1503 909 Deum
1580 851 1962 927 exspectare
2042 843 2398 923 contendit,

436 949 572 994 non
614 936 854 1006 autem,
914 936 990 992 ut
1031 928 1229 993 etiam
1275 931 1549 1015 purgari
1592 929 1900 1007 velimus,
1957 951 2077 1013 per
2131 932 2399 1013 spiritus

438 1015 651 1079 sancti
696 1014 1147 1097 operationem
1190 1016 1260 1079 in
1304 1015 1490 1080 nobis
1535 1018 1678 1082 fieri
1721 1017 2105 1096 confitetur,
2151 1017 2402 1081 resistit

437 1100 696 1183 spiritui
738 1108 963 1164 sancto
1016 1120 1136 1182 per
1170 1100 1597 1167 Solomonem
1638 1102 1907 1167 dicenti:
1951 1103 2402 1185 Praeparatur

439 1208 479 1251 a
520 1186 809 1250 Domino
855 1185 1180 1252 voluntas.
1271 1186 1386 1253 Sic
1441 1189 1619 1252 inter
1663 1188 1948 1263 hominis
1992 1187 2400 1254 voluntatem

438 1280 507 1336 et
563 1270 692 1335 Dei
750 1272 1032 1356 gratiam
1090 1273 1426 1338 distribuit
1480 1274 1811 1349 Hilarius,
1867 1281 1944 1337 ut
1995 1274 2400 1356 principium

1929 484 2057 550 DE
2101 483 2457 552 LIBERO
2499 484 2975 551 ARBI'PRIO.

4342 492 4471 553 290

2448 670 2455 739 Ι
2506 673 2855 739 traditione
2898 674 3233 757 prodierit,
3281 682 3349 740 et
3391 676 3472 741 ab
3516 677 3656 759 ipso
3700 675 4011 741 ecclesiae
4047 676 4335 756 exordio,
4382 677 4468 743 ad

2502 766 2797 824 nostram
2841 781 3050 843 usque
3094 767 3394 840 aetatem,
3441 768 3761 845 perpetua
3805 762 4213 827 successione
4257 765 4472 830 fluxe-

2506 845 2607 908 rit
2701 844 2897 927 Quod
2965 848 3021 911 si
3080 848 3533 932 exceptionem
3589 847 3670 912 ab
3725 847 4132 931 AugustinO,
4200 870 4329 932 qua
4392 852 4467 914 in

2507 929 2737 995 eadem
2777 937 2925 1011 [pag.
2965 937 3074 1011 80]
3119 954 3316 998 causa
3358 934 3597 1011 utitur,
3644 933 3939 997 mutuari
3981 933 4204 1012 velim,
4249 956 4465 1016 nemo,

2506 1015 2636 1082 nisi
2692 1017 2887 1083 valde
2952 1019 3253 1102 iniquus,
3321 1020 3584 1101 opinor,
3653 1040 3855 1101 quum
3911 1019 3999 1083 sit
4051 1021 4465 1103 aequissima,

2506 1101 2894 1185 repudiabit.
2982 1105 3156 1169 Nam
3213 1126 3414 1188 quum
3479 1127 3562 1169 ex
3618 1104 3898 1169 adversa
3948 1111 4138 1188 parte
4198 1106 4467 1189 quidam

2506 1190 2917 1271 acquiescere
2973 1212 3042 1256 se
3099 1197 3363 1273 paratos
3421 1192 3917 1274 profiterentur,
3987 1191 4045 1253 si
4100 1190 4467 1258 doctrinam

2506 1296 2694 1339 suam
2728 1282 2989 1358 patrum
3028 1276 3379 1341 autoritate
3418 1277 3743 1359 probaret,
3787 1275 4139 1358 respondet
4174 1276 4277 1341 his
4314 1299 4470 1343 ver-

438 1358 520 1422 ad
565 1357 748 1421 illam
795 1359 1063 1435 referat,
1123 1358 1422 1423 adiuvari
1478 1366 1704 1443 postea
1759 1358 1934 1425 dicat
1975 1358 2109 1424 Dei
2153 1360 2397 1444 gratia:
2504 1359 2622 1424 bis.
2725 1359 2903 1441 Quid
2968 1363 3174 1462 igitur
3238 1383 3399 1443 opus
3467 1370 3596 1439 est,
3660 1369 3737 1425 ut
3802 1381 4030 1425 eorum
4096 1370 4472 1429 scrutemur

438 1443 787 1509 concilium
831 1465 940 1508 eos
985 1444 1257 1527 spiritus
1303 1446 1514 1509 sancti
1560 1445 1783 1509 hostes
1825 1447 2235 1527 pronunciat,
2287 1446 2399 1527 qui

438 1531 530 1595 sic
575 1531 888 1608 sentiunt,
934 1529 1040 1595 vel
1087 1529 1464 1613 loquuntur.
1555 1530 1686 1596 Ubi
1729 1552 1910 1596 nunc
1952 1532 2069 1596 illa
2115 1540 2216 1597 est
2259 1538 2398 1595 tam
2448 1498 2455 1623 1

437 1622 618 1681 certa
672 1614 997 1693 definitio,
1056 1637 1254 1698 quam
1299 1616 1579 1700 Pighius
1637 1615 1832 1681 tertio
1889 1637 2143 1700 quoque
2196 1617 2400 1683 verbo

437 1700 728 1766 iactitat?
817 1700 900 1766 In
961 1700 1169 1765 altero
1225 1701 1469 1766 Hilarii
1535 1701 1678 1767 loco
1744 1703 1838 1766 sic
1898 1702 2207 1767 habetur:
2272 1703 2402 1767 Est

439 1809 614 1872 erg0,
661 1808 862 1868 quum
908 1808 1190 1863 oramus,
1237 1808 1276 1852 a
1321 1789 1508 1853 nobis
1552 1787 1914 1867 exordium,
1961 1796 2036 1852 ut
2079 1809 2323 1853 munus
2360 1808 2400 1851 a

438 1871 584 1938 Deo
628 1874 729 1938 sit.
819 1872 1000 1938 Huic
1056 1873 1298 1937 iterum
1344 1873 1626 1938 alterum
1671 1871 1965 1938 eiusdem
2011 1873 2247 1957 synodi
2292 1895 2399 1939 ca-

436 1968 558 2042 put
599 1964 746 2037 [pag.
789 1962 895 2037 79]
939 1978 1224 2041 oppono:
1248 1960 1305 2041 3)
1373 1957 1449 2022 Si
1493 1960 1638 2041 quis
1684 1961 1826 2024 sine
1869 1960 2085 2043 gratia
2110 1957 2236 2023 Dei
2283 1980 2401 2023 vo-

437 2043 756 2123 lentibus,
802 2043 1282 2121 laborantibus,
1330 2043 1776 2124 studentibuS,
1823 2045 2240 2122 conantibus,
2284 2065 2399 2127 pe-

438 2130 752 2205 tentibus,
799 2130 1295 2212 quaerentibus,
1341 2130 1757 2212 pulsantibus
1799 2132 1988 2195 nobis
2031 2131 2398 2196 misericor-

2506 1447 2836 1529 opuscula,
2884 1468 2993 1530 qui
3038 1448 3426 1531 priusquam
3471 1447 3599 1512 ista
3638 1446 3934 1512 haeresis
3981 1449 4281 1529 oriretur,
4334 1470 4468 1514 non

2507 1532 2884 1597 habuerunt
2938 1533 3400 1599 necessitatem
3453 1533 3526 1597 in
3582 1533 3705 1597 hac
3765 1530 4010 1596 difficili
4065 1533 4147 1597 ad
4204 1534 4468 1599 solven-

2449 1638 2454 1653 ’
2508 1616 2667 1681 dum
2725 1620 3104 1702 quaestione
3160 1618 3455 1683 versari?
3522 1618 3694 1701 quod
3758 1618 3984 1700 procul
4042 1619 4236 1684 dubio
4292 1621 4466 1686 face-

2506 1710 2683 1782 rent,
2742 1704 2799 1768 si
2843 1705 3242 1787 respondere
3298 1704 3541 1769 talibus
3585 1711 3995 1786 cogerentur.
4084 1703 4281 1770 Unde
4332 1707 4467 1772 fac-

2504 1795 2646 1851 tum
2692 1796 2821 1868 est,
2880 1797 2959 1854 ut
3002 1790 3084 1854 de
3130 1791 3344 1874 gratia
3386 1790 3517 1854 Dei
3560 1789 3715 1871 quid
3770 1790 4121 1868 sentirent,
4180 1789 4469 1856 breviter

2506 1874 2901 1956 quibusdam
2945 1877 3340 1958 scriptorum
3385 1896 3657 1940 suorum
3697 1874 3877 1953 lociS,
3935 1884 4002 1940 et
4043 1884 4469 1944 transeunter

2505 1961 2936 2043 attingerent:
2985 1961 3499 2025 immorarentur
3540 1980 3701 2026 vero
3745 1962 3813 2024 in
3859 1960 3972 2039 iis,
4018 1982 4185 2043 quae
4231 1962 4467 2028 adver·
4502 2020 4507 2025 .

2504 2067 2619 2110 sus
2660 2045 2820 2110 alios
2862 2045 3232 2111 haereticos
3269 2045 3706 2126 disputabant.
3775 2046 3903 2110 His
3942 2045 4160 2112 verbis
4197 2048 4255 2111 si
4288 2068 4469 2114 nunc

2448 2186 2452 2215 ,
2504 2130 2824 2214 Pighium
2888 2132 3312 2209 conveniam,
3378 2138 3455 2194 ut
3519 2131 3818 2194 remittat
3883 2130 4055 2214 quod
4096 2135 4470 2215 ‘tantopere

439 2215 618 2280 diam
662 2214 821 2280 dicit
862 2216 1173 2293 conferri,
1219 2238 1354 2281 non
1397 2224 1614 2281 autem
1662 2216 2008 2295 divinitus,
2053 2224 2131 2281 ut
2172 2216 2399 2282 creda-
2447 2222 2455 2313 ᾗ
4417 2221 4430 2234 ·

2506 2224 2729 2301 urget,
2784 2236 2922 2281 non
2979 2215 3246 2284 aliunde
3300 2214 3651 2298 petendam
3710 2214 3910 2281 huius
3955 2237 4191 2282 causae
4232 2217 4468 2284 defim-

439 2323 606 2381 mus,
655 2301 960 2379 velimus,
1007 2308 1337 2385 petamus,
1385 2310 1453 2367 et
1496 2303 1715 2367 omnia
1758 2302 1949 2381 haec,
1996 2302 2168 2368 sicut
2211 2323 2400 2384 opor·
2449 2328 2455 2405 ξ
2506 2302 2783 2379 tionem,
2832 2324 3030 2384 quam
3075 2322 3160 2366 ex
3203 2307 3507 2365 veterum
3552 2301 3841 2382 scriptis,
3901 2323 4097 2383 quam
4143 2304 4469 2387 Augusti-

440 2395 565 2465 tet‚
635 2407 830 2471 agere
884 2386 1256 2467 valeamus,
1322 2408 1443 2471 per
1497 2387 1804 2470 spiritum
1869 2389 1938 2451 in
2005 2387 2192 2453 nobis
2255 2388 2400 2452 fieri
2450 2416 2455 2455 ι
2507 2409 2633 2453 nus
2676 2388 2971 2454 breviter
3013 2409 3088 2453 ac
3131 2394 3552 2452 transeunter
3595 2406 3706 2450 eos
3750 2388 4047 2470 attigisse
4104 2388 4292 2454 testis
4348 2400 4467 2469 est,

440 2474 804 2551 confitetur,
848 2473 1099 2537 resistit
1131 2493 1171 2536 a
1215 2473 1420 2538 ostolo
1455 2472 1727 2538 dicenti:
1776 2471 1957 2554 Quid
1989 2473 2191 2538 habes
2227 2472 2401 2556 quod
2450 2480 2454 2501 ¹

439 2580 575 2624 non
641 2559 968 2641 acceperis
1038 2558 1104 2641 (1
1148 2494 1296 2623 (gor.
1349 2565 1406 2637 4,
1448 2558 1556 2642 7)?
1647 2558 1755 2622 De
1819 2558 1948 2623 fide
2011 2559 2402 2623 nominatim

440 2646 565 2709 hoc
617 2644 920 2708 Hilarius
977 2646 1240 2722 asserit,
1310 2645 1451 2709 eius
1504 2644 1768 2708 initium
1826 2646 1900 2709 in
1955 2645 2141 2710 nobis
2199 2645 2402 2710 situm

439 2751 602 2796 esse.
676 2730 884 2812 Atqui
937 2729 1135 2814 longe
1186 2728 1368 2793 aliud
1422 2729 1677 2794 concilii
1722 2731 1926 2795 verba
1979 2737 2232 2796 sonant.
2325 2728 2397 2795 Si

439 2817 588 2899 quis
627 2824 766 2879 tarn
809 2816 1073 2879 initium
1117 2835 1314 2899 quam
1360 2823 1790 2899 augmentum
1835 2815 2018 2891 fidei,
2075 2824 2141 2881 et
2182 2816 2401 2899 ipsum

437 2899 746 2969 credendi
792 2902 1132 2979 affectum,
1188 2922 1323 2965 non
1378 2923 1497 2984 per
1541 2902 1793 2986 gratiae
1838 2901 2112 2977 donum,
2168 2902 2237 2966 id
2283 2908 2401 2980 est,

437 2988 713 3071 spiritus
748 2987 958 3052 sancti
998 2988 1464 3069 operationem,
1510 2989 1952 3072 corrigentem
1991 2988 2403 3053 voluntatem

437 3081 739 3140 nostram
790 3072 870 3138 ab
927 3071 1316 3138 infidelitate
1372 3072 1454 3138 ad
1512 3071 1739 3152 fidem,
1799 3073 1880 3139 ab
1933 3074 2269 3157 impietate
2320 3072 2404 3139 ad

435 3162 775 3245 pietatem,
823 3157 936 3222 sed
983 3158 1375 3223 naturaliter
1418 3160 1607 3224 nobis
1663 3161 1880 3224 inesse
1934 3160 2120 3238 dicit,
2167 3158 2402 3225 adver-

437 3253 631 3313 satur
675 3244 967 3327 apostolo
1011 3243 1280 3309 dicenti:
1326 3242 1460 3324 Qui
1505 3244 1722 3327 coepit
1760 3245 1830 3308 in
1868 3245 2055 3310 vobis
2090 3266 2253 3327 opus
2288 3246 2403 3310 bo-

437 3355 636 3411 num,
693 3331 986 3413 perficiet
1038 3352 1245 3413 usque
1303 3330 1370 3394 in
1430 3329 1603 3393 diem
1657 3330 1927 3394 Domini
1986 3331 2138 3396 Iesu
2197 3331 2401 3415 (Phil.

445 3424 504 3498 l,
554 3418 643 3502 6).
736 3415 1076 3498 Quidquid
1127 3437 1210 3479 ex
1263 3414 1525 3480 Hilario
1581 3415 1850 3480 adducit
1906 3415 2220 3499 Pighius,
2285 3437 2405 3500 pro

436 3512 682 3569 testata
727 3502 1036 3567 ecclesiae
1077 3499 1430 3565 traditione
1474 3500 1619 3565 vult
1666 3500 1915 3566 haberi.
2007 3499 2156 3581 Quo
2200 3502 2407 3585 igitur

436 3591 582 3656 loco
624 3589 1008 3653 habebimus
1050 3586 1216 3651 illud
1270 3586 1664 3652 concilium?
1756 3585 1949 3667 Quod
1988 3587 2256 3652 tametsi
2300 3608 2407 3652 ae-

441 3685 580 3741 tate
625 3676 712 3741 sit·
755 3674 1109 3756 posterius,
1168 3671 1554 3737 autoritate*
1568 3680 1794 3738 tamen
1839 3672 2071 3738 cedere
2111 3693 2246 3736 non
2292 3672 2405 3737 de-

440 3764 573 3828 bet.
664 3760 1067 3826 Praesertim
1128 3779 1330 3840 quum
1375 3757 1544 3822 nihil
1590 3757 1769 3822 aliud
1813 3780 2009 3840 quam
2055 3759 2406 3841 superiori-

443 3848 568 3912 bus
613 3846 937 3916 conciliis,
984 3844 1496 3927 Carthaginensi
1543 3852 1609 3908 et
1653 3844 2078 3918 Milevitano,
2126 3843 2407 3910 subscri-

439 3936 574 4000 bat.
640 3932 1090 4014 Augustinum
1131 3930 1344 3995 adhuc
1379 3937 1577 4004 taceo,
1625 3929 1737 4011 qui
1780 3932 2134 4012 separatim
2180 3939 2408 4012 postea

442 4040 564 4086 suo
608 4016 837 4083 ordine
884 4016 1042 4080 dum
1088 4015 1403 4099 prodibit,
1461 4023 1668 4080 totam
1711 4016 1936 4100 Pighii
1993 4017 2404 4080 harmoniam

492 4125 716 4168 rorsus
774 4102 1083 4167 turbabit.
1173 4099 1368 4181 Quod
1415 4102 1470 4166 si
1513 4103 1828 4184 temporis
1875 4109 1942 4165 et
1985 4102 2099 4166 otii
2143 4109 2405 4166 tantum

442 4128 740 4266 daretur,
806 4186 976 4271 quod
1031 4186 1185 4251 huic
1242 4188 1339 4250 rei
1399 4188 1557 4253 satis
1623 4189 1817 4251 foret:
1886 4186 2190 4252 collectas
2251 4188 2408 4254 hinc

441 4275 601 4342 inde
641 4283 943 4339 veterum
991 4275 1353 4337 sententias
1396 4273 1571 4338 inter
1615 4295 1683 4337 se
1727 4272 2151 4348 conferendO,
2209 4293 2404 4354 quam

443 4363 714 4427 infirma
757 4383 841 4426 ex
885 4359 1015 4424 illis
1063 4358 1382 4422 habeatur
1422 4359 1720 4442 perpetui
1776 4359 2088 4424 ecclesiae
2133 4379 2407 4423 consen-

444 4469 560 4514 sus
603 4445 921 4529 probatio,
967 4444 1185 4527 palam
1227 4445 1529 4510 facerem.
1620 4442 1755 4508 Sed
1799 4445 2109 4528 quoniam
2154 4441 2235 4507 ad
2277 4444 2408 4509 alia

444 4555 554 4598 me
614 4532 931 4614 temporis
997 4530 1286 4595 brevitas
1350 4530 1660 4594 festinare
1726 4529 1927 4611 cogit,
1997 4529 2121 4592 hoc
2183 4529 2408 4594 labore

443 4640 624 4684 nunc
679 4614 1093 4700 supersedeo.
1185 4614 1535 4696 Specimen
1600 4625 1821 4678 tamen
1883 4613 2008 4679 hoc
2063 4615 2136 4677 in
2188 4621 2406 4678 trans-

447 4723 646 4768 cursu
688 4703 980 4786 proferre
1022 4701 1234 4770 libuit.
1282 4700 1460 4764 unde
1505 4700 1947 4764 coniecturam
1990 4700 2234 4764 faciant
2275 4699 2406 4763 lec·

444 4799 653 4868 tores,
701 4788 912 4870 qualis
955 4788 1181 4852 futura
1223 4793 1398 4850 esset
1441 4783 1594 4850 fidei
1637 4795 1899 4850 nostrae
1944 4783 2296 4862 certitud0,
2353 4785 2408 4849 si

445 4875 691 4958 Pighio
751 4875 1289 4954 obsequeremur:
1349 4871 1507 4934 dum
1558 4870 1725 4934 nihil
1778 4871 1968 4936 nobis
2025 4877 2276 4936 certum
2337 4871 2408 4934 in

447 4960 769 5043 religione
829 4959 1072 5023 babere
1126 4957 1481 5040 permittit,
1544 4956 1672 5020 nisi
1731 4955 1902 5038 quod
1960 4976 2042 5020 ex
2097 4955 2408 5021 ecclesiae

593 5200 653 5263 1)
720 5197 1235 5252 Amstelodamenm
1296 5193 1572 5248 mundat:
1632 5195 1970 5248 Arausicaui.
2048 5193 2271 5246 Gallus.-
2335 5193 2406 5247 du

444 5268 662 5325 concile
711 5265 1091 5334 d'Arausiqu03
1131 5263 1290 5316 1611:
1330 5262 1650 5331 d’Aurange.
1700 5264 1943 5316 Arausio
1981 5261 2244 5330 oppidum
2274 5261 2405 5316 Gal-

442 5339 564 5394 liae
596 5335 758 5390 hodie
799 5333 1018 5403 Oranqe
1048 5333 1374 5400 appellatur.

591 5404 653 5472 2)
689 5403 819 5472 Cap.
853 5401 904 5456 4.
1180 5399 1241 5464 3)
1279 5401 1410 5468 Cap.
1448 5397 1499 5453 6.

670 5489 892 5544 Gazam·
924 5501 1109 5556 opera.
1173 5486 1288 5540 Vol.
1337 5485 1433 5539 VI.

2505 2474 2699 2555 pleno
2745 2480 3013 2559 gutture
3058 2495 3180 2539 sua
3222 2473 3339 2538 illa
3381 2473 3692 2550 convicia,
3740 2472 3976 2555 quibus
4022 2474 4301 2540 refertus
4347 2483 4465 2555 est,

2505 2560 2578 2623 in
2630 2580 2739 2624 me
2794 2560 3099 2626 ructabit.
3191 2557 3477 2641 Quando
3533 2558 3736 2640 igitur
3794 2557 3962 2621 nihil
4016 2561 4207 2643 aequi
4260 2561 4467 2645 impe-

2506 2646 2669 2709 trari
2714 2652 2930 2729 potest
2973 2648 3054 2712 ab
3098 2648 3228 2710 ista
3270 2645 3473 2721 furia,
3530 2641 3614 2706 ad
3657 2642 3932 2709 lectores
3975 2665 4083 2708 me
4127 2656 4469 2713 converto:

2507 2730 2680 2813 apud
2727 2752 2887 2813 quos
2930 2731 3242 2814 ponderis
3276 2728 3584 2796 nonnihil
3619 2748 3811 2811 spero
3847 2728 4246 2810 habiturum,
4295 2732 4467 2815 quod

2507 2823 2644 2881 tam
2688 2818 2864 2882 iusta
2907 2818 3163 2881 ratione
3206 2817 3458 2880 nititur.

2680 2901 2940 2968 Verum
2965 2903 3036 2967 in
3083 2903 3207 2966 hoc
3247 2902 3661 2986 potissimum
3695 2897 3959 2964 cardine
3990 2902 4273 2966 vertitur
4316 2924 4469 2968 nos·-

2506 2996 2613 3053 tra
2656 2987 2982 3066 defensio,
3041 2986 3214 3069 quod
3259 2987 3430 3065 dico,
3485 2985 3805 3070 Pighium
3848 2987 4093 3068 partim
4136 3008 4468 3054 commen-

2508 3074 2674 3138 titiis
2718 3074 2987 3139 testium
3031 3073 3408 3139 nominibus
3454 3071 3532 3137 ad
3581 3070 3955 3136 faciendum
4003 3093 4351 3138 numerum
4395 3075 4467 3139 in

2506 3180 2628 3224 nos
2670 3160 2871 3238 abuti,
2917 3160 3162 3242 partim
3207 3181 3285 3224 ea
3328 3178 3498 3241 quae
3540 3159 3774 3222 recitat
3814 3159 4194 3223 testimonia
4234 3181 4467 3244 perpe-

2508 3265 2651 3309 ram
2695 3264 2771 3311 ac
2814 3245 2979 3309 falso
3023 3245 3096 3309 in
3138 3265 3259 3309 nos
3310 3243 3732 3324 detorquere,
3790 3262 3998 3324 quum
4054 3244 4223 3308 nihil
4278 3245 4468 3312 nobis

2507 3335 2899 3415 repugnent.
2991 3328 3067 3396 Si
3119 3328 3386 3413 quidem
3429 3329 3707 3394 Petrum
3762 3335 3830 3392 et
3883 3327 4296 3396 Clementem
4351 3354 4469 3397 no·

2507 3415 2839 3494 minando,
2888 3416 3046 3499 quid
3087 3415 3265 3480 aliud
3309 3434 3503 3497 quam
3549 3413 3778 3477 fucum
3821 3414 4021 3479 facit?
4101 3418 4322 3483 Toties
4362 3439 4469 3484 me

2508 3501 2960 3584 impudentem
3014 3500 3447 3579 nominando,
3507 3520 3767 3578 cavere,
3824 3506 3982 3582 puto
3999 3553 4014 3579 ,
4073 3503 4197 3568 sibi
4240 3504 4469 3584 voluit,

2510 3609 2586 3653 ac
2628 3595 3061 3667 antevertere,
3105 3609 3192 3652 ne
3228 3586 3399 3670 quod
3443 3590 3736 3650 meretur
3772 3605 3812 3648 a
3847 3606 3952 3651 me
3989 3587 4263 3654 audiret.
4331 3588 4471 3656 Sed

2510 3693 2636 3755 quo
2691 3675 2959 3738 nomine
3013 3673 3339 3757 perditam
3400 3673 3601 3736 istam
3651 3691 3727 3736 ac
3780 3669 4187 3755 deploratam
4239 3678 4468 3758 nequi-

2510 3761 2670 3824 tiam
2724 3759 3230 3843 appellabimus,
3287 3758 3456 3842 quod
3514 3765 3650 3822 tam
3702 3757 4109 3823 confidenter
4157 3761 4347 3825 nothi
4404 3771 4470 3826 et

2510 3847 2845 3910 confictitii
2888 3845 3041 3910 libri
3084 3853 3433 3928 praetextu
3467 3845 3743 3920 Petrum
3784 3851 3853 3906 et
3898 3843 4304 3908 Clementem
4351 3867 4469 3910 no·

2512 3931 2613 3995 bis
2654 3928 2993 3995 obtrudit?
3087 3929 3282 4011 Quod
3342 3929 3424 3993 ad
3468 3929 3817 3992 Irenaeum
3878 3938 3943 3991 et
3990 3929 4471 3995 Tertullianum

2512 4018 2778 4093 attinet,
2835 4036 3037 4100 quum
3094 4016 3344 4079 homini
3403 4015 3775 4078 libertatem
3833 4014 3898 4077 in
3946 4014 4160 4094 prima
4203 4021 4468 4081 tantum

2513 4123 2632 4164 sua
2675 4102 2927 4184 origine
2969 4102 3291 4177 tribuant,
3352 4108 3419 4163 et
3475 4102 3545 4162 in
3602 4099 3717 4162 illa
3760 4106 4038 4162 naturae
4082 4099 4468 4183 integritate

2512 4188 2585 4250 in
2628 4207 2756 4269 qua
2811 4186 3115 4251 conditus
3172 4192 3319 4264 [pag.
3358 4190 3468 4263 81]
3522 4185 3674 4259 fuit,
3731 4183 4166 4265 corruptionis
4227 4196 4468 4267 autem,

2513 4293 2710 4355 quam
2745 4272 2905 4337 vitio
2940 4293 3058 4336 suo
3097 4270 3439 4347 contraxit,
3479 4268 3729 4332 nullam
3766 4269 4009 4332 faciant
4044 4272 4466 4352 mentionem,

2514 4377 2740 4421 eorum
2785 4355 3003 4420 verbis
3052 4356 3327 4419 minime
3369 4352 3723 4422 laedimur.
3771 4356 3882 4435 qui
3929 4357 4270 4421 servitutis
4313 4378 4469 4422 cau-

2516 4464 2657 4507 sam
2695 4463 2825 4506 non
2873 4443 2945 4504 in
2987 4449 3228 4504 natura
3268 4441 3573 4524 ponimus
3619 4439 3733 4504 sed
3776 4440 3848 4503 in
3882 4439 4075 4521 lapsu
4110 4442 4307 4523 primi
4344 4442 4469 4506 ho-

2513 4528 2728 4592 minis.
2818 4526 2929 4589 Illi
2980 4527 3184 4609 igitur
3228 4526 3561 4589 hominem
3606 4524 3888 4589 liberum
3932 4526 4129 4589 fuisse
4173 4537 4469 4592 creatum

2514 4612 2809 4677 tradunt:
2866 4631 2988 4675 nos
3031 4611 3098 4675 id
3142 4632 3277 4678 non
3330 4631 3678 4693 negamuS,
3734 4612 3848 4676 sed
3893 4609 4170 4675 dicimus
4214 4613 4281 4675 in
4329 4634 4469 4677 ser-

2512 4700 2789 4764 vitutem
2843 4695 3182 4775 incidisse,
3241 4697 3394 4779 quia
3439 4719 3477 4760 a
3519 4697 3733 4779 primo
3790 4717 3908 4759 suo
3962 4704 4139 4760 statu
4186 4697 4471 4782 degene-

2515 4784 2777 4849 raverit.
2866 4782 2977 4846 Illi
3032 4789 3371 4864 peccatum
3427 4803 3559 4846 non
3628 4783 3900 4846 haerere
3960 4783 4032 4844 in
4100 4781 4472 4851 substantia

2515 4868 2944 4935 contendunt:
3002 4888 3120 4932 nos
3162 4888 3416 4950 quoque
3459 4867 3528 4931 id
3572 4870 3790 4951 ipsum
3815 4867 3865 4949 ¹)
3911 4869 4293 4946 asserimus,
4351 4872 4467 4936 sed

2515 4953 2846 5030 addimus,
2901 4954 3113 5035 primo
3165 4952 3446 5030 homini,
3502 4976 3586 5017 ex
3639 4974 3765 5033 quo
3821 4973 3859 5016 a
3913 4974 4033 5017 sua
4086 4956 4469 5038 integritate

2514 5038 2774 5117 excidit,
2818 5038 3025 5103 bonae
3069 5045 3343 5102 naturae
3379 5039 3860 5119 corruptionem
3897 5039 4223 5117 accidisse,
4270 5062 4465 5123 quam

2514 5125 2596 5191 ad
2643 5133 2856 5188 totum
2902 5144 3095 5188 suum
3137 5145 3342 5208 genus
3386 5124 3843 5188 transmiserit.
3924 5126 4103 5207 Ergo
4149 5125 4263 5189 hos
4309 5148 4469 5207 quo-

2654 5396 2712 5460 1)
2748 5396 2801 5449 id
2838 5410 2938 5450 nos
2972 5412 3185 5464 quoque
3221 5397 3395 5464 ipsum
3432 5393 3569 5448 1552
3601 5410 3744 5466 seqq.

3992 5480 4057 5533 19
