4999 6179
625 451 745 515 107

1221 818 1227 824 “
1411 811 1477 845 LE
1511 809 1768 845 mlssm·

787 862 851 927 11
907 868 1009 927 est
1062 868 1280 943 temps
1332 858 1415 925 de
1456 862 1644 926 venir
1705 881 1792 925 au
1833 859 2233 943 quatriesme
2276 857 2569 923 membre

616 949 699 1015 de
739 949 1092 1014 l'honneur
1135 968 1264 1030 que
1309 968 1475 1013 nous
1520 945 1766 1011 dev'ons
1810 943 2050 1012 rendre
2095 953 2136 1010 6
2179 944 2372 1009 Dieu.

1461 1049 1727 1103 L’nurm.

788 1120 973 1186 Nous
1018 1141 1223 1186 avons
1266 1118 1430 1198 dict,
1474 1139 1599 1203 que
1641 1121 1802 1183 c’est
1844 1115 1927 1181 de
1969 1116 2032 1181 le
2077 1116 2570 1201 recongnoistre

614 1206 697 1274 de
740 1228 960 1285 cucur,
1007 1214 1074 1272 et
1124 1206 1453 1273 confesser
1509 1202 1588 1268 de
1642 1202 1913 1283 bouche‚
1961 1202 2249 1267 autheur
2295 1202 2376 1267 de
2417 1209 2568 1268 tous

614 1292 820 1374 biens,
864 1314 1033 1377 pour
1072 1291 1136 1358 16
1179 1292 1485 1377 glorifier.

1403 1583 1470 1617 m
1505 1582 1762 1617 umam.

785 1635 886 1701 Ne
930 1656 1098 1701 nous
1143 1634 1262 1700 a-il
1306 1655 1425 1716 pas
1471 1633 1665 1698 baille
1709 1631 1990 1716 quelque
2041 1632 2242 1716 reigle
2287 1652 2452 1714 pour
2495 1652 2569 1697 ce

610 1722 819 1789 faire?

1459 1820 1725 1875 n’nxnnr.

786 1895 1031 1960 Toutes
1075 1893 1171 1957 les
1223 1891 1539 1974 louenges
1592 1898 1660 1955 et
1705 1890 1957 1955 6611666
2002 1889 2084 1955 (16
2139 1910 2365 1974 316666
2410 1910 2564 1955 666-

610 1987 845 2047 1661166
909 2000 995 2045 66
1067 1978 1451 2043 1Ἐ66111616
1468 2027 1484 2056 ,
1563 1997 1726 2042 6666
1792 1973 2085 2060 doyvent
2160 1984 2333 2041 estre
2398 1997 2568 2059 pour

612 2067 818 2152 reigle
861 2074 930 2130 et
970 2066 1480 2149 enseignement.

1413 2186 1479 2220 LE:
1513 2186 1774 2221 lumem.

784 2238 846 2303 Ν
852 2237 955 2302 ’66
1000 2237 1122 2301 a-il
1162 2236 1304 2301 rien
1346 2243 1485 2300 este
1524 2236 1762 2302 touche
1805 2256 1892 2301 en
1933 2231 2312 2299 l’Oraison‘?

1457 2423 1725 2477 n'nurnr.

787 2493 866 2561 Si
911 2517 951 2560 a
988 2496 1158 2559 bien.
1250 2493 1384 2560 Gar
1426 2514 1511 2558 en
1567 2492 1865 2557 (16611661
1906 2512 2031 2574 (166
2077 2512 2196 2557 666
2241 2511 2395 2555 6616
2439 2491 2567 2556 6611

613 2583 913 2651 6116611116
927 2632 943 2660 ,
999 2601 1168 2644 6666
1222 2577 1521 2644 (16611666
1564 2598 1690 2660 (166
1733 2584 1946 2642 166166
1993 2597 2097 2643 666
2141 2598 2403 2644 oeuvres
2447 2597 2564 2661 ap-

610 2670 981 2755 paroissent
1033 2665 1422 2749 glorieuses,
1482 2684 1733 2730 comme
1787 2662 1948 2729 elles
1988 2663 2053 2728 16
2097 2671 2261 2728 sont.
2350 2662 2564 2728 'Pelle-

609 2761 815 2834 ment,
859 2773 984 2836 que
1025 2751 1152 2817 6611
1185 2750 1343 2834 (111’11
1377 2751 1661 2835 punisse,
1707 2749 1756 2815 il
1800 2748 1928 2815 6611
1961 2755 2120 2815 1666
2151 2769 2321 2833 pour
2358 2749 2564 2814 iuste:

612 2842 740 2907 soit
781 2839 940 2923 qu’il
993 2837 1358 2922 pai-donne,
1417 2857 1586 2920 pour
1626 2835 2193 2901 misericordieux:
2241 2835 2368 2900 6611
2407 2835 2565 2918 qu’il

613 2924 1038 3009 accomplisse
1115 2945 1220 2990 666
1298 2943 1690 3008 1661666666,
1769 2942 1936 3004 pour
2007 2921 2345 2987 veritable.
2454 2922 2567 2985 En

611 3033 878 3091 66111166,
924 3010 1080 3095 qu’il
1125 3015 1240 3095 n'y
1285 3011 1381 3075 ait
1423 3006 1513 3073 du
1558 3013 1701 3072 tout
1745 3008 1888 3072 rien
1933 3027 2197 3093 enquoy
2239 3028 2314 3071 sa
2356 3007 2564 3093 gleire

611 3121 698 3165 ne
749 3098 1007 3172 reluise.
1110 3096 1273 3164 Gela
1324 3103 1424 3162 est
1477 3094 1596 3180 luy
1649 3094 1969 3160 attribuer
2018 3095 2086 3161 la
2139 3094 2417 3179 louenge
2482 3094 2565 3160 (16

610 3191 762 3252 1666
806 3185 1012 3251 biens.

1411 3305 1478 3338 ms
1510 3303 1771 3338 mmmm.

783 3356 930 3438 966
966 3353 1585 3422 66661611666-6666
1621 3353 1702 3419 (16
1737 3360 1882 3418 1661
1915 3375 1988 3421 66
2032 3358 2348 3437 qu’avons
2384 3352 2561 3419 dict?

1455 3543 1721 3596 n’nnrm.

782 3612 879 3679 Oe
914 3633 1039 3696 que
1073 3613 1436 3695 tesmoigne
1469 3611 1535 3675 16
1568 3611 1797 3690 verite,
1837 3618 1904 3675 et
1938 3611 2115 3693 (1616
2148 3617 2288 3675 6616
2324 3611 2562 3678 1666116

608 3723 695 3767 66
746 3703 1335 3765 commencement:
1394 3697 1704 3775 assavoir,
1761 3717 1887 3779 que
1951 3702 2125 3762 ceste
2191 3703 2293 3761 est
2345 3697 2412 3762 la
2454 3698 2561 3763 vie

609 3786 954 3865 616166116,
1023 3784 1104 3849 (16
1170 3783 1590 3868 66636616116
1641 3782 1704 3847 16
1759 3803 1926 3867 vray
1967 3780 2144 3847 Dieu
2159 3835 2175 3861 ,
2244 3789 2312 3847 et
2369 3783 2562 3868 celuy

606 3874 766 3959 qu’il
807 3893 848 3937 6
893 3879 1168 3957 6616516,
1211 3871 1400 3936 16666
1446 3869 1675 3934 Christ
1709 3868 2078 3952 (16116617,
2109 3870 2204 3951 3);
2256 3869 2317 3934 16
2360 3889 2560 3954 6663-

606 3961 872 4035 6616116,
930 3958 1132 4043 dy-ie,
1188 3978 1356 4041 pour
1410 3955 1738 4021 l’honorer
1782 3954 2163 4020 deuement:
2221 3956 2356 4020 afin
2400 3954 2559 4039 qu’il

608 4068 776 4112 nous
820 4046 946 4110 soit
986 4066 1122 4109 non
1163 4042 1529 4109 seulement
1571 4041 1848 4106 Maistre
1891 4049 1958 4107 61,
2002 4038 2348 4125 Seigneur,
2391 4043 2561 4106 mais

605 4133 784 4198 aussi
823 4132 996 4197 Pere
1039 4137 1107 4195 et
1150 4128 1454 4196 Sauveur
1496 4127 1767 4213 (Matth.
1810 4132 1862 4206 1,
1909 4127 2051 4212 21),
2112 4134 2179 4191 et
2219 4148 2347 4210 que
2390 4149 2558 4194 116116

604 4217 1108 4283 16616611616661
1180 4216 1297 4301 luy
1370 4236 1614 4299 soyons
1691 4214 1923 4278 enfans
1937 4265 1952 4292 ,
2035 4214 2422 4294 servitem-s,
2490 4221 2559 4279 et

603 4303 844 4388 peuple
888 4302 1109 4368 desdie
1154 4309 1195 4367 6
1237 4322 1313 4367 66
1355 4300 1579 4386 316116.

1367 4423 1435 4457 u:
1469 4422 1728 4457 mmsm.
1745 4404 1785 4463 ι)

778 4473 955 4555 9661
997 4479 1102 4538 661
1141 4472 1204 4537 16
1247 4493 1490 4556 moyen
1534 4471 1616 4537 de
1657 4471 1970 4555 parvenit
2012 4478 2056 4536 6
2096 4492 2190 4536 66
2231 4472 2323 4536 161
2359 4472 2553 4538 bien?

779 4649 899 4724 [fol.
938 4650 1045 4722 55]
1089 4644 1274 4709 Pour
1309 4663 1380 4707 ce
1414 4593 1858 4709 fssissffffhous
1894 4664 1934 4708 6
1966 4644 2162 4709 161666
2198 4663 2273 4710 66
2306 4645 2557 4712 saincte

1930 447 2053 513 LE
2098 441 2705 512 OATEOHISME
2746 443 2876 509 DE
2921 442 3325 510 GENEVE.

4511 449 4628 513 108

2996 633 3165 715 DE
3229 632 4322 720 SAORAMENTIS.²)

3526 806 3786 841 lmnsmr..

2847 855 2992 920 Iam
3035 854 3345 921 instituta
3380 877 3420 920 6
3461 856 3650 921 nobis
3690 856 3940 923 ordinis
3984 858 4155 923 16116
4198 859 4507 943 postulat,
4553 865 4631 925 ut

2677 939 2759 1006 de
2802 949 3038 1025 quarta
3071 941 3285 1008 cultus
3327 940 3461 1006 Dei
3502 949 3693 1025 parte
3728 963 4019 1028 agamus.

3568 1062 3722 1100 Pm-

2846 1113 3040 1179 Hanc
3089 1115 3159 1178 in
3213 1133 3290 1178 66
3333 1113 3528 1179 sitam
3571 1135 3717 1180 esse
3761 1115 4075 1196 diximus,
4135 1122 4214 1180 61
4255 1116 4477 1181 Deum
4514 1137 4630 1201 ag-

2672 1219 3017 1265 noscamus
3060 1201 3379 1264 bonorum
3422 1202 3718 1265 omnium
3764 1209 4081 1282 autorem,
4127 1203 4399 1286 eiusque
4443 1203 4629 1268 boni-

2673 1291 2909 1365 tatem,
2963 1286 3311 1365 iustitiam,
3382 1287 3803 1369 sapientiam,
3863 1288 4253 1371 potentiam,
4310 1288 4504 1354 laude
4559 1297 4627 1356 61

2673 1371 3036 1454 3161161616
3080 1373 3335 1437 6611666
3378 1391 3879 1456 prosequamur:
3939 1381 4016 1439 ut
4071 1375 4145 1439 in
4189 1373 4473 1441 solidum
4514 1376 4629 1443 bo-

2672 1479 2908 1522 norum
2948 1459 3242 1523 omnium
3287 1457 3498 1542 gloria
3537 1480 3742 1542 penes
3783 1459 4004 1543 ipsum
4039 1458 4337 1526 resideat.

2845 1628 3203 1695 Nullamne
3246 1630 3449 1695 1111166
3492 1580 4050 1716 pffissegulam
4092 1592 4562 1717 praescripsit?

2843 1886 3180 1986 Quidquid
3227 1887 3495 1953 laudum
3540 1838 3942 1956 effimexstat
3983 1890 4055 1955 16
4099 1890 4461 1975 scripturis,
4508 1912 4629 1976 pro

2671 1975 2902 2058 163616
2944 1974 3132 2039 nobis
3177 1994 3319 2040 esse
3363 1974 3574 2042 debet.

3515 2168 3778 2218 1116161116.

2840 2224 3115 2296 Nihilne
3168 2231 3368 2297 habet
3418 2233 3626 2298 616116
3671 2231 4029 2312 dominica,
4085 2231 4262 2316 quod
4300 2233 4435 2301 1166
4477 2233 4631 2322 p'er-

2667 2317 2893 2382 tineat.

3570 2439 3723 2475 PUER-

2839 2490 3113 2573 Nempe,
3159 2509 3363 2571 quum
3408 2500 3707 2573 optamus
3744 2491 4140 2555 sanctificari
4184 2491 4325 2556 eius
4365 2512 4628 2572 6616611,

2668 2575 2792 2642 1166
2834 2584 3157 2660 optamus,
3201 2583 3278 2638 61
3321 2577 3624 2641 omnibus
3672 2577 3814 2642 eius
3858 2576 4165 2660 operibus
4208 2597 4328 2643 666
4371 2584 4632 2644 6666161

2668 2663 2893 2747 316116.
2983 2662 3094 2740 Π1,
3151 2660 3291 2727 sive
3343 2661 3792 2745 peccatoribus
3843 2663 4159 2747 13666661,
4216 2663 4629 2730 misericors:

2669 2749 2812 2815 sive
2865 2747 3229 2814 vindictam
3282 2757 3617 2828 exerceat,
3663 2748 3911 2814 iustus:
3957 2750 4099 2814 sive
4143 2755 4440 2832 praestet
4485 2750 4630 2817 suis

2669 2833 2843 2919 quod
2886 2834 3203 2919 promisit,
3250 2854 3455 2899 verax
3498 2842 3860 2900 censeatur.
3950 2833 4273 2918 Denique,
4320 2844 4407 2900 61·
4436 2835 4631 2920 quid-

2670 2919 2831 3003 quid
2883 2941 3155 3004 operum
3201 2920 3341 2985 eius
3377 2922 3707 2986 cernimus
3721 2972 3738 3001 ,
3801 2919 3887 2986 ad
3928 2942 4081 2986 eum
4124 2921 4632 3005 glorificandum

2671 3012 2790 3087 [fol.
2838 3012 2947 3086 67]
3005 3028 3124 3071 nos
3180 3006 3439 3072 excitet.
3528 3007 3677 3071 Hoc
3729 3028 3887 3073 vero
3944 3014 4072 3088 est,
4148 3008 4474 3073 bonorum
4528 3008 4632 3073 illi

2667 3095 2966 3160 omnium
3008 3093 3273 3159 laudem
3311 3094 3618 3160 tribuere.

3517 3299 3776 3337 mmm

2843 3350 3023 3433 Quid
3086 3351 3359 3418 tandem
3429 3374 3513 3417 ex
3566 3352 3679 3431 iis,
3749 3373 3916 3435 (11166
3971 3352 4293 3421 1166166116
4341 3360 4633 3421 tractata

2668 3447 2826 3505 sunt
2870 3461 2910 3504 6
2951 3437 3160 3520 661116,
3207 3438 3592 3522 66111361666
3605 3437 3638 3501 Ῡ

3569 3559 3721 3595 PUER-

2838 3609 3036 3691 Quod
3089 3610 3337 3677 scilicet
3378 3611 3624 3675 veritas
3682 3609 3827 3693 ipsa
3878 3608 4097 3689 docet,
4155 3618 4221 3676 61
4263 3632 4384 3697 636
4436 3613 4632 3678 initio

2667 3699 3001 3780 proposui:
3051 3695 3226 3762 hanc
3270 3718 3413 3762 6666
3456 3697 3662 3762 vitam
3708 3703 4073 3775 aeternam,
4128 3719 4339 3763 unum
4382 3720 4631 3764 verum

2666 3782 2888 3847 Deum
2943 3804 3136 3848 nosse
3183 3791 3466 3866 patrem,
3526 3791 3595 3847 et
3650 3803 3844 3865 quem
3898 3784 4082 3846 misit
4121 3782 4347 3850 Iesum
4388 3783 4632 3851 Chris-

2664 3877 2825 3934 tum.
2914 3868 3144 3948 Illum,
3205 3870 3504 3952 inquam,
3563 3889 3787 3949 nosse,
3844 3876 3921 3932 61
3962 3868 4258 3935 debitum
4308 3871 4368 3936 ei
4412 3870 4632 3936 hono-

2665 3977 2805 4020 rem
2858 3955 3240 4038 cultumque
3294 3955 3753 4034 exhibeamus,
3813 3962 4018 4038 utque
4082 3957 4271 4022 nobis
4314 3978 4448 4022 non
4509 3957 4632 4023 do·-

2664 4043 2881 4107 minus
2925 4050 3189 4106 tantum
3230 4042 3334 4120 sit,
3372 4040 3487 4106 sed
3533 4042 3731 4106 etiam
3753 4051 3944 4123 pater
3986 4062 4063 4107 ac
4108 4051 4423 4123 servator,
4468 4065 4632 4109 nos-

2662 4148 2788 4211 que
2832 4127 2929 4192 illi
2974 4128 3268 4194 vicissim
3318 4127 3439 4192 filii
3481 4127 3689 4192 simus
3724 4138 3793 4191 61
3834 4127 4040 4207 servi,
4097 4137 4165 4193 61
4204 4129 4479 4213 proinde
4524 4131 4633 4196 vi-

2661 4221 2800 4280 tam
2834 4221 3130 4279 nostram
3170 4211 3607 4278 illustrandae
3650 4214 3791 4279 eius
3834 4213 4082 4298 3161166
4127 4212 4524 4283 dedicemus.

3509 4420 3768 4456 mumma.

2837 4470 2990 4552 966
3033 4473 3142 4537 via
3185 4470 3270 4536 ad
3314 4477 3572 4536 tantum
3616 4471 3866 4536 bonum
3907 4472 4338 4556 pervenitur?

2970 4607 2979 4614 ν
3560 4592 3712 4627 PUBR.

2832 4644 2919 4709 In
2964 4644 3138 4709 hunc
3181 4645 3400 4723 finem,
3448 4663 3710 4709 6661616
3744 4665 3941 4709 66616
3974 4643 4250 4709 verbum
4292 4645 4481 4710 nobis
4518 4668 4633 4711 re-

601 4731 887 4809 Parolle,
933 4728 1218 4813 laquelle
1261 4748 1427 4793 6666
1460 4734 1564 4793 661
1597 4749 1847 4794 6616166
1882 4751 2016 4795 666
2051 4737 2277 4796 661166
2311 4752 2397 4796 66
2435 4753 2556 4797 666
2659 4731 2868 4815 liquit.
2941 4727 3070 4796 Est
3113 4730 3293 4795 enim
3349 4729 3712 4814 spiritualis
3766 4729 4091 4810 doctrina,
4135 4730 4457 4813 quaedam
4504 4754 4634 4798 ve-

601 4818 953 4902 Royaume
998 4815 1253 4882 celeste.

1405 4937 1471 4971 1013
1505 4937 1762 4972 mumma.

780 4986 888 5053 06
932 4993 1238 5071 prens-tu
1283 4994 1459 5053 ceste
1499 4987 1811 5053 Pal-olle?

2606 4843 2611 4938 Ι
2659 4818 2785 4883 1611
2822 4819 3038 4896 ianua,
3083 4838 3213 4900 (166
3255 4814 3666 4900 ingredimur
3706 4817 3778 4880 in
3811 4817 4089 4883 coeleste
4132 4816 4272 4883 6166
4316 4838 4631 4902 16366111.

2832 4988 3126 5056 Ubinam
3169 4938 3842 5070 quaerendfflTffls
3887 4996 3989 5053 est
4030 4988 4154 5055 hoc
4196 4988 4522 5055 verbum?

916 5193 974 5258 1)
1013 5194 1093 5248 Le
1127 5191 1216 5248 45.
1250 5192 1545 5248 dimanche.
1593 5221 1660 5231 -
1706 5193 1786 5248 Le
1822 5194 1968 5249 salut
2003 5210 2141 5250 nous
2178 5201 2263 5248 661
2297 5196 2554 5262 presente
2589 5210 2691 5265 par
2725 5194 2778 5249 16
2815 5195 3023 5264 parolle
3060 5194 3127 5248 de
3162 5193 3318 5249 Dieu.
3356 5222 3422 5231 —
3461 5194 3511 5247 Il
3544 5193 3664 5248 saut
3698 5201 3893 5250 mettre
3941 5197 4099 5265 peine
4136 5192 4519 5264 d’apprendre.
4556 5223 4634 5236 —

605 5262 719 5319 Des
760 5269 1011 5332 pasteurs
1042 5262 1514 5332 Ecclesiastiques.

914 5331 974 5399 2)
1029 5329 1126 5385 Sic
1158 5332 1404 5388 scabunt
1437 5337 1651 5386 veteres.
1724 5332 1878 5385 Beza
1924 5331 2070 5385 hunc
2111 5331 2330 5386 titulum
2377 5332 2534 5397 infra
2581 5331 2695 5386 alio
2739 5331 2854 5387 loco
2897 5332 3209 5387 inserturus
3253 5331 3343 5387 hic
3387 5331 3577 5387 habet.-
3644 5331 3746 5385 DE
3781 5334 3831 5387 V

609 5398 760 5453 1611.
799 5399 933 5454 1667
969 5406 1019 5456 et
1051 5401 1348 5456 munao
1378 5402 1691 5467 1666116169,-
1724 5402 1871 5455 aliae
1903 5400 2128 5456 habent.-
2167 5400 2248 5456 De
2282 5407 2477 5469 quarta
2512 5408 2669 5469 parte
2707 5401 2884 5456 cultus
2918 5400 3036 5456 Dei.
3106 5467 3117 5480 ι
3797 5442 3801 5445 -

3832 5332 4024 5388 ERBO
4088 5331 4218 5387 DEI
4261 5337 4313 5390 et
4347 5332 4427 5389 εἰσ
4461 5333 4636 5388 1597.
