4999 6179
369 456 488 519 337

364 651 498 708 tem
543 643 890 729 intelligat,
936 665 1132 729 nego;
1178 646 1237 711 si
1278 646 1719 712 obedientiam
1765 646 2151 732 simpliciter
2174 646 2320 712 Deo

367 736 700 813 acceptam
715 782 729 809 ,
789 751 921 795 non
979 730 1284 797 reclamo.
1385 734 1748 816 Postquam
1806 740 2030 798 autem
2074 733 2322 815 aliquot

363 816 738 882 testimonia
790 816 954 884 colle
1004 817 1054 881 't
1072 868 1086 893 ,
1143 819 1215 882 in
1267 819 1504 901 quibus
1558 817 1879 884 mercedis
1933 820 2010 883 fit
2052 820 2316 899 mentio,

362 901 693 968 clausulae
747 903 887 969 loco
935 903 948 917 ⁸
982 902 1097 967 lud
1138 903 1336 970 Pauli
1379 903 1672 985 adducit,
1724 902 1805 970 de
1849 924 2088 970 corona
2130 905 2318 970 iusti-

360 988 507 1063 tiae,
566 1010 765 1071 quam
829 988 1207 1055 redditurus
1260 999 1362 1055 est
1412 991 1626 1056 iustus
1680 989 1880 1055 iudex
1924 992 2135 1055 servis
2180 990 2318 1055 suis

357 1074 428 1155 (2
468 1075 635 1139 Tim.
674 1080 734 1153 4,
773 1078 863 1159 8).
955 1073 1090 1141 Sed
1134 1075 1319 1159 quid,
1367 1077 1424 1142 si
1468 1077 1831 1161 Augustini
1877 1074 2098 1141 verbis
2140 1076 2318 1141 exci-

361 1160 579 1243 piam?
671 1160 796 1226 Oui
843 1159 1132 1226 debitam
1177 1182 1482 1227 coronam
1519 1162 1797 1228 reddere
1841 1170 2062 1245 posset
2102 1162 2316 1226 iustus

359 1245 556 1312 iudex
574 1299 588 1325 ,
644 1247 773 1313 nisi
815 1246 1177 1313 indebitam
1215 1256 1369 1313 ante
1413 1249 1697 1333 gratiam
1741 1248 2017 1313 donaret
2059 1247 2316 1312 miseri-

359 1355 504 1399 cors
546 1332 778 1416 pater?
869 1332 1192 1399 Fatemur
1235 1335 1542 1418 utrinque
1587 1333 2018 1399 laborandum
2054 1353 2129 1398 ac
2173 1354 2315 1399 cer-

357 1418 654 1484 tandum.
744 1419 974 1503 Neque
1018 1440 1138 1485 nos
1177 1420 1567 1498 infitiamur,
1625 1418 1948 1484 eiusmodi
1991 1440 2136 1485 0880
2174 1440 2315 1485 cer·

357 1518 583 1571 tamen
599 1556 616 1584 ,
684 1503 856 1588 quod
917 1511 986 1569 et
1038 1526 1361 1571 summam
1424 1506 1666 1571 habeat
1734 1504 2191 1572 difficultatem
2246 1513 2316 1569 et

355 1592 680 1657 maximos
719 1600 1007 1671 conatus,
1053 1598 1399 1676 totumque
1442 1592 1729 1657 hominis
1766 1589 2059 1658 studium
2093 1592 2312 1674 requi-

355 1686 478 1744 rat.
556 1677 850 1742 Tantum
891 1678 1228 1760 quaeritur
1265 1680 1621 1761 propriane
1663 1679 1910 1742 virtute
1955 1677 2314 1743 militemus

351 1765 519 1843 Dee,
564 1784 648 1828 an
685 1762 801 1828 ille
821 1763 1179 1847 ingenium,
1218 1765 1532 1843 animum,
1572 1784 1829 1840 manus,
1875 1763 2069 1840 vires,
2107 1783 2311 1841 arma,

354 1872 389 1915 e
437 1849 618 1916 coelo
663 1848 1136 1914 subministret.
1227 1851 1508 1934 Pighius
1552 1848 1684 1914 Dei
1727 1851 1977 1933 gratiae
2023 1849 2313 1933 particu-

350 1936 488 2000 lam
535 1944 788 2020 erogat,
845 1935 1034 2000 nobis
1090 1957 1239 2001 arro
1325 1943 1356 2000 t
1410 1937 1728 2001 maiorem
1782 1944 2056 2018 partem.
2145 1934 2314 2000 Dico

352 2025 422 2088 in
471 2022 662 2088 nobis
705 2022 983 2104 impleri,
1031 2019 1206 2105 quod
1312 2044 1429 2088 eus
1475 2022 1633 2087 olim
1677 2021 2030 2087 israelitico
2074 2019 2312 2103 populo

349 2107 817 2194 pollicebatur:
877 2107 1064 2173 nobis
1117 2107 1370 2174 scilicet
1421 2096 1938 2191 quiescentibus,
1995 2127 2148 2171 eum
2193 2126 2312 2187 pro

351 2195 547 2260 nobis
601 2214 928 2279 pugnare;
987 2215 1119 2258 non
1174 2194 1330 2277 quia
1391 2194 1564 2260 nihil
1635 2213 1912 2278 agamus
1969 2193 2126 2275 ipsi,
2197 2199 2313 2256 aut

348 2281 508 2364 quia
551 2280 757 2364 ipsius
801 2280 1052 2362 impetu
1073 2331 1087 2357 ,
1145 2280 1326 2345 nullo
1371 2279 1733 2345 voluntatis
1784 2290 2050 2345 nostrae
2108 2285 2311 2356 motu,

347 2366 434 2433 ad
483 2386 649 2449 opus
690 2367 1001 2444 feramur,
1046 2366 1161 2431 sed
1202 2367 1355 2449 quia
1398 2368 1652 2451 agimus
1698 2367 1825 2430 acti
1852 2366 1933 2429 ab
1977 2365 2150 2447 ipso:
2196 2384 2312 2430 vo-

355 2454 589 2518 lumus
629 2472 706 2517 eo
742 2472 855 2518 cor
888 2459 1192 2516 nostrum
1231 2451 1556 2537 dirigente
1567 2476 1583 2530 ;
1630 2471 1967 2528 conamur,
2013 2452 2154 2533 ipso
2196 2469 2313 2514 ex-

347 2541 635 2617 citante3
694 2537 990 2604 conando
1034 2538 1376 2616 efficimus,
1420 2538 1564 2621 ipso
1600 2538 1774 2604 vires
1812 2535 2030 2614 dante,
2076 2543 2153 2600 ut
2193 2555 2314 2600 nos

346 2627 648 2691 animata
692 2624 897 2689 simus
935 2630 1002 2689 et
1044 2623 1202 2689 viva
1233 2625 1695 2703 iustrumenta,
1739 2624 1882 2706 ipse
1917 2630 2135 2688 autem
2176 2620 2312 2686 dux

346 2730 427 2777 ac
485 2710 812 2794 perfector
875 2711 1109 2793 operis.
1207 2709 1402 2775 Illam
1469 2708 1830 2794 Augustini
1894 2707 2309 2788 sententiam,

343 2798 578 2863 Deum
622 2815 932 2861 coronare
974 2796 1047 2860 in
1092 2796 1276 2862 nobis
1312 2817 1432 2862 sua
1474 2795 1664 2869 dona,
1711 2806 2010 2861 truncam
2056 2802 2125 2859 et
2167 2814 2312 2858 mu-

341 2883 544 2951 tilam
588 2903 628 2945 a
670 2903 776 2946 me
819 2883 1027 2960 citari,
1068 2889 1298 2947 contra
1337 2885 1360 2947 i
1409 2883 1738 2947 sissimum
1781 2881 2117 2964 scriptoris
2161 2899 2311 2945 sen·

345 2989 539 3047 sum,
586 2974 923 3033 causatur:
983 2967 1100 3032 sed
1142 2968 1213 3032 in
1256 2988 1378 3052 pro
1421 2967 1637 3033 atione
1677 2968 1762 3032 fri
1811 2975 1893 3033 et.
1985 2966 2308 3045 Primum,

342 3074 561 3140 quum
612 3052 748 3120 illic
798 3053 1241 3119 meminerim:
1300 3051 1577 3120 subinde
1629 3073 1760 3137 apu
1855 3055 1964 3120 Au
2090 3052 2313 3117 tinum

342 3159 699 3209 recurrere
763 3140 982 3225 (sicuti
1046 3160 1283 3205 verum
1327 3139 1479 3226 est),
1544 3139 1731 3223 quasi
1795 3162 1972 3206 seme
2063 3137 2312 3203 dictum

341 3234 616 3294 tractat.
710 3225 982 3307 Quoties
1049 3225 1200 3304 hoc,
1263 3247 1468 3310 quum
1529 3227 1601 3290 in
1656 3225 1985 3304 Psalmos,
2038 3232 2180 3289 tum
2235 3223 2310 3287 in

340 3314 628 3380 Ioannis
669 3311 1085 3397 evangelium
1099 3364 1116 3391 ,
1176 3319 1253 3376 ut
1294 3312 1593 3376 omittam
1638 3312 2048 3377 contentiosa
2090 3329 2309 3392 opera,

341 3398 693 3466 inculcat?
786 3395 936 3479 Quo
981 3419 1211 3476 sensu,
1256 3400 1311 3464 si
1357 3398 1462 3464 cui
1508 3396 1780 3462 dubium
1822 3405 1942 3472 est,
1987 3397 2129 3480 ipsc
2172 3417 2311 3460 om-

340 3506 508 3551 nem
554 3484 938 3569 scrupulum
978 3485 1046 3549 in
1071 3484 1369 3567 Epistola
1410 3483 1496 3548 ad
1531 3481 1798 3549 Sixtum
1833 3483 2083 3549 eximit.
2165 3479 2310 3546 Sic-

339 3582 424 3638 ut
474 3572 561 3637 ab
607 3571 796 3636 initio
836 3570 1020 3651 fidei,
1065 3570 1308 3653 inquit,
1367 3568 1882 3635 misericordiam
1928 3567 2313 3650 consequuti

339 3678 615 3736 sumne,
678 3678 809 3721 non
858 3656 1014 3741 quia
1066 3677 1328 3721 eramus
1380 3655 1635 3734 fideles,
1697 3655 1814 3721 sed
1868 3663 1947 3720 ut
1989 3673 2308 3719 essemus:

341 3746 442 3810 sic
489 3745 567 3808 in
606 3744 737 3807 fine
781 3741 1116 3808 coronabit
1158 3763 1296 3821 1108,
1342 3742 1511 3808 sicut
1551 3742 1865 3824 scriptum
1909 3748 2029 3821 est,
2075 3740 2147 3804 in
2189 3739 2312 3803 mi-

343 3827 718 3897 sericordia
789 3840 858 3893 et
918 3828 1464 3894 miserationibus.
1575 3826 1773 3894 Unde
1838 3836 1903 3892 et
1969 3828 2113 3909 ipsa
2178 3826 2316 3889 vita

341 3925 651 3991 aeterna,
695 3933 860 3997 quac
904 3915 974 3978 in
1014 3916 1146 3979 fine
1181 3913 1546 3990 habebitur,
1591 3922 1657 3978 et
1699 3918 1845 3993 [pag.
1894 3916 2038 3992 146]
2086 3913 2315 3994 utique

339 3998 905 4088 praecedentibus
946 4001 1199 4065 meritis
1242 3999 1582 4065 reddetur:
1631 4007 1852 4064 tamen
1889 3998 2042 4081 quia
2086 3997 2317 4063 eadem

341 4088 631 4164 merita,
687 4085 921 4168 quibus
966 4084 1307 4160 reddetur,
1367 4106 1498 4150 non
1545 4107 1585 4151 a
1626 4085 1816 4151 nobis
1869 4093 2100 4168 parata
2140 4091 2313 4163 sunt,

336 4197 473 4260 per
542 4181 839 4238 nostram
893 4171 1385 4251 sufficientiam,
1446 4171 1561 4237 sed
1615 4173 1686 4235 in
1732 4172 1919 4236 nobis
1972 4172 2143 4238 facta
2197 4190 2317 4253 per

340 4260 678 4346 gratiam,
736 4259 934 4323 etiam
978 4259 1120 4341 ipsa
1175 4259 1388 4343 gratia
1430 4267 1871 4340 nuncupatur:
1931 4277 2066 4322 non
2121 4256 2318 4321 aliam

338 4346 432 4413 ob
484 4365 791 4422 causam,
837 4345 967 4409 uisi
1011 4345 1165 4427 quia
1206 4345 1414 4427 gratis
1458 4341 1680 4422 datur3
1743 4365 1864 4409 nec
1903 4343 2050 4408 ideo
2090 4350 2319 4407 tamen

336 4455 490 4498 non
561 4429 754 4495 datur
804 4430 1088 4508 meritis,
1156 4430 1270 4496 sed
1337 4430 1484 4494 ideo
1538 4430 1696 4512 quia
1760 4427 1912 4493 data
1967 4435 2124 4493 sunt
2179 4430 2321 4512 ipsa

335 4520 632 4596 merita,
680 4516 915 4600 quibus
959 4514 1169 4580 datur.
1261 4516 1445 4581 Haec
1500 4517 1553 4581 si
1600 4536 1841 4581 sanum
1885 4515 2174 4580 habeant
2218 4516 2320 4578 in-

332 4611 744 4688 terpretem,
833 4602 949 4667 uid
990 4600 1170 4667 dubii
1213 4601 1635 4686 relinquunt?
1702 4601 1866 4666 Esto
1907 4610 2158 4678 tamen:
2207 4619 2320 4664 va-

334 4692 489 4758 leat
540 4710 719 4754 unus
761 4688 873 4753 ile
916 4689 1113 4754 100118.
1189 4686 1366 4768 Quid
1409 4688 1546 4754 illic
1591 4686 1911 4754 habetur?
1959 4686 2319 4770 Pelagiani,

333 4798 504 4844 cam
560 4775 768 4840 solam
813 4775 1095 4860 grat-iam
1139 4773 1282 4839 sine
1325 4772 1480 4840 ullis
1521 4773 1772 4839 meritis
1815 4774 1956 4838 dari
2001 4774 2320 4855 interpre-

338 4865 715 4941 tabantur,
783 4880 911 4945 qua
965 4859 1154 4925 Deus
1213 4859 1495 4927 remittit
1546 4866 1845 4943 peccata;
1911 4859 2096 4924 illam
2117 4878 2318 4936 ·vero,

333 4970 528 5034 quae
578 4947 652 5013 in
699 4948 831 5012 fine
876 4944 1171 5023 dabitur,
1232 4947 1489 5011 meritis
1533 4945 2073 5030 praecedentibus
2115 4942 2317 5009 reddi.

331 5036 506 5101 Hoc
558 5032 690 5099 illis
734 5032 1088 5098 concedere
1109 5039 1113 5044 '
1131 5038 1405 5115 paratus
1449 5038 1551 5097 est
1593 5031 2039 5116 Augustinus,
2092 5031 2149 5094 si
2191 5030 2323 5094 Dei

332 5122 537 5188 dona
584 5139 728 5185 0880
771 5125 1148 5204 agnoscant,
1192 5139 1330 5184 non
1372 5125 1591 5184 autem
1638 5119 1982 5183 hominum
2023 5116 2319 5202 propria:

333 5228 532 5293 quae
593 5205 772 5271 enim
830 5204 990 5270 talia
1033 5210 1223 5285 sunt,
1270 5204 1338 5269 id
1381 5211 1511 5285 est,
1558 5204 1641 5270 ab
1688 5204 2101 5282 hominibus,
2146 5201 2326 5267 mala

331 5315 538 5372 esse;
583 5291 756 5356 bona
797 5298 1038 5369 autem,
1082 5311 1226 5358 esse
1269 5290 1402 5357 Dei
1445 5289 1632 5356 dona.
1721 5290 1867 5355 Iam
1955 5289 2182 5355 lenum
2226 5288 2322 5353 lo-

332 5401 512 5449 cum
563 5375 764 5444 habet
804 5376 1102 5463 Pighius.
1194 5376 1375 5458 Quid
1419 5374 1733 5461 proinde?
1814 5374 1905 5439 Vi
1952 5396 2040 5454 es,
2085 5374 2321 5457 inquit,

586 5478 804 5536 Calvina·
836 5495 1022 5551 opera.
1103 5479 1215 5536 Vol.
1262 5479 1363 5537 VI.

1841 458 1969 524 DE
2016 457 2372 524 LIBERO
2416 457 2892 523 ARBI'I'RIO.

2426 664 2565 709 non
2608 645 2768 724 tolli,
2814 645 2927 709 sed
2975 645 3175 710 statui
3209 653 3589 713 sanctorum
3623 649 3882 714 merita.
3941 648 4215 731 Nempe,
4259 650 4387 716 sic-

2426 738 2502 795 ut
2556 729 2710 795 alibi
2766 731 3180 814 Augustinus
3252 730 3395 815 ipse
3456 733 3738 799 liberum
3793 732 4137 799 arbitrium
4196 732 4387 801 docet

2423 836 2544 899 per
2587 818 2867 900 gratiam
2914 815 3223 897 stabiliri3
3267 819 3423 900 quia
3462 838 3581 902 per
3614 840 3760 884 eam
3804 819 4138 900 liberetur,
4183 841 4386 904 quum

2422 911 2662 967 natura
2717 903 2806 968 sit
2848 902 3215 987 captivum,
3277 903 3554 987 ideoque
3608 905 3693 970 ad
3737 925 3931 970 omne
3988 907 4236 971 bonum
4280 907 4385 975 in·

2422 987 2605 1052 utile.
2692 988 2949 1054 Verum
3000 989 3169 1053 nihil
3230 989 3469 1056 doloris
3525 1012 3607 1055 ex
3667 992 3789 1058 hoc
3832 992 4108 1057 vulnere
4151 996 4381 1058 sentiO.

2423 1071 2717 1139 Subiicio
2760 1081 3010 1156 postea,
3060 1075 3430 1141 timendum
3485 1078 3760 1142 minime
3803 1098 3976 1155 esse,
4038 1084 4114 1142 ut
4157 1079 4385 1144 venia·

2421 1181 2600 1239 mus,
2667 1181 2794 1242 quo
2852 1160 3030 1227 clara
3094 1181 3253 1227 voce
3309 1162 3583 1244 spiritus
3645 1170 3916 1229 sauctus
3984 1183 4107 1228 nos
4171 1172 4381 1229 vocat.

2421 1245 2620 1311 Hanc
2661 1247 2836 1311 enim
2883 1248 3137 1326 seriem,
3184 1254 3252 1312 et
3296 1247 3415 1313 hos
3450 1248 3695 1331 gradus
3735 1247 4216 1315 misericordiae
4252 1251 4385 1315 Dei

2421 1331 2611 1396 nobis
2669 1331 2979 1409 describi,
3035 1341 3110 1397 ut
3161 1332 3485 1417 glorificet
3523 1355 3685 1417 quos
3729 1335 4144 1413 iustificavit,
4192 1337 4383 1400 iusti·

2420 1417 2574 1483 ficet
2614 1438 2776 1501 quos
2820 1419 3097 1496 vocavit,
3145 1426 3334 1485 vocet
3374 1440 3537 1502 quos
3573 1419 3787 1504 elegit.
3877 1421 4057 1486 Hinc
4099 1441 4221 1485 nos
4267 1421 4383 1487 do·

2419 1503 2582 1582 ceri,
2639 1524 2772 1568 non
2827 1503 2959 1569 alia
3012 1503 3093 1568 de
3150 1524 3351 1569 causa
3392 1506 3694 1570 coronari
3749 1506 4005 1585 fideles,
4061 1507 4192 1571 nisi
4227 1508 4381 1590 quia

2419 1589 2552 1653 Dei
2593 1589 3060 1667 misericordia,
3105 1610 3240 1655 non
3286 1612 3408 1656 sua
3451 1589 3807 1672 industria,
3853 1600 3920 1658 et
3962 1592 4156 1659 electi
4200 1604 4378 1673 sunt,

2419 1680 2488 1738 et
2531 1675 2768 1754 vocati,
2817 1682 2884 1741 et
2924 1676 3278 1741 iustificati.
3343 1677 3448 1742 Ab
3494 1677 3619 1742 hac
3663 1680 3994 1744 sententia
4039 1699 4114 1743 eo
4163 1699 4374 1762 usque

2418 1758 2731 1825 abhorret
2781 1762 2864 1826 Pi
2911 1761 3095 1840 hius,
3154 1770 3234 1827 ut
3277 1763 3498 1827 Deum
3542 1764 3682 1827 iore
3740 1764 3992 1830 iustum
4038 1773 4265 1849 neget,
4326 1766 4383 1830 si

2417 1866 2581 1911 vera
2625 1847 2725 1911 sit.
2818 1783 3075 1912 Vgerum
3118 1868 3323 1929 quum
3370 1848 3498 1914 ista
3556 1848 3899 1915 insectatio
3945 1871 4127 1916 mera
4182 1852 4273 1915 sit
4315 1858 4384 1915 et

2418 1939 2649 2016 aperta
2702 1932 2973 2014 spiritus
3017 1934 3228 1998 sancti
3275 1933 3674 2012 criminatio,
3735 1935 3893 2017 quid
3949 1938 4018 2000 in
4063 1956 4143 2001 ea
4187 1936 4382 2001 refel-

2416 2016 2617 2082 lenda
2662 2017 2946 2082 multum
2991 2038 3303 2100 ponerem
3348 2019 3632 2102 operae?
3722 2021 4083 2087 Praeterea
4126 2021 4251 2087 hoc
4293 2021 4378 2086 ad

2415 2102 2754 2168 electionis
2789 2104 3239 2186 quaestionem
3273 2112 3548 2186 spectat,
3586 2126 3755 2188 quae
3796 2128 3989 2177 suum
4031 2107 4379 2191 proprium

2415 2188 2632 2255 10011111
2677 2188 2957 2255 habebit.
3038 2187 3435 2272 Quanquam
3478 2211 3564 2255 110
3602 2194 4151 2273 praetermittam,
4199 2191 4375 2276 quod

2416 2275 2767 2341 observatu
2821 2274 3098 2359 dignum
3152 2282 3281 2355 est,
3341 2275 3468 2340 duo
3525 2274 4056 2342 adversariorum
4100 2278 4371 2357 obiecta,

2417 2381 2585 2442 quae
2652 2381 2948 2426 seorsum
3015 2382 3091 2426 ac
3149 2362 3501 2442 separatim
3550 2382 3901 2444 posueram
3916 2412 3931 2440 ,
3987 2362 4373 2429 commiscet

2417 2446 2718 2530 Pighius.
2809 2447 2982 2512 Nam
3024 2447 3137 2511 illo
3182 2445 3446 2512 demum
3507 2451 3655 2527 [pag.
3700 2451 3847 2526 147]
3893 2447 4142 2527 solute,
4196 2448 4371 2531 quod

2418 2531 2498 2597 de
2543 2554 2816 2615 operum
2871 2534 3124 2598 meritis
3180 2554 3257 2598 ac
3301 2533 3832 2598 remuneratione
3872 2533 4188 2612 afferunt,
4247 2533 4371 2599 hoc

2414 2619 2615 2684 tertio
2658 2619 2798 2684 loco
2832 2638 3309 2685 recensueram.
3367 2616 3445 2684 Si
3489 2640 3620 2683 non
3655 2618 4039 2685 subiaceant
4072 2618 4375 2685 electioni

2417 2711 2681 2770 nostrae
2731 2704 2902 2771 bona
2958 2705 3266 2770 similiter
3310 2712 3386 2769 ut
3427 2704 3631 2785 mala,
3673 2705 3851 2771 unde
3895 2705 4000 2781 fit,
4059 2713 4135 2769 ut
4177 2705 4291 2770 alii
4336 2726 4376 2770 a

2416 2790 2548 2856 fide
2603 2791 2911 2856 deficiant
2975 2798 3043 2855 et
3098 2791 3284 2856 bonis
3339 2790 3675 2873 operibus,
3735 2790 3850 2855 alii
3901 2790 4375 2873 perseverent?

2414 2876 2595 2943 Huic
2639 2877 3007 2960 quaestioni
3044 2884 3122 2942 ut
3165 2878 3628 2953 satisfacerem,
3675 2896 3944 2942 causam
3980 2876 4383 2943 diversitatis

2416 2962 2502 3027 ad
2544 2964 2905 3047 gratuitam
2932 2964 3062 3029 Dei
3106 2963 3494 3030 electionem
3530 2961 4017 3046 delegaveram:
4063 2963 4236 3029 sicut
4275 2984 4381 3028 re-

2414 3070 2574 3116 vera
2619 3051 2973 3116 vocationis
3015 3056 3281 3116 nostrae
3313 3048 3818 3115 fundamentum
3854 3057 3970 3127 est,
4017 3068 4151 3114 non
4185 3046 4379 3115 modo

2416 3143 2490 3201 ut
2545 3157 2691 3201 eam
2749 3137 3048 3219 incipiat,
3109 3136 3226 3203 sed
3280 3136 3481 3202 etiam
3541 3141 3618 3200 ut
3671 3135 3965 3200 stabiliat
4031 3154 4241 3217 usque
4306 3134 4380 3200 111

2414 3223 2635 3300 finem,
2684 3242 2760 3288 ac
2802 3222 3142 3304 compleat.
3232 3221 3381 3288 Illic
3423 3221 3595 3287 nihil
3638 3241 3863 3286 meum
3906 3231 4024 3285 est.
4094 3220 4270 3285 Nam
4309 3219 4381 3285 id

2416 3309 2833 3393 Augustinus
2878 3307 3119 3391 ubique
3152 3307 3469 3374 inculcat:
3516 3307 3629 3389 qui
3670 3314 3897 3372 tamen
3940 3306 4138 3372 simul
4195 3307 4380 3371 evin-

2415 3394 2536 3470 cit,
2600 3415 2731 3459 non
2787 3415 2860 3459 80
2913 3394 3318 3460 comminisci
3375 3415 3458 3459 ex
3513 3393 3776 3476 proprio
3835 3413 4063 3472 sensu,
4119 3391 4236 3458 sed
4295 3412 4381 3457 ex

2416 3480 2547 3544 Dei
2599 3479 2807 3562 ipsius
2860 3499 2972 3545 ore
3030 3500 3306 3546 sumere.
3409 3479 3693 3564 Pighius
3748 3486 3972 3544 autem
4029 3498 4217 3546 reum
4263 3498 4379 3542 cx·

2417 3574 2697 3718 110ωέοΒ
2721 3567 3033 3631 saevitiae
3079 3575 3146 3630 et
3202 3563 3615 3631 crudelitatis
3660 3565 3883 3628 Deum
3937 3565 4122 3642 facit,
4182 3565 4237 3629 si
4283 3564 4380 3630 ita

2415 3672 2523 3716 res
2615 3672 2657 3718 a
2700 3659 2824 3717 eat.

2593 3736 2914 3821 Sequitur
2978 3737 3049 3801 111
3105 3756 3256 3802 11108
3319 3736 3776 3801 Institutione:
3846 3734 4073 3816 Quum
4127 3735 4376 3800 Paulus

2419 3824 2445 3895 (
2461 3831 2482 3888 l
2538 3824 2688 3889 Gor.
2742 3829 2801 3904 4,
2856 3823 2925 3908 7)
2980 3822 3338 3905 quemlibet
3403 3829 3704 3886 nostrum
3762 3821 4161 3904 interrogat,
4229 3821 4376 3904 quis

2419 3903 2571 3977 eum
2617 3909 2972 3986 discernat3
3024 3917 3094 3973 et
3135 3908 3406 3993 gloriari
3445 3914 3656 3982 vetat,
3712 3905 3881 3989 quod
3927 3907 4147 3971 omnia
4191 3927 4375 3972 acce-

2419 3996 2742 4080 perimus,
2798 4014 3019 4060 nonne
3062 3995 3144 4061 ob
3195 3991 3264 4058 id
3307 3995 3523 4076 ipsum
3568 3992 3775 4056 libero
3832 3990 4102 4055 arbitrio
4146 3991 4381 4057 adimit

2419 4085 2674 4162 omnia,
2719 4103 2805 4146 ne
2848 4101 3044 4164 quem
3084 4079 3340 4145 meritis
3383 4078 3603 4144 locum
3644 4076 4017 4159 relinquat?
4086 4077 4217 4143 Hic
4262 4078 4377 4142 Pi·

2422 4169 2616 4254 ghius
2672 4167 3047 4244 cavillatur,
3108 4165 3274 4230 nihil
3331 4164 3521 4229 illum
3591 4163 3795 4228 libero
3851 4162 4122 4227 arbitrio
4187 4161 4378 4228 dero-

2421 4277 2600 4341 gare,
2646 4254 2798 4319 dum
2848 4252 3171 4328 admonet,
3214 4257 3446 4327 totum,
3492 4257 3559 4314 et
3594 4248 3764 4332 quod
3812 4269 4060 4326 sumus,
4106 4257 4173 4313 et
4206 4250 4379 4333 quod

2422 4341 2775 4416 habemus,
2823 4346 2890 4404 et
2932 4337 3107 4422 quod
3151 4356 3525 4420 possumus,
3572 4334 3805 4400 referri
3845 4333 3992 4399 Deo
4036 4347 4375 4418 acceptum
4418 4354 4427 4364 ·

2423 4427 2690 4494 debere:
2743 4426 2943 4490 etiam
2986 4422 3265 4488 liberum
3310 4418 3673 4488 arbitrium.
3765 4421 3935 4488 Tum
3951 4472 3969 4499 ,
4012 4423 4199 4504 quasi
4242 4424 4378 4487 vic-

2423 4515 2594 4580 toria
2635 4512 2917 4598 potitus,
2963 4509 3253 4575 insultat.
3345 4505 3525 4588 Quid
3567 4507 3730 4572 haec
3772 4506 4095 4584 doctrina,
4140 4507 4378 4589 inquit,

2426 4607 2546 4665 aut
2598 4597 2852 4664 meritis
2866 4648 2880 4674 ,
2951 4603 3067 4662 aut
3139 4595 3345 4660 libero
3399 4592 3793 4659 adversatur
3857 4591 4174 4658 arbitrio?
4265 4593 4378 4657 Me

2426 4687 2607 4750 enim
2636 4683 3067 4750 vehementer
3102 4701 3343 4758 errare,
3388 4681 3446 4746 si
3490 4700 3601 4746 008
3636 4679 3800 4744 adeo
3836 4678 4118 4743 delirare
4152 4677 4379 4744 existi-

2425 4791 2633 4849 mem,
2690 4777 2767 4834 ut
2821 4769 3104 4835 liberum
3154 4766 3501 4832 arbitrium
3565 4766 3820 4830 homini
3877 4762 4151 4829 credant
4207 4784 4248 4827 a
4307 4786 4377 4831 80

2424 4860 2568 4942 ipso
2618 4857 2864 4933 inesse,
2925 4862 2992 4921 et
3043 4875 3175 4920 non
3233 4872 3274 4916 a
3326 4852 3474 4918 Deo
3527 4852 3770 4917 datum.
3873 4850 4117 4916 Merito
4170 4850 4267 4914 ita
4308 4852 4379 4915 in

2427 4945 2567 5011 suis
2608 4942 2903 5010 victoriis
2947 4940 3239 5007 exsultat
3280 4938 3593 5024 Pighius,
3654 4955 3815 5019 quas
3870 4936 4032 5001 adeo
4077 4935 4159 5001 de
4201 4936 4379 5002 facili

2426 5037 2794 5115 comparat,
2852 5029 2997 5093 sine
3050 5025 3374 5109 sanguino
3430 5032 3496 5089 et
3535 5020 3790 5089 sudore.
3879 5021 4013 5089 Ubi
4058 5021 4381 5088 ,latebram

2425 5116 2731 5186 invenire
2790 5113 3078 5198 aliquam
3121 5119 3367 5196 potest,
3423 5111 3495 5175 in
3538 5129 3686 5176 eam
3727 5129 3884 5174 mox
3928 5130 3998 5174 se
4042 5107 4251 5174 abdit:
4313 5115 4382 5174 et

2427 5224 2633 5287 quum
2679 5203 2939 5267 hostem
2994 5198 3277 5281 amplius
3319 5217 3455 5261 non
3493 5194 3703 5275 videt,
3759 5195 4064 5281 fugatum
4108 5216 4184 5262 80
4228 5216 4379 5279 pro-

2427 5290 2729 5374 fligatum
2772 5293 2980 5370 putat.
3085 5283 3220 5351 sod
3275 5282 3620 5366 paululum
3662 5281 3796 5347 iam
3851 5287 4053 5364 caput
4097 5289 4377 5360 exserat,

2427 5383 2494 5440 et
2536 5396 2662 5455 me,
2707 5374 2815 5439 vel
2854 5371 3219 5457 apostolum
3252 5368 3471 5452 potius
3486 5421 3502 5448 ‚
3554 5367 3679 5435 sibi
3723 5368 3990 5452 propius
4036 5367 4382 5435 imminere

4263 465 4519 529 338·
