4999 6179
533 440 659 502 319

529 635 606 689 ut
654 622 1063 706 acquiescere
1105 623 1236 689 Dei
1278 623 1723 706 inspirationi,
1771 630 2034 689 nostrae
2079 625 2166 688 sit
2197 630 2484 706 potesta-

529 710 645 789 tis3
675 709 890 785 tertio,
930 718 1006 772 ut
1044 730 1180 773 non
1215 707 1518 774 labamur
1557 711 1628 774 in
1668 708 1901 793 adepto
1925 711 2156 775 salutis
2187 729 2482 787 munere,

528 794 990 861 sollicitudinis
1047 798 1196 873 [pag.
1243 800 1391 875 120]
1432 803 1726 873 nostrae,
1784 805 1850 861 et
1893 796 2192 861 coelestis
2236 796 2486 879 pariter

528 882 617 945 sit
669 880 916 945 auxilii.
1023 879 1203 960 Quid
1261 882 1317 946 si
1371 882 1512 963 ipse
1571 880 1696 947 sibi
1753 883 2032 965 scriptor
2089 882 2281 964 paulo
2337 890 2486 964 post

525 987 664 1032 non
708 964 1003 1032 constet?
1095 966 1269 1030 Nam
1319 965 1493 1049 quod
1538 988 1620 1031 ex
1659 967 2046 1033 milevitana
2086 966 2335 1053 synodo
2380 988 2484 1032 re-

525 1054 718 1119 citat:
775 1053 832 1117 si
886 1052 1030 1134 quis
1085 1053 1306 1116 Deum
1323 1103 1338 1127 ‚
1395 1061 1473 1117 ut
1526 1074 1566 1117 a
1607 1064 1874 1138 peccato
1918 1074 2278 1137 purgemur
2295 1104 2310 1132 ,
2369 1075 2484 1118 ex-

525 1147 823 1222 spectare
868 1145 1161 1203 nostram
1205 1138 1617 1204 voluntatem
1664 1141 1923 1219 sentiat,
1971 1149 2037 1204 et
2078 1162 2211 1205 non
2245 1138 2483 1223 potius,

525 1232 604 1289 ut
644 1225 917 1309 purgari
965 1223 1260 1299 velimus,
1306 1224 1377 1288 in
1420 1225 1612 1291 nobis
1655 1226 1931 1303 efficere,
1978 1247 2134 1291 eum
2179 1225 2486 1290 resistere

525 1311 792 1394 spiritui
828 1318 1074 1375 sancto:
1125 1310 1396 1375 minime
1440 1332 1593 1377 cum
1637 1312 1752 1376 illa
1796 1310 2134 1378 electionis
2179 1309 2483 1375 libertate

523 1396 853 1463 convenit.
943 1395 1118 1461 Item
1175 1395 1351 1478 quod
1408 1396 1596 1475 dicit,
1655 1417 1852 1481 agere
1896 1398 2117 1463 Deum
2159 1397 2233 1461 in
2275 1396 2482 1475 nobis,

522 1496 602 1547 ut
644 1481 817 1565 quod
854 1481 1002 1548 vult
1036 1482 1322 1547 velimus
1363 1496 1430 1547 et
1464 1503 1754 1567 agamus,
1797 1504 2066 1566 prorsus
2112 1485 2193 1549 ab
2230 1503 2306 1547 eo
2351 1480 2483 1548 dis-

524 1578 914 1635 sentaneum
949 1582 1050 1631 est
1085 1567 1256 1651 quod
1294 1568 1567 1645 dixerat,
1596 1569 2006 1652 acquiescere
2043 1579 2305 1634 nostrae
2341 1590 2484 1633 esse

522 1655 889 1738 potestat-is.
979 1654 1154 1719 Nam
1211 1653 1416 1719 altero
1470 1655 1612 1721 loco
1665 1656 1898 1721 efficax
1957 1655 2231 1737 spiritus
2277 1656 2485 1719 sancti

523 1743 815 1823 operatio
856 1739 1301 1822 praedicatur,
1349 1739 1586 1818 altero,
1631 1741 1789 1806 boni
1829 1756 1942 1806 aut
1996 1741 2151 1805 mali
2196 1739 2483 1823 eligendi

525 1825 852 1891 duntaxat
915 1825 1296 1891 facultatem
1357 1825 1580 1891 offerri
1649 1847 1764 1908 per
1829 1827 2112 1911 gratiam
2129 1878 2144 1903 ,
2224 1826 2477 1892 dicitur.

521 1911 653 1978 Illa
695 1922 918 1977 autem
959 1913 1092 1975 tria
1135 1923 1454 1994 quantum
1498 1911 1714 1977 absint
1757 1934 1797 1977 a
1838 1921 2059 1976 mente
2103 1912 2482 1996 Augustini,

524 2000 655 2063 iam
701 1998 946 2080 partim
991 1998 1206 2062 'visum
1248 2008 1366 2074 est,
1413 2010 1478 2061 et
1516 1999 1838 2079 copiosius
1874 1997 2089 2063 adhuc
2129 1997 2480 2063 videbitur.

522 2083 1029 2150 Conclusionem
1075 2082 1337 2147 demum
1377 2084 1565 2166 ponit
1608 2105 1689 2149 ex
1727 2084 2011 2165 quadam
2046 2084 2128 2148 ad
2167 2083 2484 2166 populum

522 2169 837 2235 concione
853 2220 869 2247 ,
938 2189 1104 2250 quae
1171 2170 1547 2252 Augustino
1615 2168 2035 2235 adscribitur:
2105 2191 2192 2234 an
2259 2180 2484 2234 autem

524 2256 669 2320 eius
750 2256 862 2332 sit,
931 2254 1231 2338 relinquo
1294 2255 1440 2319 aliis
1506 2253 1935 2322 iudicandum
1955 2307 1969 2331 ‚
2030 2258 2154 2320 etsi
2210 2255 2484 2319 minime

522 2341 883 2427 Augustini
951 2342 1293 2423 ingenium
1351 2361 1583 2424 sapere
1665 2341 1830 2405 mihi
1905 2339 2181 2406 videtur.
2285 2339 2482 2418 Sane,

523 2440 640 2493 aut
691 2424 863 2510 quod
909 2426 1049 2492 eius
1111 2448 1248 2491 non
1302 2426 1420 2503 sit,
1480 2436 1595 2490 aut
1648 2427 1820 2509 quod
1875 2426 1957 2491 ab
2001 2447 2077 2491 eo
2122 2426 2337 2492 adhuc
2379 2427 2483 2490 iu-

521 2534 692 2579 vene
734 2512 962 2578 habita
1017 2512 1218 2577 fuerit
1236 2563 1249 2587 ‚
1297 2511 1501 2576 etiam
1545 2533 1628 2576 ex
1683 2511 1788 2576 his
1832 2533 1998 2594 quae
2044 2512 2323 2596 Pighius
2366 2511 2482 2576 ad-

523 2597 704 2665 ducit
749 2596 967 2663 verbis
1010 2598 1454 2663 coniecturam
1506 2618 1640 2662 non
1683 2598 1949 2681 penitus
1992 2599 2211 2664 levem
2250 2620 2483 2680 capere

520 2684 708 2760 licet,
777 2682 951 2766 quod
1009 2704 1213 2765 quum
1280 2682 1442 2747 duas
1496 2684 1855 2749 contrarias
1924 2696 2136 2749 sectas
2191 2694 2481 2766 poneret,

523 2790 694 2852 quae
737 2768 1017 2833 nimium
1063 2768 1193 2833 huc
1226 2778 1344 2832 aut
1386 2768 1541 2833 illuc
1585 2768 1973 2836 declinando
2015 2780 2255 2847 errent,
2302 2777 2369 2834 et
2411 2771 2483 2834 in

524 2877 662 2919 una
703 2865 891 2938 parte
934 2854 1362 2921 Manichaeos
1403 2854 1715 2935 locasset,
1771 2856 1842 2920 in
1887 2855 2098 2920 altera
2138 2876 2271 2920 non
2317 2854 2483 2920 Goe-

521 2940 795 3006 lestinos
862 2956 975 3005 aut
1040 2941 1465 3024 Pelagianos,
1544 2941 1658 3007 sed
1733 2941 2155 3007 Iovinianum
2231 2942 2481 3006 statuit.

522 3029 652 3107 An,
697 3046 959 3111 quaes0‚
1005 3026 1397 3111 Pelagianos
1452 3027 1805 3106 omisisset,
1853 3027 2092 3111 quibus
2135 3036 2273 3093 tam
2316 3028 2484 3094 acri-

523 3123 629 3179 ter
672 3134 934 3197 semper
979 3123 1079 3179 est
1121 3113 1415 3193 infestus,
1455 3123 1523 3178 et
1565 3134 1728 3197 quos
1773 3117 1984 3198 magis
2026 3134 2294 3180 necesse
2340 3123 2485 3179 erat

523 3199 700 3282 apud
757 3199 1072 3283 populum
1125 3201 1370 3266 referre
1386 3251 1402 3278 ,
1468 3201 1523 3265 si
1567 3211 1726 3265 tunc
1779 3199 2228 3266 exstitissent?
2329 3199 2481 3265 Non

524 3286 705 3350 enim
759 3285 1065 3351 africanis
1122 3285 1414 3352 ecclesiis
1465 3307 1541 3351 eo
1610 3299 1902 3370 tempore
1969 3287 2286 3351 molestus
2342 3297 2483 3350 erat

523 3371 928 3450 Iovinianus,
975 3370 1089 3436 sed
1133 3372 1646 3456 Pelagianorum
1689 3373 1867 3437 fama
1900 3373 2097 3437 simul
2139 3382 2206 3436 et
2248 3372 2480 3455 impie-

523 3465 626 3523 tas
668 3464 880 3521 totum
937 3457 1074 3522 fere
1131 3459 1355 3523 orbem
1418 3467 1777 3543 pervagata
1831 3469 1990 3522 erat.
2081 3455 2482 3538 Quanquam

1839 432 2368 501 RESPONSIO
2414 432 2794 501 CONTRA
2836 436 3255 503 PIGHIUM

4428 442 4559 505 320

2558 606 2697 689 'tas
2741 643 2933 688 caeco
2976 625 3198 689 furore
3240 624 3724 691 exosculantur.
3816 624 3953 692 Sed
3998 647 4141 691 rem
4174 632 4384 690 totam
4418 627 4555 693 cla·

2591 709 2730 775 rius
2788 731 2829 775 a
2871 730 2977 774 me
3030 709 3426 793 patefactam
3483 709 3767 790 confido,
3825 732 4025 795 quam
4080 718 4157 777 ut
4199 711 4376 794 apud
4419 731 4554 790 eos,

2592 797 2705 879 qui
2750 816 2986 860 sanum
3044 796 3128 861 ad
3184 796 3357 862 hanc
3414 795 3924 880 disputationem
3976 797 4332 882 legendam
4380 796 4554 863 iudi-

2592 882 2783 957 cium,
2815 882 3121 960 afferent,
3179 892 3246 947 et
3287 890 3578 947 mentem
3631 884 3922 967 quietam
3976 903 4053 948 ao
4106 885 4552 966 compositam,

2590 967 2885 1033 flatuosis
2927 966 3062 1033 illis
3105 968 3243 1033 suis
3285 968 3644 1047 iactantiis,
3691 969 3798 1035 vel
3844 971 4190 1034 minimum
4235 970 4550 1052 proficiat.

2592 1052 2772 1118 Satis
2831 1054 3007 1117 enim
3071 1073 3399 1136 superque
3453 1053 3596 1119 eius
3649 1055 3830 1121 fucos
3887 1053 4158 1122 diluisse
4222 1053 4388 1119 mihi
4451 1058 4554 1121 vi-

2593 1138 2782 1204 deor:
2831 1138 3066 1221 quibus
3108 1139 3527 1224 Augustinus
3570 1139 3897 1222 pinxerat,
3941 1150 4017 1206 ut
4060 1139 4246 1206 nobis
4290 1149 4553 1207 contra-

2592 1226 2731 1290 rius
2773 1222 3126 1290 videretur.
3218 1224 3282 1289 N
3285 1244 3412 1291 unc
3456 1246 3616 1290 vero
3662 1225 3787 1293 hoc
3832 1247 4090 1310 quoque
4135 1248 4176 1292 a
4219 1248 4327 1291 me
4366 1230 4553 1310 quasi

2591 1311 2955 1375 auctarium
3012 1310 3308 1376 fortassis
3365 1312 3706 1393 requirent
3763 1313 3992 1395 aliqui,
4053 1318 4131 1377 ut
4184 1312 4356 1395 quod
4411 1314 4554 1397 glo-

2591 1396 2802 1460 riatus
2861 1417 3010 1461 sum
3069 1393 3152 1461 de
3208 1397 3582 1479 Augustino
3600 1449 3615 1474 ,
3674 1398 3866 1463 illum
3921 1419 4195 1481 prorsus
4252 1407 4555 1464 nostrum

2589 1503 2751 1559 esse,
2789 1503 2963 1546 nunc
2999 1481 3259 1564 plenius
3296 1494 3363 1546 et
3396 1482 3696 1565 pluribus
3731 1485 4125 1549 testimoniis
4145 1485 4545 1549 confirmem.

2590 1566 2743 1647 Qua
2805 1568 2878 1630 in
2945 1588 3018 1630 re
3083 1566 3480 1649 praestanda
3533 1590 3664 1633 non
3718 1580 3853 1633 tam
3910 1569 4300 1636 difficultate
4345 1591 4549 1654 quam

2589 1653 2969 1735 prolixitate
3020 1652 3361 1735 impedior.
3470 1654 3643 1719 Nam
3699 1656 3753 1719 si
3814 1658 4034 1721 omnia
4088 1655 4398 1739 colligere
4441 1658 4548 1721 in-

2589 1740 2882 1813 stituam‚
2918 1759 3085 1821 quae
3118 1739 3375 1803 factura
3410 1740 3543 1803 sint
3577 1741 3661 1805 ad
3698 1743 4059 1807 sententiae
4094 1750 4360 1807 nostrae
4394 1762 4548 1808 con-

2588 1825 3055 1899 firmationem,
3103 1826 3156 1890 si
3201 1824 3713 1906 adducerentur,
3769 1828 4043 1912 longum
4087 1848 4173 1893 ex
4216 1827 4320 1892 his
4362 1828 4549 1894 volu-

2589 1932 2747 1974 men
2800 1910 2966 1975 mihi
3027 1910 3385 1975 texendum
3442 1912 3638 1991 foret,
3703 1922 3770 1977 et
3811 1914 3933 1978 toti
3978 1914 4177 1978 etiam
4219 1915 4356 1979 fere
4399 1913 4551 1979 libri

2588 1996 2923 2060 interdum
2975 1996 3328 2061 inserendi.
3432 1996 3612 2077 Quid
3666 1999 3843 2064 enim
3895 1998 4073 2064 aliud
4128 2009 4412 2081 quatuor
4465 1998 4550 2064 ad

2589 2081 3005 2147 Bonifacium
3062 2081 3211 2147 libri
3229 2133 3245 2160 ,
3301 2083 3429 2147 duo
3483 2082 3568 2148 ad
3611 2084 4012 2166 Prosperum
4069 2098 4136 2149 et
4189 2084 4545 2164 Hilarium,

2591 2167 2721 2232 duo
2766 2168 2939 2251 item,
2989 2166 3073 2232 ad
3114 2166 3550 2233 Valentinum
3606 2169 3993 2235 continent?
4055 2170 4213 2253 quid
4257 2170 4425 2236 liber
4468 2169 4549 2236 de

2590 2254 2849 2318 Natura
2907 2264 2973 2317 et
3027 2254 3269 2352 gratia,
3335 2254 3504 2319 alter
3555 2255 3717 2320 item
3773 2256 3854 2321 de
3898 2257 4314 2322 Perfectione
4356 2257 4550 2321 iusti-

2591 2339 2767 2404 tiae?
2809 2338 2966 2422 quid
3009 2338 3163 2404 l1bri
3210 2347 3347 2404 tres
3392 2340 3477 2405 ad
3512 2341 4023 2406 Marcellinum?
4076 2339 4235 2427 quid
4274 2341 4552 2407 totidem

2590 2427 2850 2490 circiter
2892 2424 3232 2508 Epistolae
3277 2435 3438 2509 quot
3479 2429 3817 2493 nominavi
3862 2428 4082 2511 libros,
4138 2429 4269 2492 nisi
4314 2429 4551 2512 genui-

2589 2532 2778 2590 nam,
2825 2531 3101 2593 eamque
3145 2522 3532 2595 perpetuam
3575 2511 3912 2579 doctrinae
3958 2524 4220 2580 nostrae
4263 2513 4551 2597 explica-

2588 2597 2880 2662 tionem?
2971 2597 3246 2675 Verum,
3293 2619 3376 2663 ne
3420 2597 3665 2677 videar,
3711 2619 3892 2665 more
3939 2605 4090 2680 [pag.
4134 2603 4283 2680 122]
4316 2599 4552 2665 adver-

2590 2685 2765 2759 sarii,
2812 2682 2954 2747 sola
2996 2683 3314 2748 iactantia
3356 2703 3622 2749 causam
3664 2685 3960 2751 obtinere
3993 2684 4191 2751 velle:
4238 2685 4437 2751 simul
4478 2698 4553 2750 ut

2591 2790 2819 2833 eorum
2873 2767 3195 2834 desiderio
3253 2789 3335 2834 ex
3392 2778 3580 2853 parte
3631 2772 3792 2836 satis
3844 2772 4107 2849 faciam,
4179 2772 4292 2854 qui
4345 2792 4552 2854 quum

2590 2863 2885 2919 nostram
2944 2875 3095 2919 cum
3146 2855 3525 2937 Augustino
3590 2858 4088 2922 consensionem
4139 2856 4370 2923 videre
4434 2876 4550 2921 cu-

2589 2941 2795 3023 piant,
2840 2939 3046 3004 otium
3090 2939 3197 3005 vel
3240 2940 3622 3007 facultatem
3663 2962 3799 3007 non
3841 2941 4091 3008 habent
4132 2941 4356 3007 omnia
4399 2962 4553 3025 per-

2589 3024 2869 3112 legendi,
2915 3024 3375 3109 compendium
3420 3048 3503 3093 ex
3538 3027 3764 3111 paucis
3798 3028 3958 3094 locis
3993 3029 4362 3095 confectum
4395 3028 4551 3095 sub-

2587 3114 2834 3191 ficiam,
2894 3110 3067 3195 quod
3123 3133 3387 3179 omnem
3442 3113 3523 3179 (10
3579 3136 3658 3180 ea
3711 3135 3783 3178 re
3827 3113 4299 3179 dubitationem
4340 3114 4548 3180 tollat.

2586 3199 2853 3284 Eligam
2895 3206 3118 3263 autem
3160 3219 3273 3264 eos
3317 3200 3518 3264 libros
3562 3200 4006 3282 potissimum,
4056 3200 4292 3283 quibus
4334 3200 4550 3283 pluri-

2587 3307 2773 3350 mum
2815 3285 3187 3349 autoritatis
3221 3284 3521 3351 concedit
3563 3284 3875 3369 Pighius:
3922 3307 4008 3351 ne
4051 3286 4165 3353 ubi
4207 3285 4549 3352 convictus

2587 3371 2813 3450 fuerit,
2871 3368 2956 3434 ad
3011 3368 3325 3436 cavillum
3369 3369 3569 3449 illud,
3625 3372 3798 3436 sicut
3852 3371 4085 3437 solitus
4129 3381 4259 3450 est,
4316 3371 4548 3438 confu-

2585 3456 2755 3540 giat,
2823 3456 3203 3538 Augustino
3272 3455 3479 3520 multa
3546 3458 3719 3520 inter
3789 3453 4263 3540 disputandum
4329 3458 4549 3524 calore

523 3543 667 3607 sine
720 3541 874 3640 hac·
902 3563 1158 3626 quoque
1215 3544 1591 3610 coniectura
1645 3564 1860 3608 sermo
1914 3545 2055 3627 ipse
2099 3542 2349 3625 prodit,
2411 3565 2481 3607 se
2532 3541 2538 3640 j
2588 3540 2941 3618 excidisse,
3002 3541 3240 3623 quibus
3284 3562 3372 3606 ne
3434 3541 3576 3625 ipse
3630 3541 3895 3625 quidem
3948 3551 4142 3609 autor
4184 3542 4384 3609 fidem
4427 3542 4548 3608 ha-

519 3630 881 3712 Augustim
945 3649 1188 3693 nomen
1255 3630 1540 3694 mentiri.
1641 3629 1898 3693 Verum
1964 3641 2296 3711 utcunque
2373 3629 2479 3707 sit,

521 3713 870 3780 audiamus
925 3714 994 3779 id
1047 3713 1222 3796 quod
1278 3715 1492 3780 habet.
1580 3713 1676 3790 Ut
1717 3714 2022 3793 liberum,
2081 3714 2314 3797 inquit,
2361 3713 2480 3778 ho-

520 3801 721 3866 minis
785 3798 1132 3865 arbitrium
1187 3801 1646 3866 confiteamur:
1704 3799 2011 3878 dicimus,
2070 3821 2192 3865 nos
2237 3807 2305 3864 et
2348 3820 2481 3863 non

520 3907 827 3970 peccare,
886 3898 953 3951 et
1006 3905 1276 3969 peccare
1320 3905 1529 3969 posse.
1618 3885 2040 3969 Respondeo‚
2084 3885 2291 3962 hunc,
2337 3877 2480 3968 qui-

521 3994 780 4056 cunque
832 3973 944 4051 sit,
1000 3973 1056 4038 si
1114 3972 1370 4038 arbitrii
1429 3970 1680 4037 viribus
1747 3971 2075 4056 intelligat
2144 3970 2481 4036 hominem

521 4079 714 4141 posse
770 4078 906 4123 non
951 4079 1249 4140 peccare,
1306 4078 1441 4122 non
1494 4057 1661 4121 mihi
1677 4109 1691 4134 ‚
1751 4055 1870 4123 sed
1921 4057 2299 4140 Augustino
2352 4057 2483 4138 ipsi

521 4165 643 4227 pro
688 4144 1017 4210 haeretico
1077 4148 1226 4223 [pag.
1278 4147 1420 4222 121]
1467 4143 1713 4208 haberi.
1804 4141 1930 4209 Sin
1976 4164 2133 4208 vero

522 4230 839 4315 gratiam,
915 4231 1132 4295 sciunt
1197 4229 1438 4294 eruditi
1519 4239 1587 4294 et
1646 4231 1715 4294 in
1773 4229 2134 4313 Augustini

522 4314 882 4390 exercitati,
927 4315 1209 4397 qualiter
1251 4316 1355 4381 vir
1396 4315 1509 4380 ille
1554 4314 1634 4380 de
1669 4314 2099 4397 possibilitate
2144 4313 2481 4396 disputare

520 4401 743 4466 soleat.
834 4399 1165 4481 Quoniam
1207 4402 1384 4465 enim
1427 4399 1561 4466 Dei
1604 4401 1934 4483 potentiae
1970 4421 2122 4465 eum
2167 4399 2482 4484 derogare

517 4485 1092 4553 calumniabantur
1125 4486 1487 4569 Pelagiani,
1533 4485 1757 4551 Deum
1793 4486 2057 4569 quidem
2101 4506 2291 4569 posse
2326 4506 2482 4551 con-

518 4575 767 4652 fitetur,
813 4573 868 4637 si
913 4572 1104 4648 velit,
1152 4571 1268 4637 sed
1314 4571 1575 4636 nullum
1616 4572 1994 4655 exemplum
2036 4571 2169 4636 tale
2210 4572 2320 4636 vel
2365 4593 2478 4636 ex-

519 4660 786 4737 stitisse,
832 4658 936 4723 vel
981 4657 1218 4723 debere
1262 4659 1658 4741 exspectari:
1697 4659 2010 4740 quoniam
2047 4656 2238 4722 aliter
2273 4657 2481 4740 scrip-

519 4755 676 4808 tura
717 4745 1123 4827 pronunciet.

694 4830 1052 4910 Postquam
1086 4839 1228 4894 tam
1261 4830 1456 4895 certis
1492 4829 2156 4895 demonstrationibus
2194 4850 2303 4894 me
2326 4848 2481 4893 0011-

523 4913 685 4978 vicit
737 4913 1016 4997 Pighius
1033 4968 1050 4994 ,
1128 4914 1529 4998 triumphale
1596 4915 1839 4979 iterum
1897 4915 2265 4998 tripudium
2322 4915 2478 4999 agit.

524 4999 665 5066 Nec
704 5001 975 5064 mirum:
1034 5000 1159 5066 sibi
1215 5002 1392 5066 enim
1448 5002 1631 5066 intus
1688 5019 1773 5066 ac.
1815 5002 1951 5067 suis
2008 5001 2215 5066 musis
2272 5001 2479 5080 canit;

528 5085 636 5153 vel
678 5086 912 5152 saltem
954 5094 1301 5154 contentus
1343 5095 1466 5166 est,
1507 5087 1563 5152 si
1606 5085 1914 5170 plausum
1955 5087 2199 5152 habeat
2241 5107 2281 5149 a
2314 5107 2479 5168 pau-

521 5173 620 5238 cis
665 5174 771 5237 sui
815 5171 1170 5251 similibus,
1213 5174 1326 5256 qui
1370 5194 1574 5256 quum
1615 5172 1747 5239 Dei
1789 5173 2139 5238 veritatem
2183 5171 2480 5237 subverti

521 5259 664 5324 iam
698 5278 892 5342 posse
933 5257 1300 5340 desperent,
1344 5259 1830 5342 qualescunque
1871 5258 1957 5322 ad
1991 5255 2480 5341 impediendum

526 5345 667 5409 eius
710 5365 977 5410 cursum
1022 5365 1310 5411 remotas
1351 5345 1639 5428 undique
1682 5345 2087 5428 quaeritant,
2134 5351 2202 5409 et
2244 5342 2478 5409 inven-

2235 4164 2307 4207 er
2351 4142 2481 4207 Dei

2228 4228 2482 4294 ectione

2587 3628 2743 3693 bere
2800 3626 2976 3692 velit.
3081 3627 3217 3691 Eos
3273 3648 3431 3711 ergo
3489 3627 3723 3706 libros,
3783 3629 3896 3711 qui
3938 3628 4165 3694 sedato
4224 3630 4359 3694 iam
4410 3628 4547 3694 dis-

2586 3713 2946 3796 putationis
3001 3712 3257 3778 fervore
3310 3713 3539 3796 scripti
3592 3714 3886 3794 fuerunt,
3941 3714 4356 3782 fidelissimos
4399 3735 4547 3781 esse

2585 3809 2791 3864 testes
2844 3798 3118 3876 fatetur,
3188 3796 3347 3881 quid
3402 3800 3682 3865 senserit
3737 3800 4184 3884 Augustinus,
4244 3813 4312 3866 et
4364 3811 4547 3868 certo

2584 3884 2789 3967 recipi
2851 3884 3151 3950 voluerit.
3253 3882 3476 3965 Quare
3544 3886 3601 3950 si
3667 3887 3736 3950 in
3817 3886 3923 3951 his
3988 3886 4546 3967 demonstravero,

2532 4001 2538 4030 .
2584 3970 2771 4035 nobis
2794 3991 2925 4034 ·um
2969 3969 3069 4034 illi
3103 3971 3476 4050 convenire,
3513 3972 3655 4037 sine
3690 3973 4153 4050 controversia,
4192 3974 4390 4038 etiam
4428 3973 4545 4040 ad-

2583 4057 2859 4122 versarii
2900 4056 3324 4135 confessione,
3370 4057 3605 4123 vicero.

2760 4142 3065 4207 Primum
3120 4140 3430 4221 dicimus,
3519 4142 3806 4209 hominis
3871 4154 4162 4209 mentem
4226 4146 4547 4211 caecitate

2586 4249 2984 4312 percussam,
3030 4234 3105 4291 ut
3146 4225 3232 4291 ad
3273 4229 3570 4293 veritatis
3613 4228 3915 4294 notitiam
3955 4230 4301 4312 pervenire
4343 4251 4429 4296 ex
4472 4253 4548 4298 se

2586 4314 2767 4379 nullo
2823 4311 3014 4378 modo
3092 4323 3290 4395 queat
3301 4337 3318 4394 ;
3396 4313 3672 4379 dicimus
3738 4314 4153 4380 voluntatem
4215 4317 4547 4398 pravitate

2587 4408 2965 4482 corruptam
2979 4449 2997 4478 ,
3040 4407 3117 4463 ut
3158 4419 3281 4464 nec
3316 4399 3537 4464 Deum
3581 4399 3854 4485 diligere
3868 4452 3884 4478 ,
3929 4421 4052 4466 nec
4093 4401 4235 4467 eius
4277 4401 4547 4469 obedire

2586 4485 2881 4551 iustitiae
2923 4485 3146 4568 possit.
3236 4483 3606 4568 Utrumque
3649 4486 3929 4571 Pighius
3971 4486 4315 4570 improbat.
4374 4488 4547 4553 Pro-

2589 4572 2742 4636 deat
2803 4592 2981 4636 nunc
3046 4571 3115 4633 in
3168 4568 3458 4635 medium
3517 4573 3963 4656 Augustinus,
4032 4572 4216 4638 velut
4277 4572 4543 4641 arbiter.

2586 4658 2794 4723 Libro
2839 4656 2920 4721 de
2965 4653 3361 4721 Sanctorum
3407 4657 4027 4739 praedestinatione,
4073 4680 4146 4724 se
4189 4658 4547 4742 aliquando

2584 4744 2785 4808 fuisse
2838 4743 2911 4806 in
2955 4761 3031 4806 eo
3077 4763 3297 4807 errore
3339 4745 3717 4821 confitetur,
3764 4752 3842 4809 ut
3884 4752 4181 4810 nostrum
4229 4766 4374 4810 esse
4418 4766 4548 4829 pu-

2587 4837 2789 4904 taret,
2846 4826 3072 4892 audito
3126 4828 3466 4912 evangelio
3521 4832 3915 4897 consentire:
3971 4830 4087 4896 sed
4139 4838 4372 4913 postea
4408 4832 4547 4900 illis

2588 4914 2785 4979 Pauli
2848 4912 3069 4979 verbis
3134 4916 3542 4994 convictum,
3630 4925 3706 4980 ut
3771 4916 4143 4998 opinionem
4223 4924 4543 4984 mutaret:

2589 4997 2767 5079 Quid
2813 4997 3016 5065 habes
3058 4998 3229 5082 quod
3273 5021 3408 5065 non
3451 5002 3778 5084 acceperis
3822 5001 3889 5086 (l
3922 5001 4071 5067 Oor.
4110 5007 4171 5083 4,
4210 5001 4326 5086 7)?
4374 5004 4547 5069 Pro-

2586 5085 2741 5150 inde
2805 5084 3038 5164 fidem,
3107 5094 3174 5150 st
3226 5086 3599 5152 inchoatam
3641 5097 3709 5152 et
3763 5088 4146 5170 perfectam,
4206 5089 4551 5157 concludit

2587 5169 2832 5236 donum
2875 5191 3016 5236 esse
3060 5170 3217 5236 Dei:
3277 5193 3480 5255 quum
3523 5194 3607 5238 ne
3650 5175 3939 5256 cogitare
3982 5172 4247 5257 quidem
4287 5174 4549 5260 aliquid

2585 5256 2741 5322 boni
2786 5258 2859 5321 in
2902 5266 3129 5323 nostra
3170 5258 3255 5323 sit
3295 5265 3631 5341 potestate,
3678 5258 3851 5341 quod
3896 5267 4116 5325 tamen
4158 5259 4369 5326 multo
4411 5264 4549 5327 mi·

2583 5363 2710 5408 nus
2772 5351 2875 5409 est
2890 5394 2906 5422 ,
2962 5361 3157 5427 quam
3200 5343 3483 5409 credere.
3572 5343 3675 5408 Ne
3719 5364 3875 5433 vero
3928 5345 4085 5412 huic
4142 5347 4551 5431 tergiversa-
