4999 6179
595 411 720 475 395

589 599 758 665 feret
774 649 789 675 ,
845 597 899 662 si
957 594 1292 663 manserit.

589 685 728 762 ille,
774 684 986 761 instar
1026 680 1349 767 palmitis,
1391 699 1477 744 ex
1520 701 1590 745 se
1633 679 1805 762 ips0,
1848 677 1918 742 id
1961 684 2078 758 est,
2124 680 2387 762 propria
2431 699 2556 744 sua

592 778 833 836 natura
862 769 1148 835 fructum
1181 768 1363 833 feret.
1441 765 1664 831 Huius
1697 765 1994 847 argutiae
2031 762 2272 829 fiducia
2303 765 2553 829 mirum

592 866 993 940 quantopere
1066 850 1374 919 exsultet.
1462 851 1670 933 Atqui
1746 869 1941 915 nemo
2015 870 2149 914 non
2217 850 2549 935 intelligit,

592 963 790 1028 quam
847 939 1185 1024 pueriliter
1235 939 1541 1020 ineptiat,
1599 933 1919 1002 eiusmodi
1971 934 2376 1020 syllabarum
2433 934 2589 1007 au?

593 1029 788 1112 cupia
842 992 1242 1121 tendendo}
1276 1024 1451 1089 Nam
1518 1043 1724 1105 quum
1776 1021 2150 1106 intelligere
2203 1020 2552 1088 Christum

592 1114 755 1180 satis
795 1117 1067 1190 constet,
1103 1114 1246 1175 ‘ison
1280 1131 1363 1175 ex
1400 1129 1471 1174 se
1504 1109 1646 1190 ipso
1690 1107 1973 1173 feracem
2016 1128 2159 1173 esse
2194 1108 2551 1191 palmitem,

593 1199 712 1265 secl
756 1199 850 1265 ita
893 1197 1176 1272 demum,
1223 1196 1278 1259 si
1321 1195 1394 1259 in
1425 1194 1565 1259 vite
1605 1200 1846 1270 manet,
1890 1199 2037 1273 [pag.
2076 1198 2227 1274 226]
2272 1195 2382 1259 hic
2425 1217 2551 1259 nu-

593 1293 785 1370 gator
857 1282 1104 1349 nodum
1163 1282 1235 1346 in
1314 1280 1528 1364 scirpo
1594 1279 1865 1362 quaerit.
1957 1277 2146 1360 Quod
2217 1281 2272 1344 si
2338 1279 2552 1346 adhuc

592 1371 873 1449 rixetur,
915 1366 1307 1451 respondeat
1349 1365 1542 1445 mihi,
1588 1363 1745 1449 quid
1787 1386 1905 1448 per
1948 1365 2119 1431 11000
2163 1366 2551 1449 particulam

593 1455 951 1542 intelligat:
997 1476 1036 1519 a
1079 1475 1150 1519 se
1193 1455 1353 1537 ipso.
1414 1452 1524 1517 An
1571 1451 1751 1528 haec,
1796 1471 2059 1535 quaese,
2103 1452 2281 1517 inter
2322 1473 2393 1518 se
2437 1473 2551 1535 op·

593 1542 754 1628 9001
794 1539 1076 1626 negabit,
1122 1561 1163 1605 a
1205 1561 1276 1605 se
1320 1540 1479 1622 ipse,
1525 1546 1593 1604 et
1634 1539 1705 1602 in
1749 1537 1885 1602 vite
1908 1536 1940 1600 ἶ)
2010 1535 2146 1603 8011
2189 1560 2338 1603 eum
2384 1537 2553 1603 nihil

590 1647 831 1695 moror.
892 1628 1031 1692 Res
1069 1625 1219 1710 plus
1264 1626 1460 1708 110001
1505 1623 1684 1693 clara
1725 1631 1854 1688 est:
1901 1624 2142 1706 opponi
2186 1623 2348 1689 duas
2392 1625 2552 1689 istas

591 1713 975 1799 particulas,
1034 1732 1074 1776 a
1126 1732 1198 1777 se
1254 1712 1428 1794 1900,
1486 1718 1554 1776 et
1608 1710 1680 1773 in
1733 1709 1898 1774 vite:
1956 1707 2131 1773 unde
2183 1709 2552 1794 intelligere

589 1808 966 1884 promptum
1021 1806 1154 1875 est,
1209 1817 1249 1862 a
1293 1816 1366 1862 se
1408 1796 1580 1878 ipsc,
1627 1792 2016 1860 tantundem
2075 1795 2322 1875 valere,
2378 1817 2453 1862 ac
2494 1797 2550 1861 si

591 1886 887 1964 dixisset,
933 1906 974 1950 a
1005 1885 1145 1949 vite
1188 1890 1573 1949 extractum.
1603 1888 1720 1948 aut
1761 1887 2152 1964 separatum.

765 1970 874 2037 Ad
916 1968 1084 2035 illud
1116 1967 1333 2047 Pauli,
1369 1968 1587 2033 Deum
1625 1988 1768 2033 esse
1811 1966 1927 2049 qui
1969 1974 2277 2050 operatur
2317 1968 2387 2033 in
2433 1990 2552 2034 no-

591 2057 694 2124 bis
737 2069 807 2122 et
849 2055 1021 2123 velle
1078 2065 1146 2122 et
1187 2054 1501 2138 perficere
1551 2074 1672 2137 pro
1728 2073 1845 2119 suo
1896 2051 2302 2135 beneplacito
2345 2054 2549 2137 (Phil.

593 2146 653 2223 2,
699 2143 839 2228 13),
895 2163 967 2208 se
1009 2161 1264 2226 quoque
1306 2139 1483 2205 idem
1524 2139 1852 2206 confiteri:
1900 2138 2016 2203 sed
2059 2138 2184 2209 ita.
2230 2147 2309 2205 ut
2350 2141 2549 2207 simul

475 2234 484 2239 “
591 2238 751 2316 agat
793 2228 1113 2295 voluntas.
1201 2225 1349 2294 Hoc
1391 2227 1571 2291 flexu
1614 2225 1914 2308 elapsum
1956 2245 2027 2290 00
2070 2236 2287 2307 putat,
2343 2234 2548 2309 qu'um

590 2315 808 2382 medio
873 2312 1087 2379 adhuc
1163 2330 1430 2405 corpore
1490 2312 1710 2394 ipsum
1776 2320 2056 2376 teneam.
2149 2310 2304 2376 Non
2369 2313 2549 2378 enim

589 2402 715 2469 hoc
758 2399 1127 2486 quaeritur,
1172 2407 1413 2487 agatne
1449 2397 1775 2471 voluntas,
1823 2394 1997 2479 quod
2041 2405 2231 2462 extra
2274 2397 2551 2464 dubium

472 2534 480 2543 ·
590 2497 712 2568 est,
757 2485 874 2555 sed
917 2492 1158 2570 agatue
1197 2505 1238 2549 a
1280 2506 1351 2550 se
1392 2484 1555 2566 ipsa,
1602 2502 1690 2547 00
1735 2481 2091 2565 9101110110
2136 2483 2400 2551 (11ν1000
2444 2504 2552 2551 00-

590 2575 818 2640 tionis:
866 2582 983 2638 aut
1026 2572 1364 2647 crassiore,
1411 2570 1467 2634 01
1508 2568 1752 2652 placet,
1797 2566 2103 2652 loquendi
2148 2569 2370 2650 mode,
2418 2570 2552 2637 dis·

592 2662 888 2725 tinctane
931 2672 1007 2724 00
1059 2663 1363 2739 separata
1416 2654 1504 2720 sit
1560 2655 1730 2720 actio
1774 2653 2134 2719 voluntatis
2192 2655 2276 2720 ab
2320 2676 2551 2740 opera-

592 2748 772 2812 tione
813 2743 978 2822 Dei;
1021 2763 1108 2807 00
1151 2740 1284 2819 illi,
1329 2739 1501 2824 quod
1545 2740 1763 2815 aiunt,
1808 2737 2290 2807 subordinetur.
2382 2741 2552 2824 Quis

591 2832 772 2898 enim
815 2829 1054 2907 nescit,
1196 2849 1232 2890 r
1285 2827 1693 2892 voluntatem
1736 2826 1910 2906 fieri,
1964 2834 2040 2891 ut
2098 2827 2256 2893 velit
2309 2828 2548 2894 homo?

593 2915 734 2984 Sed
775 2914 1030 2983 Paulus
1073 2914 1085 2927 '
1142 2914 1205 2979 10
1244 2913 1655 2980 voluntatem
1699 2913 1936 2979 asserit
1976 2911 2107 2978 Dei
2148 2914 2385 2998 spiritu
2428 2937 2550 3000 gu-

592 3003 892 3081 bernari,
954 3010 1029 3066 ut
1071 2998 1156 3067 ad
1196 3000 1446 3065 bonum
1489 2997 1760 3071 inclinet
1801 3006 1869 3062 et
1910 2998 2028 3065 ads
2075 3001 2231 3079 iret,
2275 2997 2551 3085 ideoque

592 3088 930 3176 propriam
985 3108 1130 3155 esse
1185 3086 1327 3153 eius
1383 3084 1733 3164 actionem,
1794 3085 1850 3151 si
1907 3085 2019 3169 qui
2119 3084 2273 3152 boni
2329 3088 2551 3154 animo

593 3177 1015 3260 concipimus.
1102 3173 1288 3258 Ergo
1351 3172 1590 3239 solutio
1654 3171 1884 3256 Pighii
1959 3172 2182 3240 fumus
2247 3182 2365 3240 est.
2457 3175 2553 3240 At

591 3261 759 3329 illud
796 3261 1098 3340 alterum,
1129 3261 1353 3326 Deum
1373 3280 1568 3344 agere
1611 3259 1833 3323 omnia
1850 3259 1922 3324 in
1946 3259 2250 3326 omnibus
2273 3260 2548 3346 (Ephes.

597 3353 655 3427 1,
695 3351 809 3432 23)
824 3399 841 3427 ,
902 3347 997 3412 010
1050 3345 1275 3411 eludit.
1366 3344 1541 3426 Quia
1591 3344 1838 3411 scilicet
1890 3353 2152 3427 praeter
2204 3367 2359 3412 eum
2414 3368 2551 3413 non

595 3435 710 3513 sit,
767 3434 879 3518 qui
918 3432 1116 3498 faciat
1168 3432 1388 3496 010010
1431 3434 1501 3495 10
1547 3431 1882 3496 0010100οε
1929 3441 2264 3497 creaturas
2305 3443 2549 3512 tamen,

595 3542 717 3587 000
770 3539 1096 3603 1100101100
1150 3515 1379 3583 ordine
1396 3568 1411 3594 ,
1476 3518 1789 3600 perficere
1843 3517 2135 3583 actiones
2199 3538 2361 3600 quas
2415 3519 2552 3585 illis

596 3605 970 3673 destinavit.
1060 3602 1449 3670 Secundum
1522 3602 1648 3667 1100
1724 3611 2199 3683 commentum,
2283 3605 2340 3669 si
2405 3607 2551 3689 quis

594 3699 936 3760 creaturae
975 3690 1310 3773 propriam
1364 3708 1657 3754 seorsum
1702 3709 1742 3752 a
1783 3686 1930 3754 Deo
1974 3689 2297 3755 actionem
2342 3690 2550 3777 assig-

593 3789 742 3855 net,
802 3776 967 3842 nihil
1019 3774 1311 3841 alienum
1369 3774 1542 3841 dicet
1597 3795 1637 3838 0
1692 3795 1889 3840 0011011
1934 3775 2148 3841 Ρο011.
2238 3774 2333 3841 At
2374 3786 2552 3843 certo

595 3865 838 3932 certius
883 3873 1012 3941 est,
1059 3860 1346 3927 Paulum
1389 3860 1536 3926 ideo
1581 3859 1883 3926 retulisse
1927 3859 2011 3925 ad
2048 3863 2270 3928 Deum
2312 3865 2552 3941 010010,

594 3959 674 4016 ut
706 3949 1122 4027 disceremus,
1169 3947 1300 4013 nisi
1332 3968 1448 4031 per
1493 3947 1727 4030 ipsum,
1773 3945 1939 4012 nihil
1972 3947 2142 4012 fieri:
2191 3956 2267 4013 ut
2307 3950 2552 4016 inferre

594 4036 750 4102 inde
794 4036 1007 4115 liceat,
1052 4032 1407 4118 quidquam
1434 4032 1764 4098 neminem
1789 4053 1873 4098 ex
1918 4054 1988 4098 se
2029 4053 2242 4117 agere,
2288 4036 2552 4119 quando

595 4124 773 4189 solus
815 4121 1149 4187 Dominus
1201 4121 1275 4184 in
1317 4120 1623 4185 omnibus
1665 4118 1938 4204 impleat
1979 4121 2216 4185 omnia.
2305 4121 2552 4205 Loqui-

595 4217 708 4275 tur
750 4217 970 4274 autem
1017 4207 1351 4291 apostolus
1393 4226 1526 4271 000
1567 4205 1649 4270 110
1679 4204 2052 4271 “universali
2097 4204 2359 4272 divinae
2402 4227 2556 4290 pro-

594 4294 929 4378 uidentiae
972 4294 1345 4377 operatione
1390 4313 1519 4375 qua
1561 4301 1739 4357 totus
1779 4289 2068 4357 mundus
2110 4292 2394 4377 regitur,
2439 4291 2557 4360 sed

595 4381 677 4447 de
720 4380 1043 4466 singulari
1098 4379 1574 4479 gubernatione
1617 4399 1749 4461 qua
1800 4397 1921 4461 per
1962 4377 2265 4461 spiritum
2312 4381 2555 4446 sancti-

592 4467 923 4535 ficationis
979 4464 1061 4530 ad
1106 4465 1393 4530 lustitiae
1438 4485 1594 4530 suae
1640 4462 2078 4530 obedientiam
2123 4462 2351 4531 fideles
2394 4465 2553 4531 diri-

595 4555 712 4641 git.
819 4553 965 4618 Hoc
1026 4549 1184 4617 dum
1238 4550 1519 4636 Pighius
1584 4551 1878 4635 ignorat,
1946 4549 2029 4616 de
2082 4550 2372 4635 generali
2433 4574 2551 4618 na-

594 4649 784 4706 turae
826 4637 1055 4704 ordine
1098 4645 1288 4702 extra
1327 4642 1476 4717 [pag.
1517 4641 1668 4716 227]
1712 4657 1854 4702 rem
1897 4636 2418 4720 philosophatur.

771 4723 998 4806 Quum
1041 4731 1261 4789 autem
1294 4723 1654 4807 approbare
1687 4721 1872 4787 illam
1903 4721 2362 4806 Chrysostomi
2402 4745 2552 4790 sen-

595 4812 869 4877 tentiam
905 4809 1078 4876 vult:
1126 4831 1323 4894 quem
1356 4809 1584 4888 trahit,
1626 4808 1961 4875 volentem
1994 4809 2218 4890 trahit,
2263 4809 2555 4893 primum

594 4896 760 4963 falso
802 4894 989 4962 nobis
1033 4895 1331 4962 obtendit
1366 4894 1774 4964 saeculorum
1806 4897 2102 4960 omnium
2138 4917 2550 4976 consensum,

597 4982 836 5049 deinde
878 4981 1163 5049 rationes
1202 4982 1354 5050 11100
1395 4983 1526 5048 1010
1569 4982 1765 5047 toties
1800 5003 1840 5046 a
1883 5003 1990 5072 me
2034 4981 2404 5048 confutatas
2445 4987 2551 5048 re-

594 5070 790 5154 petit:
848 5079 1024 5135 stare
1080 5069 1164 5135 ad
1206 5070 1448 5137 ostium
1490 5066 1707 5136 cordis
1749 5069 1958 5133 nostri
2001 5066 2252 5146 Deum,
2307 5077 2382 5132 ut
2422 5068 2553 5152 ipsi

596 5156 987 5239 aperiamus,
1032 5163 1099 5221 et
1140 5156 1404 5223 similes.
1489 5156 1750 5220 Verum
1792 5175 1911 5220 suo
1956 5173 2139 5219 more
2181 5154 2551 5237 impugnat,

594 5240 769 5328 quod
821 5263 957 5308 non
1010 5243 1384 5327 assequitur
1396 5267 1413 5322 ;
1473 5250 1589 5309 aut
1642 5247 1817 5307 certe
1870 5239 2074 5305 armis
2115 5259 2354 5323 parum
2396 5259 2554 5306 con-

593 5328 780 5414 gruis
820 5329 1048 5404 utitur.
1113 5328 1207 5395 Et
1248 5328 1622 5409 christum,
1656 5332 1725 5392 et
1766 5324 2105 5405 Satanam,
2146 5323 2555 5390 voluntarios

1896 400 2432 469 011οΡ0Νο10
2475 400 2857 468 comm
2899 401 3319 489 menum

1383 590 1675 660 Proinde
1730 593 1842 674 qui
1883 592 1955 656 in
1999 590 2269 659 Christo
2310 597 2551 671 manet,
2610 624 2611 627 ¹

4468 404 4581 469 396

2656 592 2781 658 sibi
2826 591 3069 656 milites
3113 591 3384 676 eligere,
3432 598 3627 675 atque
3669 590 4031 656 auctionari
4076 608 4225 656 cum
4261 591 4586 660 Ambrosio

2656 679 3009 745 sentimus:
3067 677 3184 743 sed
3239 699 3277 742 0
3325 684 3539 743 ortere
3590 677 3679 741 ad
3715 677 3959 743 bonum
4006 677 4149 742 fieri
4182 676 4586 759 voluntarios,

2656 762 2909 830 Christi
2949 764 3203 846 spiritu,
3298 764 3546 843 cimus,
3589 783 4007 847 quoscunque
4040 761 4186 828 vult
4227 758 4457 830 habere
4497 774 4588 834 ta-

2655 848 2771 916 les.
2862 849 3098 915 Trahit
3137 870 3287 928 nos,
3345 850 3560 934 inquit
3602 849 4050 933 Augustinus,
4109 870 4245 914 non
4287 850 4588 919 violenter

2656 956 2868 1020 neque
2893 936 3168 1001 invitos:
3206 943 3438 1019 sponte
3462 936 3668 1019 igitur
3688 942 4052 1018 sequentes,
4099 933 4215 999 sed
4245 935 4585 1018 voluntate,

2655 1043 2854 1105 quam
2896 1022 3157 1088 fecerit..
3230 1023 3439 1088 Porro
3483 1042 3618 1086 000
3665 1020 3788 1086 1100
3831 1020 3997 1089 mihi
4028 1022 4099 1085 in
4140 1019 4592 1106 Chrysostcmo

2657 1106 2976 1191 displicet,
3022 1108 3194 1191 quod
3235 1118 3627 1192 spontaneos
3660 1107 3743 1173 ad
3789 1105 4195 1190 sequendum
4231 1128 4371 1173 esse
4413 1108 4594 1189 dicat,

2658 1194 2769 1277 qui
2814 1193 3200 1275 trahuntur;
3258 1193 3373 1259 sed
3417 1194 3573 1279 quia
3615 1193 3877 1278 proprio
3920 1200 4103 1258 motu
4147 1215 4218 1259 se
4265 1194 4333 1258 ui
4376 1192 4595 1263 debere

2657 1280 3005 1364 intelligat.
3097 1277 3434 1363 Quidquid
3500 1301 3673 1366 ergo.
3721 1279 4035 1347 moliatur
4097 1276 4226 1363 Pig
4273 1280 4406 1360 ius,
4479 1282 4599 1348 1100

2658 1375 2966 1431 excutere
3009 1365 3196 1432 00010
3249 1387 3381 1430 000
3437 1367 3703 1449 poterit,
3759 1366 4108 1432 efficaciter
4159 1386 4201 1429 a
4241 1365 4387 1430 Deo
4439 1368 4597 1435 affici

2656 1458 2953 1518 nostram
2995 1452 3422 1533 voluntatem,
3468 1473 3604 1517 000
3644 1453 3878 1518 leviter
3920 1458 4184 1517 tantum
4215 1454 4492 1529 moveri:
4530 1461 4603 1521 ut

2659 1547 2925 1603 nostrae
2987 1546 3213 1622 postea
3277 1539 3559 1622 optionis
3622 1540 3736 1615 sit,
3816 1538 4137 1621 refragari
4207 1537 4309 1605 vel
4360 1559 4597 1622 parere.

2658 1624 2797 1691 Nec
2841 1624 3098 1708 frigidis
3140 1625 3277 1690 suis
3320 1623 3574 1690 cavillis
3618 1624 3882 1703 efficiet,
3940 1625 4102 1707 quin
4148 1622 4233 1689 ad
4274 1625 4415 1691 eius
4458 1647 4601 1692 000-

2657 1710 3096 1776 firmationem
3119 1711 3355 1789 valeat,
3391 1711 3563 1794 quod
3585 1711 3816 1776 citavit
3853 1709 4105 1775 Christi
4128 1711 4604 1777 testimonium:

2658 1794 2896 1862 Omnis
2939 1797 3049 1881 qui
3095 1795 3351 1862 audivit
3393 1803 3461 1863 et
3504 1795 3732 1867 didicit
3776 1819 3817 1862 a
3838 1805 4045 1879 ‘patre
4087 1817 4253 1874 1000,
4300 1798 4488 1862 venit
4527 1797 4607 1864 ad

2657 1903 2765 1948 me
2807 1882 3064 1966 (Ioann.
3108 1887 3165 1959 6,
3204 1883 3334 1963 45).
3424 1882 3716 1961 Discere,
3763 1882 3994 1967 inquit,
4040 1892 4161 1965 pro
4201 1883 4608 1965 acquiescere

2659 1970 2919 2051 capitur
2961 1969 3086 2035 hoc
3124 1968 3288 2035 1000.
3376 1970 3560 2054 Ergo
3603 1991 3738 2039 000
3776 1969 3989 2034 010010
4031 1988 4227 2051 110010
4271 1976 4460 2052 pater
4502 1968 4608 2035 do-

2656 2064 2789 2133 cet,
2834 2056 3023 2120 venit
3076 2052 3160 2120 011
3203 2054 3576 2121 Christum:
3634 2055 3752 2131 sed
3794 2054 3906 2121 ille
3951 2053 4247 2133 demum,
4308 2055 4425 2138 qui
4549 2079 4610 2121 ι·-

2655 2140 2918 2207 suaderi
2975 2163 3046 2207 00
3089 2142 3263 2206 sinit.
3351 2141 3537 2207 Haec
3579 2141 3900 2224 expositio
3943 2148 4263 2223 quantum
4308 2076 4610 2224 9001106110

2654 2227 2899 2295 1100010
2952 2226 3187 2293 debeat
3201 2279 3215 2305 ,
3274 2227 3644 2311 relinquam
3702 2225 4190 2292 aestimandum
4232 2225 4610 2294 lectoribus:

2657 2313 2768 2380 ubi
2813 2312 3025 2379 tribus
3071 2314 3290 2379 verbis
3330 2313 3763 2392 admonuero,
3820 2312 3977 2395 quid
4028 2311 4164 2377 illic
4219 2324 4381 2398 agat
4423 2312 4612 2379 Chri-

2656 2414 2817 2467 stus.
2906 2399 3059 2465 Non
3101 2399 3282 2465 aliud
3327 2399 3594 2477 scilicet,
3640 2400 3771 2465 nisi
3813 2408 3892 2464 ut
3934 2398 4365 2477 demonstret,
4411 2418 4615 2483 quan-

2657 2493 2799 2550 tum
2857 2487 3034 2551 inter
3076 2495 3420 2551 externam
3476 2485 3763 2551 hominis
3807 2483 4393 2568 praedicationem,
4453 2504 4614 2569 quae

2656 2592 2850 2637 aures
2885 2572 3098 2637 solum
3140 2572 3323 2649 ferit,
3360 2578 3431 2637 et
3461 2572 3739 2638 interius
3769 2591 4211 2653 arcanumque
4255 2570 4450 2650 illud,
4493 2592 4639 2655 quo,

2655 2679 2846 2724 mens
2905 2657 3317 2724 illuminatur
3381 2666 3449 2722 et
3511 2678 3624 2724 cor
3690 2659 4003 2741 tangitur,
4067 2657 4344 2739 spiritus
4412 2657 4617 2724 sancti

2656 2744 3112 2828 magisterium
3154 2744 3431 2810 intersit
3504 2744 3644 2810 Nec
3686 2764 3843 2810 vero
3886 2742 4459 2827 praetereundum
4499 2753 4616 2821 est,

2700 2849 2789 2896 00
2826 2831 3161 2897 occasione
3215 2829 3538 2896 adductus
3582 2830 3665 2896 ad
3724 2828 4075 2896 discrimen
4115 2826 4284 2895 illud
4329 2836 4622 2896 tractan-

2701 2938 2813 2981 um
2860 2917 3074 2982 fuerit.
3145 2916 3431 2983 Videbat
3473 2937 3544 2983 se
3576 2917 3747 2982 nihil
3769 2914 4059 2982 docendo
4090 2916 4418 2999 proficere
4450 2913 4621 2999 apud

2655 3022 2899 3084 caecos,
2936 3001 3170 3069 surdos
3207 3012 3277 3069 et
3308 3003 3602 3070 rebelles.
3677 3007 3825 3083 [pag.
3864 3007 4016 3082 228]
4046 2999 4372 3069 Ostendit
4402 3002 4622 3086 igitur,

2654 3111 2790 3155 000
2835 3088 3029 3156 aliter
3069 3089 3473 3158 fructuosam
3514 3112 3657 3157 esse
3699 3089 4084 3168 doctrinam,
4129 3087 4263 3154 0101
4310 3109 4523 3174 quum
4562 3096 4628 3154 et

2655 3175 2880 3242 lumen
2935 3175 3414 3261 intelligentiae
3470 3184 3539 3242 et
3591 3176 3999 3243 obedientiae
4048 3174 4330 3258 affectus
4389 3197 4433 3242 a
4482 3173 4628 3240 Deo

2655 3261 2869 3328 datur.
2946 3264 3180 3345 ·Atque
3217 3263 3349 3330 huc
3391 3263 3701 3347 pertinet,
3747 3261 3921 3347 quod
3964 3282 4049 3326 ex
4090 3260 4314 3327 Iesaia
4359 3260 4629 3328 adducit

2656 3350 3131 3414 testimonium:
3166 3347 3420 3415 Omnes
3454 3350 3593 3415 fore
3631 3371 3672 3415 a
3700 3350 3847 3415 Deo
3878 3347 4104 3413 doctos
4140 3346 4302 3430 (Ies.
4349 3354 4456 3427 54,
4501 3349 4627 3432 13).

2657 3433 3007 3519 Significat
3069 3437 3249 3500 enim
3319 3456 3396 3500 eo
3462 3435 3604 3501 1000
3666 3435 4020 3519 propheta,
4086 3433 4432 3518 peculiare
4491 3454 4632 3499 esse

2657 3518 2992 3586 doctrinae
3026 3542 3258 3606 genus,
3304 3542 3431 3605 quo
3465 3522 3795 3587 Dominus
3828 3520 4065 3587 electos
4098 3540 4255 3585 suos
4292 3518 4631 3606 dignetur.

2654 3608 2999 3674 Docentur
3064 3608 3244 3672 enim
3309 3617 3379 3672 et
3434 3607 3654 3691 impii,
3718 3606 3836 3672 sed
3892 3605 4020 3670 alio
4087 3606 4315 3672 modo:
4391 3626 4635 3690 nempe

2655 3702 2916 3760 tantum
2930 3744 2946 3771 ,
3017 3705 3095 3759 ut
3147 3695 3238 3760 ab
3284 3694 3548 3759 homine
3601 3693 3908 3771 audiant,
3972 3713 4105 3757 000
4160 3701 4403 3758 autem
4461 3699 4542 3758 ut
4594 3712 4635 3760 a

2655 3781 2799 3846 Deo
2843 3779 3115 3846 discant.
3181 3780 3441 3846 Verum
3482 3789 3559 3846 ut
3589 3779 3801 3859 aliter,
3844 3797 4043 3863 quam
4078 3779 4395 3857 sentiam,
4442 3798 4638 3864 posse

2653 3865 2940 3951 intelligi
2962 3865 3233 3948 ‚christi
3275 3866 3478 3932 verba
3519 3868 3814 3944 evincat,
3860 3864 4096 3950 Cyrilli
4138 3865 4639 3948 expositionem

2654 3953 2907 4038 profert
2949 3974 2989 4016 0
3031 3974 3181 4018 1000
3216 3951 3563 4019 diversam.
3654 3950 3863 4034 Quasi
3906 3971 4067 4016 vero
4155 3952 4437 4017 rotinus
4483 3972 4640 4018 000-

2656 4048 2994 4121 sequatur,
3051 4039 3245 4106 aliter
3288 4059 3478 4123 posse
3519 4038 3838 4123 intelligi,
3883 4038 4040 4121 quia
4140 4036 4394 4120 yrillus
4443 4036 4639 4102 aliter

2654 4124 3001 4209 intelligat.
3092 4123 3289 4206 Quod
3333 4126 3391 4190 si
3432 4123 3612 4190 istud
3653 4125 3985 4207 recipitur,
4030 4121 4241 4187 habeo
4291 4123 4639 4209 Augusti·

2653 4233 2846 4288 num,
2907 4212 3078 4277 sicut
3118 4221 3412 4295 tempore
3429 4261 3445 4288 ‚
3499 4211 3594 4275 ita
3647 4218 3713 4276 et
3755 4209 4026 4294 reliquis
4069 4208 4389 4274 omnibus
4434 4208 4637 4275 rebus

2657 4297 3059 4381 superiorem
3103 4296 3386 4381 Cyrillo:
3443 4297 3553 4379 qui
3608 4298 3874 4361 omnino
3929 4301 4129 4379 negat
4181 4294 4396 4360 aliter
4443 4316 4645 4379 posse

2655 4383 2879 4467 accipi.
2958 4381 3093 4449 Sed
3138 4404 3246 4448 res
3290 4385 3435 4465 ipsa
3477 4392 3544 4448 et
3588 4383 3834 4448 veritas
3878 4382 4064 4448 nobis
4108 4379 4193 4446 ad
4236 4382 4635 4448 faciendam

2656 4468 2858 4535 fidem
2901 4471 3201 4536 sufficiat.
3293 4466 3457 4534 8100
3501 4470 3883 4552 exceptique
3926 4488 4179 4546 omnes,
4226 4468 4359 4552 qui
4407 4467 4642 4535 audie·

2655 4556 2793 4621 rint
2844 4574 2921 4621 ac
2976 4555 3325 4622 didicerint
3380 4576 3420 4620 a
3476 4563 3694 4637 patre,
3761 4553 4067 4620 Christus
4120 4551 4205 4619 ad
4266 4575 4350 4619 00
4400 4556 4643 4621 venire

2657 4648 2958 4708 testatur.
3021 4640 3188 4708 Inde
3229 4642 3558 4706 efficacem
3591 4661 3735 4706 esse
3775 4639 4137 4707 doctrinam
4180 4639 4464 4726 colligo,
4511 4660 4646 4725 qua

2654 4727 2988 4794 Dominus
3029 4750 3147 4811 per
3189 4727 3496 4811 spiritum
3530 4747 3722 4791 suum
3764 4726 3943 4792 intus
3976 4745 4098 4790 000
4141 4725 4400 4792 erudit.
4476 4729 4646 4793 'Per-

2656 4814 3034 4898 giversatur
3069 4813 3367 4898 Pighius,
3412 4809 3575 4877 illud
3608 4811 3873 4890 discere,
3918 4813 3989 4877 in
4021 4811 4359 4878 electione
4406 4821 4649 4881 nostra

2657 4911 2801 4965 esse
2867 4900 3088 4965 situm.
3178 4900 3344 4964 Dico
3404 4896 3472 4962 id
3525 4899 3796 4964 omnino
3861 4920 4013 4964 cum
4067 4897 4338 4964 Christi
4412 4908 4650 4966 mente

2657 5005 2982 5069 pugnare:
3028 5006 3148 5050 nec
3192 4982 3370 5050 aliud
3403 4982 3573 5060 dico,
3629 5005 3829 5068 quam
3863 4984 4038 5071 quod
4068 4983 4446 5052 evidenter
4489 5006 4649 5071 per-

2658 5070 2911 5153 spicere
2952 5070 3256 5136 omnibus
3300 5070 3467 5136 licet.
3525 5068 3734 5137 Suam
3776 5070 3955 5137 enim
3998 5070 4387 5138 doctrinam
4430 5073 4523 5139 ab
4564 5073 4651 5138 iis

2659 5153 2923 5220 demum
2954 5156 3158 5240 recipi
3190 5156 3449 5236 clamat,
3492 5157 3732 5241 quibus
3772 5156 4000 5223 datum
4032 5157 4251 5223 fuerit.
4331 5160 4438 5225 Et
4530 5155 4651 5224 uid

2656 5246 2885 5306 tamen
2927 5239 3263 5391 offulas?
3353 5243 3506 5308 Non
3549 5244 3616 5308 vi
3661 5243 3837 5328 cogi,
3888 5239 3997 5308 'ui
4040 5243 4369 5312 trahitur.
4598 5245 4613 5259 ‘

2656 5326 2974 5393 reclamat
3112 5317 3440 5413 Adiungit
3490 5339 3717 5413 postea
3757 5326 3839 5395 de
3880 5264 4088 5396 lqibero
4131 5328 4430 5398 arbitrio
4476 5267 4653 5398 a&
