4999 6179
581 456 706 517 303

1893 445 2420 512 RESPONSIO
2466 445 2846 514 CONTRA
2887 447 3306 513 PIGHIUM

4479 447 4601 507 304

578 640 780 725 vulgo
826 635 1214 704 vocabulum
1260 636 1457 714 illud,
1518 643 1595 700 ut
1647 636 1716 701 in
1762 656 1836 700 eo
1882 633 2172 700 tollendo
2217 634 2365 717 plus
2412 634 2535 698 sibi
2640 644 2854 719 peret:
2900 655 3116 718 neque
3150 634 3218 699 id
3258 642 3479 699 tamen
3511 635 3673 713 fieri,
3717 634 3872 717 quia
3904 632 4009 696 vel
4042 638 4202 697 tunc
4238 632 4605 715 ingenitam

578 728 718 791 fore
772 724 1017 808 negotii
1074 728 1374 788 cerneret
1417 723 1861 806 Augustinus,
1918 743 2112 804 quam
2167 723 2238 784 in
2282 728 2421 784 tota
2466 741 2536 784 re
2643 723 2767 787 sibi
2827 721 3201 787 libertatem
3247 720 3572 795 amiserit,
3630 719 3743 784 sed
3789 718 4095 801 quoniam
4141 719 4200 783 ei
4242 717 4463 800 placet
4505 739 4602 796 ea,

579 813 744 878 bene
814 806 1220 892 explicanda.
1312 807 1506 873 Cedit
1583 808 1788 891 igitur
1856 807 2346 872 consuetudini:
2420 806 2537 870 sed
2643 808 2744 871 cui
2788 829 2858 872 se
2903 806 3224 884 submisit,
3272 807 3575 871 servitus
3668 802 3860 885 Quod
3906 803 4217 886 quamdiu
4263 811 4392 881 est,
4449 802 4605 869 inde

580 897 932 981 diligenter
975 896 1226 959 interea
1270 902 1484 974 cavet,
1532 915 1616 956 ne
1662 915 1745 958 ex
1789 894 2054 958 nomine
2100 914 2304 975 prava
2344 892 2537 955 intel-

577 983 852 1068 ligentia
900 988 1225 1045 nascatur.
1316 978 1528 1044 Sicuti
1584 980 1792 1061 capite
1850 980 2177 1045 tricesimo
2245 977 2396 1042 libri
2457 975 2538 1041 de

581 1067 840 1152 Spiritu
900 1074 966 1131 et
1021 1065 1243 1143 litera,
1303 1065 1414 1129 ubi
1471 1064 1628 1129 dicit
1681 1064 1963 1129 liberum
2020 1065 2363 1130 arbitrium
2421 1084 2541 1146 per

580 1154 868 1254 gratiam
924 1151 1229 1217 stabiliri:
1298 1151 1450 1233 quia
1505 1158 1666 1214 tunc
1720 1150 2004 1215 liberum
2072 1172 2217 1213 esse
2275 1148 2540 1213 demum

579 1239 844 1323 incipit,
903 1237 1060 1301 dum
1105 1257 1224 1319 per
1277 1235 1560 1320 gratiam
1614 1257 1695 1301 ex
1742 1237 2119 1318 captivitate
2163 1234 2540 1313 redimitur3

580 1322 895 1408 quamdiu
950 1344 1106 1387 vero
1162 1321 1285 1386 sibi
1340 1322 1775 1404 relinquitur,
1832 1343 2098 1387 servum
2155 1342 2313 1386 esse.
2403 1319 2540 1384 Ve-

579 1432 730 1475 rum
789 1417 862 1475 ut
916 1430 1048 1473 non
1101 1407 1483 1472 recedamus
1528 1407 1812 1491 longius,
1871 1408 2050 1472 locus
2109 1408 2243 1485 hic,
2300 1428 2425 1488 quo
2470 1405 2542 1469 in
2592 1466 2595 1475 ,

579 1500 701 1562 n'os
757 1495 1053 1561 abutitur
1105 1493 1418 1576 Pighius,
1480 1494 1665 1557 nobis
1711 1493 1968 1558 suffieit.
2059 1494 2381 1558 Liberum
2435 1511 2540 1553 ar-

581 1581 858 1647 bitrium
922 1588 1124 1662 negat
1198 1581 1469 1662 periisse
1539 1579 1618 1643 de
1689 1600 1927 1661 genere
2003 1578 2310 1642 humano,
2403 1577 2542 1641 Cur

578 1666 804 1733 istud?
896 1664 1119 1746 Quum
1179 1687 1297 1748 per
1339 1664 1504 1728 illud
1553 1676 1849 1747 peccent,
1907 1665 2018 1746 qui
2062 1685 2213 1728 cum
2258 1663 2541 1727 delecta-

579 1754 762 1818 tione
805 1762 1095 1834 peccant.
1168 1749 1395 1814 Liberi
1440 1771 1595 1834 ergo
1641 1771 1680 1812 a
1721 1750 1972 1814 iustitia
2015 1771 2150 1813 non
2196 1758 2368 1825 sunt,
2415 1745 2546 1811 nisi

2641 894 2841 957 eximi
2900 914 3031 956 non
3088 899 3337 974 potest,
3409 891 3563 974 quia
3617 912 3751 954 non
3807 890 3968 953 vult.
4077 891 4169 953 At
4224 910 4429 971 quum
4475 890 4598 955 sibi

2645 979 2815 1043 serio
2868 976 3215 1061 displicere
3267 978 3497 1059 incipit
3513 1028 3529 1055 ‚
3598 975 3987 1041 servitutem
4054 974 4238 1039 illam
4296 983 4607 1040 excutere

2647 1084 2722 1128 ac
2766 1065 3050 1128 vincere.
3143 1061 3544 1145 Quanquam
3592 1063 3663 1126 in
3720 1061 3845 1126 1166
3888 1060 4164 1125 victoria
4216 1082 4352 1125 non
4401 1066 4606 1145 negat

2646 1171 2788 1214 esse
2833 1149 3314 1225 difficultatem:
3370 1148 3524 1230 quia
3568 1154 3797 1212 contra
3836 1166 4130 1224 carnem,
4183 1147 4445 1211 hostem
4489 1147 4603 1210 do·

2646 1236 3022 1313 mesticum,
3080 1243 3147 1298 et
3200 1235 3643 1298 inveteratam
3698 1230 4237 1297 consuetudinem
4282 1231 4602 1298 dimican-

2648 1321 2807 1385 dum
2851 1322 2954 1384 sit.
3046 1320 3276 1402 Itaque
3321 1320 3390 1384 in
3432 1319 3556 1382 hac
3599 1340 3851 1401 pugna,
3910 1337 4039 1400 quo
4083 1317 4357 1382 tandem
4398 1320 4605 1400 possit

2647 1407 2885 1471 victrix
2913 1409 2959 1490 ¹)
3018 1404 3329 1483 evadere,
3386 1425 3553 1488 opus
3626 1404 3864 1468 habere
3932 1403 4230 1467 coneedit
4284 1403 4605 1469 adiutrice

2647 1490 2777 1555 Dei
2834 1492 3067 1575 gratia.
3172 1490 3526 1556 Concludit
3587 1489 3885 1567 tandem,
3959 1488 4166 1553 solam
4220 1488 4395 1553 hanc
4460 1511 4604 1555 6666

2645 1578 3040 1655 1111611616111,
3090 1597 3256 1659 quae
3300 1598 3417 1659 per
3460 1583 3801 1659 peccatum
3848 1575 4090 1639 amissa
4142 1574 4372 1639 fucrit:
4432 1574 4603 1657 quod

2645 1684 2849 1744 quum
2914 1663 3114 1745 primi
3179 1670 3489 1744 parentes
3553 1682 3686 1725 non
3755 1661 4116 1726 voluntatis
4182 1659 4405 1739 modo,
4488 1660 4603 1725 sed

2646 1749 3091 1813 membrorum
3135 1768 3388 1831 quoque
3432 1748 3725 1811 omnium
3767 1754 3834 1811 et
3877 1747 4082 1811 totius
4127 1767 4239 1811 eor
4285 1748 4417 1811 oris
4461 1767 4603 1811 mo·

582 1838 856 1903 arbitrio
893 1835 1281 1901 voluntatis:
1331 1835 1519 1900 liberi
1557 1843 1774 1899 autem
1812 1856 1850 1898 a
1889 1843 2152 1917 peccato
2186 1855 2318 1897 non
2354 1835 2540 1910 fiunt,
2591 1818 2596 1871 ¹
2648 1841 2757 1897 tus
2810 1835 2879 1897 in
2938 1841 3262 1916 potestate
3307 1833 3693 1910 habuerint,
3742 1833 3987 1915 absque
4032 1832 4170 1895 ulla
4259 1833 4600 1898 ifficultate

586 1924 712 1989 nisi
763 1923 977 2007 gratia
1017 1921 1379 1986 salvatoris.
1449 1922 1762 1985 Liberum
1812 1920 2016 2003 igitur
2057 1941 2190 1984 non
2235 1920 2381 1983 ideo
2425 1926 2541 1995 est,

585 2008 759 2092 quod
804 2009 1007 2090 possit
1048 2007 1119 2069 in
1164 2016 1510 2089 utramque
1549 2022 1807 2089 partem
1852 2014 2079 2089 suapte
2111 2007 2358 2070 virtute
2400 2025 2544 2068 sese

583 2097 867 2171 flectere,
915 2092 1028 2158 sed
1072 2093 1224 2175 quia
1261 2092 1629 2156 voluntario
1664 2099 1849 2156 motu
1883 2092 1954 2154 in
1986 2091 2236 2155 malum
2273 2092 2540 2155 feratur.

586 2179 869 2262 Semper
923 2186 1142 2243 autem
1195 2184 1477 2242 testatus
1535 2200 1708 2254 sum,
1766 2197 1873 2241 me
1932 2176 2012 2241 (16
2065 2177 2330 2240 1161111116
2373 2195 2544 2258 pug-

2646 1926 2765 1983 aut
2808 1921 3200 1997 resistentia,
3248 1919 3435 1983 nobis
3481 1938 3631 1983 caro
3677 1926 3909 1982 nostra
3956 1919 4198 1982 infesta
4243 1918 4345 1995 sit,
4394 1926 4462 1983 et
4488 1917 4601 1982 ad-

2648 2026 2882 2070 versus
2924 2005 3202 2069 rationis
3242 2005 3593 2090 imperium
3638 2013 4015 2069 contumax.

2754 2168 2757 2169 ⁷
2820 2090 3027 2172 Atqui
3083 2090 3207 2155 hoc
3260 2098 3473 2153 totum
3549 2111 3683 2154 non
3751 2088 3942 2153 modo
3998 2089 4253 2172 Pelagii
4310 2089 4603 2155 scholam

2648 2177 2928 2254 redolet,
2988 2176 3101 2240 sed
3146 2196 3329 2240 mera
3375 2183 3474 2240 est
3516 2176 3916 2259 Pelagianac
3959 2176 4317 2258 impietatis
4362 2196 4605 2259 magna

584 2286 747 2331 nare
791 2264 999 2342 nolle,
1047 2265 1099 2327 si
1147 2263 1269 2329 hoc
1317 2263 1519 2328 semel
1564 2263 2102 2328 constitueretur:
2150 2262 2542 2339 libertatem,
2592 2268 2598 2333 Ι
2648 2284 2728 2325 ex
2789 2269 2974 2344 parte
3030 2262 3364 2344 professio.
3466 2262 3635 2326 Nam
3682 2261 4035 2344 principie,
4093 2259 4371 2325 liberam
4415 2261 4490 2324 in
4533 2280 4603 2326 66

584 2373 721 2416 11611
778 2349 859 2415 6(1
930 2349 1291 2432 potentiam
1364 2349 1468 2413 vel
1537 2349 1914 2414 facultatem
1979 2346 2131 2412 boni
2198 2368 2400 2429 aeque
2467 2367 2543 2410 ae

582 2437 740 2502 mali
797 2434 1113 2520 eligendi,
1170 2435 1285 2499 sed
1345 2433 1428 2497 ad
1484 2442 1920 2517 spontaneum
1980 2441 2231 2497 motum
2276 2439 2344 2497 et
2387 2452 2541 2496 con-

583 2542 855 2588 sensum
908 2521 1141 2584 referri
1196 2519 1448 2584 debere.
1540 2521 1630 2583 Et
1685 2518 1841 2602 quid
1893 2518 2072 2584 aliud
2117 2526 2355 2582 sonant
2397 2519 2541 2582 Au-

583 2608 834 2693 gustini
876 2604 1122 2682 verba?
1193 2602 1455 2683 Libora,
1501 2605 1730 2688 inquit,
1778 2614 1876 2669 est
1920 2604 2171 2669 homini
2215 2605 2540 2679 voluntas,

584 2692 701 2759 sed
759 2690 842 2757 ad
885 2691 1151 2755 malum.
1245 2687 1385 2754 Cur
1405 2690 1436 2751 ?
1497 2690 1649 2773 quia
1690 2689 2123 2755 delectatione
2167 2697 2235 2754 et
2276 2689 2543 2773 proprio

584 2779 881 2862 appetitu
925 2784 1248 2840 movetur.
1341 2774 1547 2839 Addit
1600 2787 1850 2858 postea:
1907 2773 2039 2841 Sed
2101 2777 2265 2840 haec
2307 2775 2545 2838 volun-

584 2872 723 2943 tas,
779 2882 945 2946 quae
990 2861 1199 2927 libera
1254 2868 1355 2925 est
1409 2862 1480 2925 in
1522 2862 1746 2939 malis,
1803 2860 1958 2944 quia
1997 2862 2171 2926 malo
2215 2859 2546 2926 delectan-

2591 2352 2597 2428 }
2646 2347 3056 2412 voluntatem
3078 2346 3409 2430 relinquit,
3434 2352 3581 2425 [pag.
3612 2352 3756 2426 100]
3806 2354 3883 2411 ut
3908 2348 4207 2429 proprios
4251 2348 4319 2410 in
4351 2354 4603 2412 utram-

2647 2454 2773 2516 que
2816 2445 3072 2516 partem
3116 2442 3333 2497 motus
3379 2433 3499 2498 sub
3543 2440 3867 2515 potestate
3904 2433 4172 2497 habeat:
4220 2453 4436 2516 neque
4482 2433 4603 2497 1166

2646 2519 2747 2583 1116
2784 2541 2903 2603 1161
2942 2519 3255 2602 originale
3298 2528 3636 2601 peccatum
3686 2517 3794 2583 vel
3836 2516 4185 2600 perditum,
4233 2517 4348 2583 vel
4380 2518 4600 2583 immi-

2648 2613 2880 2669 nutum
2938 2606 3138 2670 fuisse
3194 2606 3509 2687 agnoscit.
3613 2605 3806 2668 Nunc
3860 2602 4019 2686 quid
4080 2603 4161 2669 de
4220 2624 4297 2668 eo
4358 2606 4602 2669 sentiat

2647 2691 3089 2774 AugustinuS,
3150 2688 3510 2754 audiamus.
3613 2689 3720 2754 Ad
3778 2689 4073 2754 Vitalem
4116 2689 4602 2773 Carthaginen-

2649 2796 2809 2856 sem,
2856 2797 3057 2859 quum
3104 2773 3445 2840 duodecim
3489 2776 3703 2858 capita
3746 2777 4088 2858 posuisset,
4135 2774 4405 2839 tandem
4448 2797 4601 2841 eon-

2649 2860 2883 2926 cludit:
2904 2864 2959 2942 2)
3020 2862 3461 2944 Recognoscis
3527 2882 3663 2925 non
3716 2861 3963 2940 omnia,
4032 2882 4199 2944 quae
4254 2859 4336 2925 ad
4402 2861 4602 2927 fidem

583 2957 731 3030 tur,
789 2947 936 3013 ideo
992 2947 1076 3012 ad
1127 2947 1372 3012 bonum
1434 2945 1639 3011 libera
1694 2968 1829 3011 non
1883 2954 2013 3024 est,
2075 2948 2229 3029 quia
2271 2946 2550 3011 liberata
2593 2956 2598 2999 Ξ
2646 2948 3002 3029 pertinent,
3050 2947 3265 3012 dicere
3309 2969 3416 3011 me
3459 2947 3762 3025 voluisse,
3810 2946 3925 3011 sed
3971 2954 4233 3011 tantum
4282 2966 4388 3024 ea,
4434 2968 4600 3029 quae

582 3057 718 3102 non
764 3041 881 3100 est.
969 3033 1158 3099 Haec
1202 3032 1363 3098 adeo
1407 3039 1848 3099 consentanea
1891 3040 2046 3098 sunt
2086 3039 2352 3098 nostrae
2397 3032 2547 3097 doe-
2593 3004 2599 3134 1
2650 3031 2734 3096 6(1
2776 3033 2970 3098 1616111
2989 3040 3284 3099 1166116111
3329 3033 3410 3099 de
3453 3033 3670 3117 gratia
3692 3033 3820 3099 Dei
3858 3033 4324 3115 quaestionem,
4370 3039 4599 3098 utrum

583 3124 837 3200 trinae,
895 3127 971 3185 ut
1011 3121 1084 3185 in
1126 3121 1266 3184 eius
1313 3119 1760 3186 defensionem
1805 3120 2049 3202 scripta
2090 3120 2291 3185 fuisse
2331 3127 2542 3202 putes.
2593 3139 2597 3172 ι
2647 3118 2999 3202 praecedat
3041 3119 3204 3184 11666
3246 3121 3489 3205 gratia,
3544 3142 3631 3185 an
3673 3118 4110 3202 subsequatur
4153 3119 4440 3184 hominis
4482 3140 4600 3185 vo-

758 3208 1016 3272 Verum
1058 3205 1368 3290 Pighius,
1414 3213 1491 3270 ut
1531 3206 1652 3272 hos
1693 3205 1958 3289 laqueos
2003 3205 2302 3284 declinet,
2347 3206 2544 3288 longe

585 3293 919 3358 diversam
971 3292 1157 3374 ponit
1194 3289 1696 3358 distinctionem.
1755 3292 2028 3356 Homini
2088 3293 2302 3357 inesse
2347 3298 2543 3355 natu-

584 3379 812 3444 raliter
857 3377 1015 3443 dicit
1057 3375 1331 3442 liberam
1377 3377 1816 3455 voluntatem,
1873 3398 2004 3460 qua
2046 3378 2343 3460 proprios
2388 3397 2543 3440 suos

583 3471 803 3531 motus
861 3463 1278 3546 actionesque
1337 3484 1564 3527 omnes
1618 3463 1690 3526 in
1749 3470 2073 3546 potestate
2130 3462 2395 3527 habeat:
2466 3470 2544 3526 ut

583 3552 680 3615 ita
724 3548 885 3616 velit
927 3548 1434 3632 unumquodque
1477 3568 1553 3614 ac
1596 3549 1809 3627 faciat,
1856 3556 1931 3612 ut
1970 3549 2041 3612 in
2083 3555 2408 3631 potestate
2451 3548 2540 3612 si-

581 3636 723 3701 mul
763 3635 1029 3713 habeat,
1086 3656 1220 3699 non
1266 3634 1465 3712 velle,
1513 3643 1579 3698 et
1612 3655 1746 3699 non
1786 3635 2016 3699 facere.
2108 3635 2326 3718 Atque
2369 3633 2542 3699 116116

583 3743 728 3788 6666
771 3721 1139 3786 libertatem
1173 3721 1663 3802 interpretatur,
1711 3741 1906 3802 quam
1951 3721 2190 3802 ubique
2217 3720 2541 3804 Augusti-

582 3825 710 3873 nus
755 3807 1004 3872 asserit.
1096 3805 1271 3886 Quia
1325 3815 1548 3870 autem
1590 3805 1897 3871 voluntas
1945 3810 2091 3885 [pag.
2140 3811 2248 3884 99]
2291 3827 2426 3870 non
2470 3806 2539 3886 in

583 3894 721 3958 suis
765 3900 1027 3957 tantum
1072 3891 1436 3956 actionibus
1480 3892 1876 3973 acquiescat,
1935 3891 2050 3956 sed
2096 3891 2541 3974 gubernacula
2590 3965 2595 3974 ,

583 3978 824 4044 11611661
881 3981 952 4041 111
1012 3986 1222 4041 16111111
1266 3978 1631 4055 hominem,
1686 3976 2082 4042 naturaliter
2125 3997 2381 4058 quoque
2425 3976 2541 4040 do-

583 4065 863 4129 minium
920 4062 1161 4128 habere
1206 4063 1276 4127 in
1323 4065 1542 4128 omnia
1585 4064 1907 4128 membra:
1964 4063 2060 4126 ita
2116 4070 2190 4126 ut
2232 4062 2359 4142 illi,
2420 4083 2542 4128 sua

581 4157 907 4236 potestate
962 4149 1131 4214 serio
1195 4148 1672 4231 efficaciterque
1728 4149 1971 4224 utenti,
2041 4148 2336 4212 membra
2393 4148 2539 4211 uni-

582 4256 796 4314 versa,
843 4256 1009 4318 quae
1051 4235 1262 4298 motui
1305 4234 1682 4300 voluntario
1713 4234 2026 4317 deputata
2068 4241 2243 4312 sunt,
2290 4234 2537 4298 obtem-

581 4331 832 4406 perent.
923 4321 1208 4385 Fatetur
1265 4318 1528 4398 deinde,
1578 4321 1822 4384 sentire
1877 4319 2139 4402 quidem
2192 4319 2537 4384 universos

583 4430 666 4473 ex
724 4405 1007 4490 quadam
1065 4407 1280 4470 carnis
1321 4407 1730 4484 infirmitate,
1789 4405 2272 4470 difficultatem:
2332 4427 2536 4488 quum

581 4494 879 4560 membra
933 4491 1016 4556 ad
1074 4490 1574 4558 oblectationem
1631 4500 1699 4555 et
1741 4490 2004 4557 delicias
2049 4489 2280 4555 mundi
2323 4492 2535 4575 magis

581 4598 934 4663 propensa,
1003 4578 1193 4661 pigra
1244 4585 1404 4643 sunt
1469 4577 1551 4641 ad
1610 4578 1896 4643 officium
1951 4576 2262 4641 iustitiae:
2321 4578 2533 4660 ipsam

583 4685 836 4747 quoque
869 4662 1274 4728 voluntatem
1311 4661 1395 4726 ad
1436 4663 1652 4727 carnis
1697 4663 1820 4726 sibi
1855 4669 2168 4746 cognatae
2212 4662 2537 4730 desideria

581 4750 781 4814 nimis
835 4749 1027 4814 facile
1076 4749 1413 4825 inclinari,
1472 4768 1596 4812 nec
1638 4746 1827 4812 facile
1871 4748 2126 4830 imperii
2170 4751 2272 4813 sui
2317 4751 2535 4816 effica-

583 4834 751 4901 ciam
807 4836 890 4898 ad
931 4834 1049 4898 illa
1102 4833 1459 4899 coercenda
1512 4853 1829 4898 exserere.
1921 4834 2172 4898 Verum
2230 4836 2341 4901 ubi
2391 4836 2535 4900 vult

582 4918 1033 4985 demonstrare
1077 4929 1400 5003 quantum
1448 4919 1691 4996 valeat,
1751 4941 1892 4984 esse
1935 4922 2413 4998 necessarium,
2459 4927 2535 4985 ut

580 5006 879 5070 membra
935 5007 1157 5070 omnia
1205 5007 1307 5069 illi
1379 5003 1463 5069 ad
1509 5005 1796 5070 iustitiae
1864 5004 2298 5070 obedientiam
2347 5006 2530 5071 obse-

584 5102 899 5174 quantur:
975 5092 1128 5157 huic
1196 5099 1536 5174 praeterea
1601 5090 1972 5155 difficultati
2039 5091 2346 5156 accedere
2403 5090 2532 5156 duo

581 5177 760 5241 mala
807 5184 1289 5253 commemorat,
1325 5177 1685 5243 voluntatis
1718 5177 2048 5258 ignaviam
2095 5176 2532 5260 peccandique

579 5262 1155 5330 consuetudinem:
1193 5263 1427 5344 quibus
1461 5265 1556 5340 fit,
1607 5271 1679 5326 ut
1715 5284 1786 5326 se
1822 5263 1890 5327 in
1926 5262 2310 5326 servitutem
2344 5285 2533 5328 man-

579 5349 782 5432 cipet,
839 5357 908 5413 et
961 5348 1065 5413 ius
1109 5369 1299 5413 suum
1343 5368 1536 5430 aegre
1590 5358 1814 5429 postea
1855 5349 2136 5412 retineat
2190 5360 2307 5413 aut
2348 5370 2533 5414 reeu-

2646 3204 2999 3270 luntatem:
3058 3204 3180 3272 hoc
3231 3213 3356 3284 est,
3413 3211 3490 3269 ut
3543 3204 3807 3287 planius
3870 3203 3938 3270 id
3996 3204 4295 3288 eloquar,
4371 3212 4599 3270 utrum

2646 3288 2790 3355 ideo
2833 3291 3024 3356 nobis
3065 3289 3274 3369 detur,
3317 3291 3471 3374 quia
3512 3289 3837 3369 volumus,
3882 3310 3970 3354 an
4004 3311 4124 3374 per
4163 3291 4376 3374 ipsam
4411 3291 4598 3357 Deus

2643 3376 2769 3442 hoc
2832 3378 3030 3443 etiam
3095 3378 3366 3455 efficiat,
3440 3383 3516 3441 ut
3573 3376 3874 3442 velimus.
3998 3377 4243 3442 Postea
4305 3398 4597 3443 rursum:

2645 3462 2832 3529 Haec
2891 3477 2958 3526 et
3010 3463 3141 3527 alia
3195 3461 3573 3526 testimonia
3639 3461 4027 3541 ostendunt,
4095 3461 4337 3528 Deum*
4383 3464 4598 3548 gratia

2645 3569 2768 3612 sua
2807 3549 3065 3613 auferre
3106 3547 3479 3613 infidelibus
3522 3567 3634 3612 cor
3684 3546 4046 3631 lapideum,
4093 3554 4162 3612 et
4206 3551 4596 3631 praevenire

2645 3634 2713 3697 in
2771 3633 3147 3698 hominibus
3202 3634 3524 3699 bonarum
3578 3635 3816 3700 merita
3870 3635 4312 3700 voluntatum:
4369 3635 4465 3699 ita
4517 3642 4597 3700 ut

2645 3718 2952 3784 voluntas
3019 3741 3136 3802 per
3204 3719 3696 3785 antecedentem
3784 3721 4068 3803 gratiam
4145 3727 4592 3803 praeparetur,

2646 3825 2777 3869 non
2825 3812 2902 3868 ut
2961 3806 3175 3887 gratia
3217 3806 3456 3870 merito
3512 3806 3871 3871 voluntatis
3926 3806 4352 3871 antecedente
4396 3805 4597 3873 done-

2646 3899 2776 3954 tur.
2866 3890 3037 3954 Item
3081 3890 3250 3955 libro
3293 3891 3373 3955 de
3418 3891 3704 3957 Civitate
3747 3891 3876 3956 Dei
3922 3891 4173 3957 decimo
4216 3891 4442 3957 tertio:
4488 3892 4598 3958 Ad

2644 3975 2897 4040 malum
2941 3978 3120 4059 prior
3178 3984 3279 4041 est
3319 3976 3606 4041 hominis
3651 3977 3988 4042 voluntas:
4044 3978 4128 4042 ad
4187 3977 4431 4042 bonum
4479 4001 4596 4044 au-

2646 4069 2811 4137 tem,
2880 4063 3061 4144 prior
3127 4065 3466 4128 creatoris:
3534 4063 3674 4127 sive
3742 4071 3820 4128 ut
3881 4083 4028 4128 eam
4091 4065 4363 4143 faceret,
4430 4086 4599 4148 quae

2647 4147 2830 4211 nulla
2873 4157 3040 4212 erat:
3089 4149 3229 4213 sive
3273 4156 3350 4211 ut
3388 4149 3654 4224 reficiat,
3701 4170 3866 4231 quae
3906 4149 4093 4232 lapsa
4137 4159 4296 4214 erat.
4384 4152 4592 4216 Libro

2643 4233 2929 4299 secundo
2997 4232 3077 4299 de
3139 4234 3573 4326 Peccatorum
3637 4235 3892 4300 meritis
3956 4245 4022 4299 et
4086 4237 4503 4301 remissione:
4532 4237 4590 4320 ⁸)

2643 4320 2985 4384 Laborant
3049 4320 3349 4385 homines
3414 4321 3717 4385 invenire
3791 4322 3860 4384 in
3938 4329 4165 4386 nostra
4229 4321 4588 4401 voluntate,

2643 4405 2798 4488 quid
2843 4404 2996 4468 boni
3039 4406 3126 4469 sit
3167 4413 3494 4484 nostrum3
3552 4415 3619 4470 et
3657 4406 3978 4488 quomodo
4030 4407 4316 4471 inveniri
4360 4410 4592 4493 possit,

2639 4493 2886 4574 ignoro.
2979 4488 3230 4571 Quarto
3286 4493 3444 4554 item
3500 4490 3581 4557 ad
3632 4492 4074 4557 Bonifacium:
4130 4493 4223 4556 Et
4266 4494 4591 4575 quomodo

2641 4575 2884 4640 bonum
2942 4577 3228 4641 hominis
3285 4579 3721 4660 propositum,
3788 4579 3919 4642 nisi
3985 4579 4341 4644 miserante
4404 4582 4591 4663 prius

2635 4661 2970 4727 Domino?
3017 4682 3220 4743 quum
3266 4663 3410 4744 ipsa
3463 4664 3551 4727 sit
3594 4662 3764 4727 bona
3808 4663 4143 4739 voluntas,
4191 4684 4356 4746 quae
4396 4680 4619 4748 prae—‘

2635 4755 2909 4895 giratur
2963 4766 3004 4809 a
3046 4748 3207 4811 Deo,
3298 4746 3585 4813 Proinde
3627 4770 3831 4832 quum
3881 4750 4119 4814 alicubi
4173 4749 4592 4832 prodidisset,

2705 4854 2856 4897 eum
2914 4853 3045 4896 non
3121 4833 3419 4898 misereri
3494 4834 3697 4900 donec
3772 4835 4199 4918 praecesserit
4261 4836 4591 4917 voluntas,

2635 4939 2779 4981 eam
2851 4920 3245 4984 sententiam
3314 4927 3653 4986 retractat:
3735 4921 3888 5003 quia
3941 4920 4391 4987 misericordia
4456 4925 4591 4989 Dei

2774 5157 2832 5222 1)
2872 5157 3131 5212 Bezanae
3165 5160 3432 5215 aditiones
3450 5160 3647 5216 habent
3661 5182 3675 5210 .·
3714 5160 3895 5226 tutrix,
3934 5176 3970 5213 a
3995 5161 4195 5229 quibus
4220 5163 4349 5228 ipsa
4372 5162 4595 5219 Auste—

2635 5226 2964 5281 lodamensis
3012 5234 3204 5283 contra
3248 5245 3405 5283 suum
3450 5245 3649 5282 morem
3694 5229 3783 5283 hic
3827 5229 3905 5282 ad
3946 5231 4252 5296 pristinam
4309 5231 4599 5288 lectionem

2633 5295 2791 5350 redit.

2772 5363 2832 5429 2)
2870 5364 3043 5434 Epist.
3082 5364 3198 5418 107.
3406 5364 3466 5428 3)
3505 5365 3635 5433 Cap.
3673 5363 3754 5418 18.
3851 5430 3854 5433 ⁴
