4999 6179
541 413 670 479 295

588 600 683 666 ite
725 619 918 664 none.
993 599 1099 664 De
1143 597 1359 681 gratia
1402 595 1561 675 Dei,
1607 595 1849 678 inquit,
1896 614 2026 677 qua
2081 614 2354 659 suorum
2398 616 2514 659 vo-

542 621 833 751 funtates
876 689 1227 768 praeparat
1268 684 1483 762 Deus,
1530 680 1695 746 nihil
1738 681 1813 744 in
1853 679 1960 744 his
2002 679 2190 745 libris
2235 688 2336 746 est
2379 677 2513 744 dis-

546 778 872 855 putatum.
973 768 1177 835 Aliud
1232 780 1331 834 est
1384 768 1562 832 enim
1605 787 1948 849 quaerere,
2004 765 2184 830 unde
2233 768 2322 831 sit
2373 786 2514 830 ma-

546 856 716 935 lum,
775 865 843 921 et
894 854 1073 922 aliud
1116 875 1459 939 quaerere,
1516 851 1694 919 unde
1737 850 2044 916 redeatur
2084 856 2234 931 [pag.
2276 857 2384 931 87]
2430 851 2513 915 8(1

547 943 920 1025 pristinum,
966 941 1072 1007 vel
1109 940 1194 1005 ad
1237 941 1451 1005 maius
1494 939 1921 1023 perveniatur
1963 938 2227 1004 bonum.
2307 936 2516 1002 Vides

549 1028 730 1093 hunc
772 1027 972 1092 fuisse
1018 1028 1158 1092 eius
1194 1046 1484 1108 scopum,
1526 1034 1603 1089 ut
1645 1025 1967 1109 originem
2000 1024 2251 1107 peceati
2286 1045 2370 1088 ex
2400 1045 2516 1089 vo-

548 1113 838 1178 luntario
882 1112 1167 1178 heminis
1209 1112 1416 1194 lapsu,
1461 1131 1597 1175 non
1631 1111 1760 1176 Dei
1794 1110 2140 1187 creatione,
2185 1110 2517 1175 exstitisse

549 1198 1047 1265 demonstraret.
1161 1198 1355 1262 Nune
1416 1204 1569 1280 post
1630 1196 1890 1278 lapsum
1968 1194 2162 1279 lenge
2225 1195 2354 1259 alia
2417 1202 2519 1260 est

552 1284 838 1349 hominis
892 1280 1323 1348 consideratio
1374 1292 1442 1346 et
1499 1282 1696 1364 lenge
1762 1281 1893 1345 alia
1956 1282 2280 1364 quaestio:
2338 1280 2517 1345 unde

551 1377 669 1435 aut
710 1391 840 1452 qua
879 1371 1132 1435 virtute
1173 1376 1564 1451 recuperent
1607 1367 1729 1431 filii
1773 1364 1960 1432 Adae
2003 1366 2175 1450 quod
2217 1368 2289 1432 in
2328 1375 2518 1450 patre

553 1476 669 1521 888
722 1454 1169 1537 perdiderunt.
1278 1454 1512 1536 Itaque
1576 1454 1831 1536 quoties
1895 1453 2151 1519 occinet
2208 1454 2515 1536 Pighius,

549 1540 828 1605 liberam
881 1539 1246 1624 praedicari
1303 1539 1589 1604 hominis
1632 1537 2067 1618 voluntatem,
2113 1537 2279 1603 illud
2327 1539 2515 1604 vicis·
2565 1608 2569 1617 ,

553 1627 679 1692 sim
737 1647 870 1691 non
916 1649 999 1691 ex
1044 1647 1179 1705 me,
1226 1624 1342 1690 sed
1387 1645 1471 1689 ex
1514 1645 1626 1689 ore
1668 1624 2065 1708 Augustini,
2121 1623 2377 1690 audiat:
2435 1624 2516 1688 li-

551 1712 780 1777 beram
837 1712 1042 1777 fuisse
1101 1710 1539 1787 voluntatem,
1606 1731 1810 1792 quum
1873 1731 2034 1775 sana
2087 1711 2275 1774 foret:
2338 1730 2517 1775 nunc

549 1818 758 1880 quum
813 1805 949 1862 tam
998 1797 1296 1881 graviter
1350 1806 1441 1879 et⁵
1481 1795 1565 1861 ad
1617 1803 1899 1860 mortem
1965 1817 2169 1877 usque
2227 1796 2517 1860 sauciata

549 1885 667 1960 sit,
725 1882 963 1947 humili
1017 1882 1449 1959 confessione,
1501 1902 1633 1945 non
1677 1882 1963 1964 superba
1998 1880 2370 1946 defensione
2413 1882 2516 1945 in-

667 1989 796 2033 ere.

550 1966 665 2053 (hg
728 2052 1043 2118 Alterum
1100 2051 1552 2118 testimenium
1596 2073 1680 2117 ex
1724 2050 1892 2117 libre
1940 2051 2135 2116 tertio
2186 2050 2516 2135 adiungit:

553 2139 669 2204 ubi
715 2137 1160 2204 voluntarium
1204 2160 1280 2204 ac
1323 2137 1604 2204 liberum
1650 2159 1792 2203 esse
1846 2144 2100 2202 motum
2156 2136 2513 2215 contendit,

551 2245 680 2307 quo
724 2224 920 2289 homo
965 2224 1046 2289 ab
1091 2223 1613 2289 incommutabili
1663 2223 1834 2288 bono
1879 2222 1964 2287 ad
2005 2222 2322 2287 inferiora
2363 2242 2515 2305 pec-

551 2308 761 2376 cando
806 2310 1249 2376 convertitur:
1306 2330 1507 2392 quum
1553 2309 1792 2392 alioqui
1834 2328 1957 2373 nec
1999 2306 2368 2373 laudandus
2413 2328 2515 2373 es-

552 2404 671 2474 set,
718 2417 839 2461 nec
875 2392 1369 2478 vituperandus,
1414 2414 1537 2460 nec
1573 2395 1773 2459 etiam
1814 2394 2212 2473 monendus:
2258 2393 2513 2472 deinde,

551 2482 1052 2564 praescientiam
1093 2481 1224 2546 Dei
1277 2481 1531 2563 peccati
1574 2500 1839 2544 causam
1885 2500 2027 2544 esse
2070 2501 2155 2544 ne
2243 2488 2286 2543 t.
2375 2478 2515 2543 Voss

551 2567 873 2634 luntatem
919 2567 1097 2633 enim
1141 2566 1425 2630 hominis
1475 2586 1612 2629 nen
1670 2565 1863 2629 aliter
1904 2565 2043 2630 fore
2085 2587 2169 2631 vo
2196 2571 2512 2645 untatem,

550 2653 683 2718 nisi
737 2654 808 2718 in
860 2653 1129 2735 propria
1193 2651 1335 2716 eius
1400 2657 1723 2733 potestate
1782 2651 1885 2716 sit.
1974 2650 2039 2716 N
2041 2672 2077 2716 e
2135 2660 2516 2735 suspectum

550 2740 658 2816 sit,
705 2738 762 2801 si
803 2736 961 2819 quid
1005 2735 1086 2802 de
1130 2757 1276 2801 mee
1320 2736 1679 2819 proferam,
1731 2737 1874 2819 ipse
1916 2756 2035 2818 pre
2080 2758 2151 2802 se
2192 2737 2515 2821 Augusti-

552 2845 680 2888 nus
724 2821 1134 2905 respondeat.
1225 2821 1373 2887 Hoc
1415 2829 1634 2886 autem
1674 2821 1834 2886 facit
1875 2843 2007 2887 une
2045 2824 2266 2901 verbe,
2311 2844 2515 2905 quum

554 2908 894 2992 disputare
935 2929 1005 2974 88
1050 2915 1277 2991 negat,
1333 2906 1546 2990 qualis
1601 2909 1688 2973 sit
1730 2929 1906 2974 nunc
1949 2907 2236 2974 hominis
2283 2907 2514 2974 velun-

555 3005 677 3073 188,
724 2993 839 3060 88(1
885 2992 1097 3077 qualis
1141 2993 1339 3058 fuerit
1381 3012 1421 3055 a
1463 2992 1610 3058 Deo
1661 2991 1938 3058 condita.
2028 2994 2237 3060 Porro
2281 2992 2349 3058 id
2392 3001 2514 3073 est,

552 3080 723 3164 quod
767 3081 944 3146 inter
989 3101 1111 3145 nos
1154 3079 1695 3146 controvertitur:
1726 3080 1774 3164 Ι“)
1831 3079 1984 3163 quid
2043 3102 2219 3147 nunc
2261 3079 2512 3145 homini

553 3167 857 3250 supersit,
904 3188 987 3232 ex
1034 3187 1159 3248 quo
1203 3165 1653 3249 spiritualibus
1708 3165 1838 3231 illis
1895 3163 2144 3233 divitiis
2199 3166 2516 3249 spoliatus

552 3253 679 3317 fuit
692 3303 708 3331 ‚
774 3252 1011 3334 quibus
1077 3250 1469 3317 naturaliter
1532 3251 1868 3335 praeditus
1935 3260 2096 3317 erat.
2184 3252 2517 3317 Voluntas

553 3345 672 3416 est,
718 3338 949 3420 inquit,
995 3359 1126 3422 qua
1167 3344 1475 3421 peccatur
1508 3345 1577 3402 et
1610 3345 1788 3402 recte
1825 3337 2104 3403 vivitur:
2146 3336 2323 3420 quod
2356 3346 2548 3403 tune-

554 3443 752 3507 agere
803 3422 1001 3489 volui.
1091 3422 1415 3489 Voluntas
1471 3445 1628 3508 ergo
1680 3424 1853 3505 ipsa,
1921 3423 2051 3488 nisi
2102 3421 2237 3488 Dei
2300 3424 2517 3508 gratia

553 3508 873 3574 liberetur
917 3529 957 3571 a
999 3510 1335 3586 servitute,
1379 3528 1511 3591 qua
1550 3509 1725 3574 facta
1767 3516 1870 3573 881
1905 3528 2098 3574 serva
2131 3509 2402 3591 peccati,
2449 3517 2518 3575 et

555 3602 635 3658 ut
683 3594 851 3658 vitia
903 3603 1166 3677 superet
1219 3594 1596 3672 adiuvetur,
1662 3601 1840 3660 recte
1902 3595 2138 3678 pieque
2192 3596 2326 3660 vivi
2379 3616 2515 3660 non

553 3687 789 3762 petest.
879 3679 972 3743 Et
1029 3679 1153 3745 hoc
1207 3678 1510 3744 divinum
1567 3679 1958 3744 beneficium
2003 3701 2131 3762 quo
2174 3679 2513 3759 liberatur,

556 3766 681 3831 nisi
723 3785 870 3829 eam
916 3765 1365 3847 praeveniret,
1418 3765 1552 3829 iam
1596 3764 1850 3829 meritis
1906 3764 2047 3830 eius
2103 3762 2396 3844 daretur,
2449 3772 2519 3830 et

555 3873 689 3917 non
734 3859 910 3917 esset
953 3850 1196 3934 gratia,
1253 3871 1416 3933 quae
1477 3850 1699 3932 utique
1742 3851 1949 3935 gratis
1993 3848 2206 3915 datur.
2295 3852 2390 3916 Et
2430 3873 2517 3917 ne

555 3936 860 4002 videatur
900 3944 1240 4002 recantare
1285 3935 1460 4019 quod
1505 3936 1780 4017 dixerat,
1824 3933 2007 4001 illinc
2051 3935 2268 4002 locum
2313 3935 2517 4002 addu-

445 4040 470 4057 ·
555 4022 647 4088 cit
686 4045 813 4105 quo
854 4029 1158 4088 constare
1203 4023 1438 4105 possit,
1483 4044 1619 4087 non
1666 4018 1747 4086 de
1788 4020 2050 4099 vitiata,
2098 4020 2214 4086 sed
2257 4022 2518 4107 integra

556 4115 795 4172 natura
850 4107 1026 4173 dicta
1080 4129 1223 4173 esse
1266 4128 1434 4190 quae
1482 4107 1643 4173 adeo
1699 4129 1844 4172 eam
1900 4106 2241 4172 extollunt.
2335 4106 2518 4189 Que-

554 4193 765 4269 niam,
816 4193 1060 4275 inquit,
1107 4198 1257 4273 [pag.
1296 4197 1404 4271 88]
1450 4215 1579 4258 nen
1624 4194 1793 4258 sicut
1834 4200 2065 4275 sponte
2112 4193 2305 4259 home
2349 4196 2514 4259 ceci-

556 4277 671 4357 dit,
717 4278 811 4342 ita
853 4279 1051 4342 etiam
1094 4287 1327 4362 sponte
1371 4300 1641 4364 surgere
1683 4286 1929 4362 potest,
1983 4286 2352 4361 porrectam
2394 4300 2514 4344 118-

556 4364 658 4429 1118
702 4363 865 4429 desu
912 4384 984 4427 er
1026 4363 1365 4429 dexteram
1408 4363 1558 4441 Dei,
1604 4362 1673 4427 id
1716 4373 1833 4442 est,
1877 4362 2244 4429 Dominum
2287 4364 2511 4433 Iesum

558 4451 751 4515 firma
806 4450 851 4513 fi
898 4470 935 4514 e
993 4456 1349 4515 teneamus.
1438 4447 1671 4526 Vides,
1724 4456 1801 4513 ut
1852 4449 2023 4514 nihil
2078 4449 2255 4516 aliud
2314 4473 2512 4534 quam

603 4537 845 4600 rimum
886 4535 1043 4598 mali
1087 4535 1334 4600 fontem
1378 4535 1688 4618 requirat.
1755 4534 2132 4601 Manichaei
2173 4538 2515 4621 fingebant

557 4557 779 4686 1))88111
823 4641 983 4697 8888,
1029 4621 1168 4703 ipse
1214 4643 1297 4684 ex
1337 4621 1545 4686 libero
1589 4620 1876 4685 hominis
1922 4622 2193 4687 arbitrio
2237 4623 2513 4689 fluxisse

557 4707 809 4772 asserit.
901 4706 1108 4772 Liber
1151 4728 1307 4790 ergo
1352 4707 1563 4772 factus
1608 4714 1779 4772 erat:
1837 4708 1984 4790 quis
2040 4708 2284 4792 negat?
2375 4707 2514 4775 Sed

557 4814 757 4874 quum
804 4813 877 4856 se
916 4791 985 4855 in
1032 4793 1422 4858 servitutem
1468 4791 1860 4857 vendiderit:
1907 4813 2110 4876 quum
2153 4793 2361 4859 libere
2405 4816 2513 4860 ar-

557 4876 751 4941 bitrio
795 4876 969 4940 male
1010 4900 1167 4943 usus
1211 4887 1277 4942 et
1320 4876 1485 4943 illud
1530 4884 1597 4940 et
1638 4898 1708 4942 88
1749 4876 2138 4961 perdiderit,
2198 4901 2515 4962 quorsum

557 4964 794 5027 attinet
847 4982 1385 5042 commemorare,
1491 4961 1655 5028 ualis
1711 4971 1870 5030 tunc
1912 4964 2152 5030 fuerit?
2242 4965 2337 5032 Ut
2378 4964 2513 5030 cla-

556 5048 696 5114 rius
736 5046 1101 5113 etiamnum
1142 5048 1407 5132 loquar,
1446 4984 1544 5113 qde
1586 5049 1799 5131 prima
1850 5050 2141 5117 hominis
2184 5051 2515 5116 creatione

695 5323 756 5390 1)
792 5322 1122 5377 convertitur
1157 5319 1293 5375 1576
1325 5337 1462 5393 seqq.

1849 403 2381 473 RESPONSIO
2427 402 2807 471 CONTRA
2848 403 3266 472 PIGHJUM

4444 401 4568 462 296

2618 593 2781 658 satis
2824 592 3134 657 convenit
3175 592 3349 657 inter
3390 611 3532 656 nos.
3621 590 3852 656 Liberi
3905 586 4085 653 enim
4138 585 4393 651 arbitrii
4437 586 4573 652 fac-

2618 685 2763 743 tum
2805 678 3008 744 fuisse
3048 676 3403 757 hominem,
3450 677 3756 760 proponit
3796 674 4095 758 Pighius.
4163 672 4573 738 Annuimus:

2617 784 2830 846 neque
2874 764 3397 846 exspectavimus
3441 763 3602 827 dum
3646 762 3769 827 hec
3812 760 4190 845 postularet,
4243 757 4359 824 sed
4401 779 4574 823 8818-

2617 870 2737 933 per
2777 851 3051 933 professi
3094 870 3339 915 sumus.
3421 849 3568 913 Iam
3610 847 3907 914 diversas
3949 866 4220 929 prorsus
4265 867 4340 911 88
4385 844 4576 910 (11881-

2617 935 2808 1001 miles
2850 944 3125 1001 naturas
3168 935 3452 1000 heminis
3492 934 3741 1018 integri
3783 932 3997 999 adhuc
4042 939 4110 996 et
4151 951 4273 1013 per
4315 930 4576 1014 lapsum

2619 1022 2913 1105 corrupti
2956 1022 3198 1105 ubique
3241 1022 3483 1087 clamat
3522 1020 3960 1105 Augustinus.
4036 1015 4352 1099 Quaestio
4396 1038 4577 1084 nunc

2619 1114 2721 1172 est
2776 1107 2855 1172 (18
2907 1107 3282 1190 posteriore.
3370 1106 3653 1190 Pighius
3704 1116 3929 1170 autem
3980 1102 4181 1187 longo
4224 1103 4580 1169 verborum

2620 1194 2896 1259 circuitu
2914 1246 2930 1273 ‚
2989 1192 3146 1276 quid
3200 1192 3280 1258 de
3332 1193 3549 1276 prima
3603 1191 3848 1258 sentiat
3885 1200 3953 1255 et
3991 1189 4299 1273 loquatur
4340 1189 4577 1272 Augu-

2621 1280 2849 1357 stinus,
2874 1279 3190 1345 edisserit.
3230 1278 3575 1344 Reclamat
3594 1278 3854 1343 fortiter
3873 1276 4307 1360 Augustinus.
4351 1273 4579 1355 Quum

2620 1361 2699 1429 de
2743 1364 2951 1430 libera
2992 1373 3168 1430 recte
3212 1363 3494 1430 faciendi
3538 1363 3874 1429 voluntate
3918 1361 4246 1445 loquimur
4262 1413 4278 1438 ,
4339 1360 4419 1425 de
4464 1359 4578 1424 illa

2620 1450 2868 1517 scilieet
2906 1452 2981 1514 in
3026 1471 3155 1533 qua
3188 1450 3398 1516 factus
3436 1456 3537 1514 est
3571 1449 3918 1532 loquimur.
3985 1448 4172 1512 Haec
4207 1448 4386 1511 enim
4421 1452 4578 1512 sunt

2620 1536 2762 1600 eius
2805 1536 3012 1601 verba
3052 1535 3124 1600 in
3168 1535 3397 1601 eodem
3439 1534 3625 1611 libre,
3668 1557 3753 1600 811
3793 1555 3921 1618 quo
3954 1532 4238 1616 Pighius
4282 1535 4577 1598 testimo-

2619 1622 2733 1685 nia
2798 1643 2870 1688 se
2934 1629 3122 1687 tanta
3181 1620 3314 1686 fide
3392 1641 3467 1686 ac
3532 1620 3850 1703 religione
3925 1618 4279 1684 adduxisse
4355 1619 4575 1685 iactat.

2618 1707 2858 1772 Nonne
2915 1706 2981 1772 id
3036 1714 3137 1772 est
3189 1704 3362 1791 quod
3413 1706 3758 1789 proverbio
3809 1705 4075 1771 dicitur:
4164 1704 4402 1771 Falces
4462 1726 4575 1788 po-

2622 1791 2966 1872 stulabam,
3010 1791 3120 1858 hie
3159 1793 3410 1877 ligones
3454 1791 3693 1876 negat?
3755 1791 3820 1856 N
3823 1813 3955 1857 unc
4000 1791 4423 1874 supercilium
4470 1800 4572 1855 at-

2622 1878 2807 1942 tollat
2848 1878 3155 1963 Pighius:
3202 1890 3270 1943 et
3313 1879 3723 1951 vociferetur,
3770 1877 3941 1942 81881
3980 1878 4167 1955 facit,
4220 1878 4391 1941 nihil
4434 1898 4577 1943 8888

2617 1964 2690 2028 18
2734 1964 2839 2030 1118
2884 1964 3099 2031 verbis
3143 1964 3545 2048 ambiguum,
3592 1964 3706 2028 ubi
3752 1962 3954 2028 tradit
3993 1964 4429 2047 Augustinus,
4474 1964 4578 2028 ni-

2620 2049 2718 2113 hil
2760 2050 2973 2131 magis
3016 2051 3087 2114 in
3134 2051 3422 2115 heminis
3461 2072 3603 2116 esse
3647 2056 3989 2133 potestate,
4035 2068 4233 2132 quam
4277 2050 4579 2115 volunta·

2620 2142 2773 2199 tem.
2862 2134 3273 2218 Respondee,
3319 2156 3438 2200 eur
3478 2157 3617 2200 non
3660 2135 3863 2200 vertit
3905 2133 4260 2219 paginam?
4317 2135 4425 2200 ubi
4472 2157 4577 2201 re-

2664 2221 2830 2286 eriet
2871 2221 3042 2304 quod
3083 2221 3363 2287 stultum
3400 2222 3578 2286 hunc
3613 2221 3753 2286 eius
3796 2218 4147 2287 clamorem
4184 2229 4574 2305 compescat.

2674 2306 2695 2370 i
2740 2326 2877 2372 nen
2920 2314 3036 2386 est,
3081 2307 3299 2390 inquit
3342 2308 3782 2390 Augustinus,
3842 2307 3972 2371 ista
4015 2328 4224 2389 poena
4268 2306 4574 2386 heminis,

2618 2391 2734 2457 sed
2776 2400 3040 2458 natura:
3099 2393 3283 2458 nulla
3326 2393 3457 2457 ista
3499 2400 3765 2476 peccata
3808 2402 3981 2458 sunt.
4072 2390 4150 2458 Si
4209 2394 4387 2458 enim
4439 2413 4579 2458 11811

2616 2478 2946 2543 receditur
3002 2478 3084 2544 ab
3137 2499 3214 2544 ee
3269 2479 3491 2555 mode,
3550 2499 3678 2562 quo
3745 2476 4138 2543 naturaliter
4189 2479 4400 2544 factus
4456 2485 4575 2559 est,

2617 2563 2712 2629 ita
2754 2571 2834 2629 ut
2874 2564 3112 2631 melius
3158 2586 3302 2631 esse
3347 2586 3482 2629 non
3533 2565 3773 2647 possit,
3831 2585 3911 2629 ea
3955 2585 4119 2646 quae
4162 2562 4357 2630 debet
4398 2566 4574 2644 facit,

2616 2671 2824 2732 quum
2867 2650 3030 2716 haec
3070 2651 3256 2717 facit:
3305 2651 3361 2716 si
3405 2658 3625 2715 autem
3668 2650 3878 2715 bonus
3917 2650 4111 2715 homo
4147 2660 4337 2729 esset,
4385 2652 4579 2716 aliter

2617 2743 2809 2801 esset.
2898 2736 3093 2801 Nunc
3137 2742 3359 2801 autem
3403 2737 3556 2819 quia
3598 2735 3695 2801 ita
3716 2734 3766 2819 ¹)
3814 2742 3946 2816 est,
4003 2757 4136 2800 non
4189 2748 4292 2801 est
4346 2737 4575 2817 bonus,

2616 2842 2740 2887 nec
2783 2820 2983 2886 habet
3025 2823 3096 2886 in
3140 2829 3488 2904 potestate,
3535 2830 3610 2886 ut
3649 2821 3862 2886 bonus
3904 2821 4008 2887 sit.
4096 2823 4391 2887 Poenam
4434 2844 4579 2889 esse

2616 2906 2815 2973 istam
2850 2908 2998 2989 quis
3042 2906 3341 2973 dubitet?
3410 2907 3673 2973 Deinde
3709 2906 3921 2973 addit:
3966 2908 4077 2972 Ex
4114 2912 4262 2987 [pag.
4302 2912 4411 2986 83]
4446 2931 4579 2992 qua

2616 2992 2883 3058 miseria
2924 2992 3161 3058 liberat
3184 2994 3313 3059 Dei
3359 2994 3592 3078 gratia,
3632 2993 3785 3076 quia
3824 3002 4058 3077 sponte
4103 2993 4317 3071 hemo,
4364 2994 4431 3059 id
4474 3007 4578 3061 est

2615 3077 2821 3144 libere
2879 3080 3175 3160 arbitrie,
3243 3078 3474 3146 cadere
3536 3080 3768 3163 potuit,
3834 3101 3969 3145 non
4024 3080 4222 3146 etiam
4286 3101 4575 3166 surgere.

2617 3165 2805 3231 Haec
2838 3171 2995 3232 sunt
3011 3166 3261 3232 invicta
3299 3186 3484 3231 arma
3523 3165 3770 3249 Pighii,
3813 3165 4049 3248 quibus
4089 3167 4300 3232 fretus
4343 3167 4578 3252 Augu-

2619 3252 2776 3316 stini
2801 3251 3239 3334 patrocinium
3257 3250 3425 3315 mihi
3450 3251 3662 3333 eripit.
3722 3249 3886 3330 Iam,
3916 3252 4149 3335 inquit,
4178 3253 4573 3336 Augustino,

2618 3357 2813 3419 quem
2856 3358 3055 3402 suum
3101 3358 3244 3403 8888
3291 3336 3766 3415 mentiebatur,
3813 3335 4137 3403 Calvinus
4173 3336 4574 3404 destituitur.

2617 3421 2852 3489 Itane?
2876 3423 3203 3489 Mirabilis
3213 3428 3390 3488 certe
3400 3422 3647 3504 praesti
3701 3422 3864 3487 'ator
3884 3425 4032 3502 eris,
4055 3422 4180 3489 1188
4197 3425 4251 3490 81
4269 3426 4577 3507 cuiquam

2618 3506 3030 3591 persuadeas.
3122 3508 3403 3586 Verum,
3459 3445 3731 3590 perinde
3790 3530 3866 3575 ac
3910 3510 3965 3574 si
4012 3510 4460 3593 Augustinum
4502 3512 4577 3577 in

2617 3614 2727 3658 me
2769 3601 3106 3672 armasset,
3151 3593 3236 3658 ad
3279 3614 3470 3676 opem
3518 3593 3617 3658 illi
3658 3594 3997 3659 ferendam
4040 3617 4195 3660 mox
4242 3617 4312 3660 se
4357 3598 4575 3663 accin-

2619 3680 2733 3762 git,
2780 3680 2836 3744 si
2880 3679 3045 3744 ferte
3089 3680 3158 3744 in
3202 3700 3307 3743 me
3351 3679 3780 3762 opprimendo
3836 3680 4102 3746 laboret.
4191 3681 4577 3748 Ridiculum

2620 3785 2779 3830 vero
2829 3764 3161 3829 hominem
3179 3816 3193 3843 ,
3249 3766 3361 3848 qui
3414 3766 3509 3830 ita
3560 3765 3887 3831 inutiliter
3931 3787 4003 3832 se
4057 3767 4292 3850 fatigat
4344 3788 4576 3851 super-

2618 3870 2828 3916 vacuo
2867 3848 3118 3929 labore,
3176 3871 3372 3933 quem
3426 3851 3567 3934 ipse
3611 3852 3735 3917 sibi
3780 3863 4028 3918 temere
4071 3872 4146 3918 88
4190 3853 4335 3918 81118
4376 3875 4575 3921 causa

2620 3936 2908 4002 accersit.
3015 3934 3361 4020 Siquidem
3425 3959 3545 4002 nec
3610 3935 3987 4004 defensione
4050 3935 4407 4004 adversum
4466 3961 4576 4006 me

2619 4021 2871 4105 indiget
2915 4023 3357 4105 Augustinus,
3411 4023 3525 4104 qui
3580 4024 3800 4088 omnia
3844 4045 4013 4107 quae
4057 4046 4141 4088 ex
4185 4044 4262 4088 eo
4307 4024 4578 4091 adducit

2617 4107 2931 4190 Pighius,
2988 4109 3129 4172 sine
3174 4109 3528 4173 certamine
3582 4109 3965 4191 amplecter;
4024 4118 4091 4173 et
4147 4111 4204 4174 si
4260 4109 4574 4194 indigeat,

2619 4191 2787 4256 nihil
2840 4192 2925 4257 ad
2982 4214 3124 4257 rem
3175 4200 3350 4259 totus
3406 4192 3515 4259 hic
3572 4203 3924 4276 apparatus
3989 4195 4072 4260 ad
4137 4193 4577 4263 dirimendam

2618 4277 2976 4344 voluntatis
3023 4287 3091 4344 et
3131 4280 3537 4345 necessitatis
3582 4280 3978 4348 societatem.
4066 4282 4176 4347 An
4222 4284 4575 4349 convenire

2615 4387 2766 4431 cum
2814 4363 3153 4429 voluntate
3197 4365 3404 4448 possit
3442 4366 3796 4431 necessitas
3841 4387 4078 4445 necne,
4124 4366 4277 4431 alibi
4325 4367 4574 4434 videbi-

2618 4471 2791 4515 mus:
2847 4448 2963 4514 sed
3007 4449 3161 4516 huic
3204 4450 3567 4533 quaestioni
3613 4472 3789 4517 nunc
3832 4451 4013 4518 locus
4066 4473 4202 4517 non
4247 4461 4376 4533 est,
4438 4476 4574 4521 1188

2616 4535 2826 4619 magis
2870 4557 3065 4618 quam
3109 4557 3418 4618 cupresso
3461 4538 3535 4600 in
3579 4539 3905 4623 naufragii
3949 4538 4188 4603 tabula.

2785 4621 3021 4705 Pergit
3062 4619 3298 4686 deinde
3342 4621 3649 4687 ulterius:
3699 4625 3853 4706 quia
3894 4630 4096 4709 neget
4135 4624 4201 4689 A
4338 4626 4574 4705 stinus,

2616 4728 2882 4791 peccare
2937 4708 3011 4771 in
3064 4726 3140 4771 88
3194 4708 3596 4790 quempiam,
3656 4708 3830 4791 qued
3880 4710 4098 4776 caveri
4151 4731 4243 4775 118
4271 4710 4335 4774 18
4377 4709 4577 4777 medo

2615 4793 2838 4877 possit.
2935 4792 3253 4874 Inspiciat
3303 4792 3519 4859 locum
3572 4794 3685 4877 qui
3730 4795 3937 4874 volet,
3992 4816 4078 4862 an
4120 4816 4255 4860 non
4300 4795 4380 4862 de
4418 4818 4577 4879 pec-

2618 4880 2743 4943 cati
2805 4878 2993 4942 initio
3057 4877 3394 4962 loquatur:
3477 4902 3602 4962 que
3678 4880 3925 4947 scilieet
3986 4883 4356 4960 convincat,
4431 4904 4576 4949 8811

2619 4960 2883 5028 aliunde
2936 4964 3134 5040 hanc,
3190 4986 3323 5047 qua
3376 4964 3566 5032 hodie
3630 4967 4023 5047 premimur,
4085 4969 4573 5048 necessitatem,

2619 5069 2817 5132 quam
2852 5070 2934 5113 ex
2966 5049 3336 5115 voluntario
3370 5052 3570 5135 primi
3612 5050 3896 5118 heminis
3931 5052 4119 5136 lapsu
4153 5055 4576 5137 provenisse:

2618 5154 2815 5219 quam
2857 5135 3246 5217 particulam
3288 5136 3598 5222 Pighius,
3643 5145 3783 5204 tam
3823 5138 4022 5218 fidus,
4068 5159 4187 5205 suo
4229 5139 4576 5224 suffragio,

2762 5323 2820 5388 1)
2855 5323 2933 5377 ita
2965 5324 3220 5379 antinum
3252 5330 3438 5378 omncs
3459 5330 3686 5394 praeter
3720 5325 3799 5380 ed.
3827 5327 4136 5396 principem
4170 5333 4222 5381 et
4260 5325 4498 5382 Gallum.
