4999 6179
644 457 983 525 XXVIII·
1833 450 2382 522 TRAOTATUS
2427 448 3018 518 THEOLOGICI
3059 449 3504 518 MINORES.

2292 755 2703 841 CAPUT
2778 756 3027 839 XVI.

643 948 1254 1050 SUPPLEX
1305 944 2195 1044 EXHORTATIO
2249 906 2440 1041 AD
2501 940 3221 1041 CAESAREM
3273 941 3460 1038 DE
3513 940 4406 1042 NECESSITATE
4461 941 4686 1039 RE·

1626 1115 2484 1214 FORMANDAE
2539 1112 3297 1211 ECCLESIAE.
3384 1104 3676 1205 1543.

950 1322 1267 1407 Sequitur
1308 1320 1573 1388 libellus
1617 1328 1685 1387 et
1729 1320 1811 1386 ab
1858 1319 2233 1403 argumenti
2279 1317 2609 1402 gravitate
2649 1322 2726 1414 et·
2751 1338 2792 1382 a
2826 1316 2963 1383 stili
3005 1316 3336 1401 elegantia
3373 1336 3532 1399 prae
3567 1318 3843 1383 caeteris
3879 1314 4455 1383 commendandus.
4522 1315 4678 1398 Qui,

637 1416 984 1519 postquam
1026 1435 1349 1519 plurimae
1394 1433 1547 1499 illae
1592 1430 2105 1509 controversiae,
2152 1450 2318 1512 quae
2362 1428 2625 1494 saeculo
2671 1427 2923 1493 decimo
2978 1435 3165 1494 sexto
3219 1428 3674 1512 theologorum
3717 1429 4002 1495 calamos
4046 1437 4478 1494 exercuerant
4493 1479 4509 1507 ,
4556 1428 4678 1494 du-

638 1547 795 1613 dum
851 1546 1107 1631 placide
1163 1545 1563 1629 compositae
1622 1552 1807 1621 sunt,
1866 1542 1972 1607 vel
2018 1540 2220 1606 etiam
2276 1520 2604 1606 oblivione
2649 1540 2976 1624 sepultae,
3034 1539 3359 1623 hodieque
3416 1540 3593 1607 lectu
3651 1539 4080 1625 dignissimus
4124 1545 4253 1619 est,
4315 1546 4382 1606 et
4433 1540 4676 1606 Nostro

633 1660 806 1725 inter
845 1657 1023 1723 illius
1068 1657 1303 1723 aetatis
1349 1656 1722 1739 scriptores,
1768 1655 1967 1719 etiam
2011 1654 2067 1718 si
2112 1660 2453 1735 praeterea
2495 1651 2665 1717 nihil
2708 1651 3039 1732 edidisset,
3083 1673 3325 1718 nomen
3364 1652 3778 1736 praeclarum
3822 1651 4210 1719 conciliaret.

944 1769 1191 1835 Caesar
1233 1767 1512 1834 Carolus
1559 1765 1853 1848 Quintus
1899 1770 2195 1829 statuum
2237 1765 2498 1848 imperii
2540 1772 2941 1831 conventum
2983 1766 3055 1830 in
3098 1785 3396 1831 mensem
3439 1762 3880 1831 Februarium
3917 1766 4077 1830 anni
4119 1767 4283 1828 1544
4318 1752 4668 1845 indixerat,

633 1881 869 1964 Spirae
915 1878 1400 1959 celebrandum,
1448 1899 1522 1943 eo
1567 1877 1884 1942 nimirum
1927 1876 2197 1943 consilio
2258 1882 2336 1940 ut
2379 1896 2532 1942 cum
2574 1878 2656 1941 iis
2704 1876 2784 1942 de
2841 1877 3116 1943 ecclesia
3169 1875 3589 1942 reformanda
3642 1877 3965 1942 rationem
4021 1876 4223 1941 iniret
4264 1883 4333 1941 et
4386 1877 4479 1943 sic
4523 1884 4669 1940 tan-

632 1994 784 2059 dem
832 1991 1191 2074 aliquando
1236 1988 1572 2073 perpetuis
1617 1988 1699 2054 de
1753 1988 2069 2072 religione
2129 1985 2741 2071 disceptationibuS,
2810 2008 2975 2071 quae
3025 1988 3158 2054 iam
3214 2008 3334 2071 per
3376 1988 3664 2071 quinque
3709 1989 3924 2054 lustra
3964 2009 4108 2052 rem
4150 1988 4483 2071 publicam
4527 1996 4669 2054 tur-

630 2106 972 2182 baverant,
1019 2106 1072 2169 si
1117 2124 1244 2185 quo
1288 2100 1482 2167 modo
1524 2102 1669 2165 fieri
1710 2108 1949 2183 posset,
1996 2098 2151 2163 finis
2193 2099 2660 2182 imponeretur.
2750 2100 2899 2167 Hoc
2958 2100 3197 2166 saltem
3240 2121 3402 2167 usus
3458 2108 3805 2184 praetextu
3852 2100 4183 2183 principes
4225 2109 4669 2183 protestantes

630 2237 706 2282 eo
748 2215 1015 2299 adigere
1059 2212 1438 2292 conabatur,
1485 2220 1560 2278 ut
1603 2211 1684 2277 ad
1729 2210 1979 2276 bellum
2023 2209 2285 2276 Galliae
2327 2210 2749 2277 inferendum
2792 2212 3101 2278 subsidiis
3144 2211 3391 2297 largius
3437 2212 3763 2279 concessis
3807 2211 4018 2294 ipsius
4064 2213 4283 2296 copias
4326 2220 4664 2297 augerent.

627 2329 841 2394 Erant
887 2337 1124 2405 tamen,
1164 2312 1320 2409 'post
1364 2334 1463 2390 tot
1505 2322 1776 2391 comitia
1799 2329 1866 2387 et
1910 2322 2237 2405 colloquia
2276 2322 2526 2387 frustra
2568 2323 2694 2389 hac
2737 2323 2817 2388 de
2862 2345 2933 2390 re
2975 2323 3235 2403 habita,v
3267 2332 3335 2389 et
3367 2325 3545 2389 inter
3587 2324 3917 2408 principes
3954 2330 4022 2388 et
4053 2325 4228 2388 inter
4271 2324 4444 2406 ipsos
4480 2323 4664 2389 theo-

626 2440 811 2524 logos
855 2438 966 2524 qui
1011 2436 1317 2503 incendia
1363 2436 1573 2501 indies
1624 2435 1825 2499 latius
1880 2435 2230 2518 evagantia
2275 2433 2673 2517 disputando
2718 2437 3037 2519 compesci
3073 2457 3264 2520 posse
3308 2436 3471 2515 rati,
3518 2444 3584 2502 et
3626 2436 3938 2518 utrinque
3982 2434 4256 2501 candide
4301 2440 4369 2500 et
4411 2435 4666 2503 sincere

628 2550 708 2615 de
751 2572 910 2634 pace
956 2558 1178 2617 actum
1212 2548 1322 2627 iri,
1370 2568 1611 2631 magna
1655 2566 1807 2613 cum
1850 2567 1966 2630 spe
2008 2545 2437 2629 Imperatoris
2481 2548 2945 2629 promissioms
2985 2547 3571 2633 amplectebantur.
3663 2548 3746 2612 In
3803 2547 3911 2613 his
3956 2556 4098 2612 erat
4157 2546 4552 2630 praecipuus
4594 2552 4663 2612 et

625 2661 993 2728 indefessus
1029 2661 1330 2726 Bucerus
1372 2666 1629 2737 noster,
1687 2657 1767 2722 do
1823 2655 2246 2723 conciliandis
2289 2657 2636 2724 hominum
2680 2660 2917 2725 animis
2962 2666 3029 2724 et
3072 2659 3493 2743 opinionibus
3537 2679 3878 2742 nunquam
3924 2658 4278 2743 desperans
4298 2710 4314 2737 ,
4366 2657 4466 2724 vel
4511 2665 4663 2741 post

623 2781 720 2839 tot
773 2773 997 2837 irritos
1054 2778 1359 2850 conatus,
1428 2770 1668 2852 quibus
1724 2789 1938 2852 neque
1993 2790 2154 2835 suae
2204 2769 2412 2852 ipsius
2468 2791 2730 2853 semper
2782 2771 2994 2836 famae
3039 2770 3400 2850 consuluit,
3462 2792 3673 2854 neque
3729 2772 3869 2837 suis
3916 2770 4214 2836 inducias
4256 2770 4656 2854 procuravit,

621 2884 831 2950 multo
874 2883 1095 2948 minus
1138 2883 1401 2947 firmam
1446 2879 1853 2964 solidamque
1898 2901 2143 2964 pacem.
2234 2880 2306 2947 Is
2348 2881 2555 2967 igitur
2597 2881 3001 2964 aliquamdiu
3046 2880 3126 2947 de
3172 2884 3415 2967 scripto
3461 2882 3546 2947 ad
3595 2881 4073 2966 Imperatorem
4117 2880 4439 2947 mittendo
4485 2883 4661 2967 cogi-

620 2996 793 3061 tavit
835 3015 964 3078 quo
1007 2993 1256 3060 scilicet
1297 2992 1407 3060 hie
1451 2991 1532 3058 de
1574 2993 1783 3075 partis
1827 2992 2354 3077 evangelicorum
2391 2992 2627 3059 studiis
2672 3000 2739 3058 et
2773 2992 2902 3058 fide
2944 2993 3180 3059 melius
3217 2984 3616 3065 edoceretur,
3664 2993 3870 3077 deque
3906 3014 3985 3060 ea
4028 3014 4100 3059 re
4136 3000 4452 3076 vergente
4487 3014 4660 3059 anno

622 3129 771 3176 cum
818 3107 1096 3174 Calvino
1150 3127 1269 3190 per
1330 3106 1557 3171 literas
1609 3107 1759 3190 egit.
1852 3104 2104 3170 Verum
2148 3106 2273 3172 sibi
2318 3106 2595 3171 fortasse
2639 3104 2942 3171 diffidens
2987 3106 3196 3172 amico
3239 3106 3413 3172 hanc
3456 3107 3864 3190 provinciam
3920 3106 4277 3183 commisit,
4337 3104 4658 3172 libertatis

623 3219 1043 3304 evangelicae
1101 3218 1536 3284 vindicandae
1591 3224 1657 3284 et
1713 3217 2035 3302 deplorati
2093 3224 2307 3283 status
2353 3218 2692 3295 ecclesiae,
2747 3217 2958 3300 qualis
3001 3218 3134 3283 iam
3181 3224 3337 3283 tunc
3381 3226 3554 3298 erat,
3615 3219 3876 3285 tristem
3919 3226 3988 3284 et
4028 3238 4257 3285 veram
4299 3218 4659 3302 imaginem

622 3331 1041 3416 depingendi.
1132 3331 1376 3396 Exstat
1419 3330 1563 3396 eius
1620 3330 1897 3412 epistola
1953 3327 2037 3394 ad
2081 3328 2437 3395 Calvinum
2493 3328 2554 3394 d.
2603 3333 2702 3395 25.
2750 3327 3061 3397 Octobris
3113 3333 3275 3395 1543
3322 3332 3571 3415 scripta
3628 3331 3782 3416 (Ed.
3832 3330 4084 3397 Genev.
4133 3351 4193 3413 p.
4235 3333 4393 3411 366;
4452 3331 4650 3396 Laus.

578 3461 591 3470 ·
616 3465 680 3528 p.
727 3447 875 3522 1013
922 3443 1183 3508 Hanov.
1228 3464 1289 3526 p.
1337 3446 1486 3523 113;
1533 3445 1746 3509 Amst.
1793 3464 1854 3526 p.
1897 3444 2050 3520 229)
2107 3462 2305 3523 quam
2350 3448 2576 3507 tamen
2626 3441 2792 3508 aliae
2835 3443 3180 3526 utriusque
3226 3443 3307 3506 de
3368 3442 3594 3509 eodem
3641 3439 3910 3509 consilio
3968 3449 4241 3528 agentes
4276 3463 4454 3509 nunc
4498 3461 4651 3508 vero

616 3553 993 3639 deperditae
1038 3560 1542 3637 praecesserant.
1633 3553 1718 3618 In
1762 3575 1895 3637 qua
1935 3554 2111 3617 inter
2153 3552 2280 3617 alia
2324 3553 2486 3619 haec
2530 3554 2875 3639 leguntur:
2936 3552 3251 3620 Dubitare
3303 3555 3442 3635 ipse
3485 3554 3756 3637 incipio,
3800 3574 3843 3619 a
3886 3559 3943 3619 te
3983 3555 4274 3633 monitus,
4318 3573 4405 3618 an
4447 3553 4652 3620 deceat

616 3668 702 3734 ad
744 3668 961 3749 ipsum
1020 3664 1415 3748 (Gaesarem)
1467 3664 1660 3732 scribi
1676 3716 1690 3744 ,
1749 3664 1915 3746 quod
1949 3669 2157 3729 tamen
2210 3664 2405 3730 scribi
2446 3666 2647 3731 velim.
2737 3663 3102 3749 Man-tyrum
3150 3665 3498 3749 exemplum
3513 3718 3528 3746 ,
3573 3666 3684 3748 qui
3726 3665 4156 3751 Apoloyeticos
4196 3685 4349 3731 suos
4390 3665 4651 3746 scripse-

613 3783 766 3845 runt
808 3779 896 3844 ad
926 3779 1257 3860 principes
1299 3777 1528 3860 palam
1570 3777 1940 3842 idololatras
1949 3825 1965 3856 ,
2009 3794 2106 3840 me
2147 3781 2369 3857 movet,
2426 3783 2481 3841 et
2523 3778 2824 3842 maiestas
2866 3777 3149 3859 imperii,
3208 3779 3737 3859 consideratioque
3782 3778 4179 3842 mirabilium
4220 3778 4647 3857 mutationum,

616 3911 777 3973 quas
822 3892 1065 3972 effectas
1107 3911 1149 3954 a
1191 3887 1469 3954 Domino
1521 3886 1593 3952 in
1638 3889 1891 3970 maynis
1933 3885 2215 3970 regibus,
2264 3893 2331 3952 ut
2377 3887 2908 3969 Nabucadnezar‚
2971 3887 3131 3973 Gyro
3174 3895 3229 3955 et
3269 3890 3423 3955 aliis
3465 3889 3746 3972 leyimus.
3845 3890 3945 3953 Tu
3987 3891 4197 3971 itaque
4240 3888 4456 3954 iudica
4493 3887 4652 3970 quid

606 4007 794 4085 putes
831 4002 995 4082 facto
1037 4021 1211 4082 opus.
1299 3999 1413 4066 Ad
1455 4000 1666 4081 ipsam
1709 3997 2160 4080 Imperatorem
2203 4000 2479 4079 scriptas
2522 3998 2678 4072 liber
2718 4000 2792 4065 in
2815 4000 3113 4083 plurium
3153 4001 3468 4067 lectionem
3511 4001 3755 4080 incidet,
3791 4002 3948 4083 plus
3989 3999 4296 4067 videbitur
4343 4000 4652 4082 ponderis

619 4111 867 4191 habere,
927 4119 982 4177 et
1023 4113 1240 4196 uryeri
1281 4113 1573 4195 aequitas
1613 4110 1841 4192 scripto
1884 4110 2164 4193 amplius
2210 4111 2474 4192 poterit,
2528 4129 2724 4193 quum
2766 4113 3017 4193 publice
3059 4118 3190 4178 tum
3222 4114 3553 4194 privatim.
3643 4112 3794 4179 Iam
3835 4113 4070 4178 veritas
4112 4112 4279 4178 clare
4322 4117 4381 4177 et
4418 4113 4650 4177 incom-

607 4222 1113 4309 prehensibiliter
1153 4222 1381 4289 obiecta
1424 4224 1613 4289 etiam
1655 4222 1933 4288 hostibus
1973 4224 2129 4302 suis,
2175 4222 2475 4307 lanquere
2516 4224 2705 4300 etiam
2743 4225 2904 4305 facit
2947 4245 3160 4290 eorum
3199 4231 3453 4291 conatus
3500 4230 3715 4291 contra
3750 4225 3961 4307 ipsam
4003 4229 4060 4289 et
4099 4222 4472 4289 mirabiliter
4516 4242 4651 4288 con-

620 4338 866 4404 solatur
909 4340 964 4399 et
1007 4335 1180 4419 eliyit
1220 4337 1529 4402 studiosos
1566 4337 1691 4414 sui,
1737 4354 1931 4418 qaam
1970 4335 2105 4399 eius
2147 4335 2361 4401 vident
2400 4334 2731 4402 victoriam
2772 4336 2959 4401 etiam
2999 4337 3072 4400 in
3118 4337 3508 4403 conscientiis
3543 4315 4066 4402 adversariorum.
4155 4335 4255 4400 Ac
4288 4336 4349 4400 si
4392 4336 4650 4400 animas

621 4449 907 4516 abhorret
959 4447 1038 4514 ab
1091 4449 1229 4529 ipso
1284 4446 1671 4529 Imperatore
1713 4445 2112 4530 appellandO,
2169 4445 2412 4512 scribas
2454 4447 2542 4512 ad
2582 4468 2754 4531 reyes
2796 4449 2894 4514 vel
2936 4448 3024 4514 ad
3062 4426 3391 4532 principes
3445 4450 3845 4514 conventwros
3888 4449 3960 4512 in
3995 4447 4319 4533 promimis
4360 4446 4645 4512 comitiis.

623 4561 806 4628 Haec
849 4559 978 4626 ille.
1071 4557 1208 4625 Sed
1252 4561 1392 4624 eius
1437 4555 1842 4623 desiderium
1881 4557 2205 4624 Calvinus
2251 4557 2354 4624 vel
2398 4557 2542 4641 ipse
2585 4559 2684 4624 rei
2726 4561 3052 4644 gravitate
3098 4566 3431 4645 permotus
3476 4565 3936 4638 anteverterat,
3984 4559 4087 4627 vel
4131 4559 4213 4625 ab
4257 4578 4334 4623 eo
4380 4555 4650 4623 demum

622 4672 909 4739 monitus
964 4681 1152 4738 tanta
1194 4677 1262 4737 et
1300 4669 1551 4755 ingenii
1603 4673 1865 4758 ἐνεργείᾳ
1907 4676 1975 4734 et
2018 4667 2155 4734 stili
2198 4669 2534 4735 celeritate
2577 4693 2720 4736 rem
2763 4671 3129 4756 expedivit,
3200 4681 3274 4737 ut
3316 4679 3469 4736 ante
3529 4672 3730 4736 finem
3774 4672 3933 4737 anni
3987 4669 4250 4755 insigne
4303 4668 4647 4752 utriusque

624 4784 1089 4851 documentum
1132 4783 1316 4866 prelo
1353 4781 1676 4848 subiicere
1719 4781 2025 4864 potuerit,
2074 4778 2153 4845 de
2197 4801 2327 4863 quo
2366 4781 2547 4848 Beza
2588 4784 2660 4847 in
2705 4804 2829 4849 sua
2871 4784 3032 4850 Vita
3076 4783 3340 4852 Calvini
3386 4780 3561 4862 dicit,
3607 4803 3677 4847 se
3724 4783 3903 4848 haud
3946 4783 4105 4848 satis
4149 4781 4317 4848 scire
4363 4802 4449 4846 an
4492 4801 4647 4847 ner-

625 4897 850 4963 vosius
892 4895 1103 4961 ullum
1149 4901 1265 4960 aut
1305 4892 1577 4980 gravius
1620 4893 1936 4976 scriptum
1978 4913 2096 4959 suo
2139 4893 2397 4960 saeculo
2440 4895 2641 4960 fuerit
2684 4894 2951 4962 editum.
3040 4896 3346 4962 Primum
3388 4894 3458 4977 in
3512 4914 3588 4960 eo
3646 4893 3900 4962 cultum
3944 4892 4075 4959 Dei
4117 4892 4486 4977 legitimum
4530 4891 4646 4957 de-

622 5009 774 5073 finit
817 5014 1023 5086 autor,
1073 5016 1143 5071 et
1184 5006 1419 5089 quibus
1462 5004 1914 5071 fundamentis
1957 5004 2283 5070 innitatur
2327 5006 2691 5073 christiana
2732 5008 2962 5093 religio
3007 5007 3307 5091 exponit,
3353 5012 3499 5071 tum
3539 5014 3700 5090 quot
3741 5006 4106 5090 quibusque
4160 5002 4372 5070 modis
4415 5002 4645 5070 eadem

625 5120 981 5203 depravata
1040 5116 1240 5184 fuerit
1290 5118 1606 5197 ostendit,
1662 5117 1898 5202 quibus
1951 5116 2281 5182 erroribus
2340 5118 2788 5184 contaminata
2850 5118 3177 5198 doctrina,
3245 5126 3403 5202 quot
3451 5118 4011 5186 caeremoniarum
4070 5115 4644 5200 superstitionibus

622 5232 967 5298 obscurata
1022 5229 1138 5295 lux
1195 5230 1523 5314 evangelii
1539 5281 1557 5310 ,
1616 5250 1815 5314 quam
1871 5228 2221 5293 innumera
2274 5228 2345 5292 in
2401 5229 2948 5313 gubernationem
3002 5231 3309 5298 ecclesiae
3365 5231 3528 5296 vitia
3580 5230 3827 5296 sensim
3881 5229 4285 5314 irrepserint.
4377 5225 4646 5292 Transit

621 5342 858 5408 deinde
901 5341 982 5408 ad
1027 5339 1317 5407 remedia
1370 5363 1539 5425 quae
1583 5339 1885 5408 veritatis
1937 5338 2360 5423 evangelicae
2406 5340 2698 5408 vindices
2755 5341 2911 5409 inde
2955 5363 2995 5408 a
3049 5342 3375 5426 principio
3434 5342 3765 5407 constanti
3807 5347 3874 5407 et
3922 5342 4222 5408 unanimi
4264 5338 4484 5408 studio
4528 5336 4643 5405 ad-
