4999 6179
600 438 724 503 387

1909 425 2442 498 RESPONSIO
2487 426 2866 494 CONTRA
2908 426 3327 495 PIGHIUM

4497 431 4621 494 388

601 622 892 692 Sodoma
930 624 1143 690 iactae
1196 622 1475 688 fuissent
1527 621 1695 687 istae
1738 621 2016 685 virtutes
2032 671 2048 698 ,
2106 641 2272 703 quas
2315 618 2563 698 vidisti,
2669 624 2772 682 est
2821 617 3251 699 praeparatio.
3340 617 3644 684 Elevatcio
3697 627 3919 684 autem
3974 617 4269 685 cordium
4325 629 4428 684 est
4470 639 4624 684 000-

603 713 677 776 10
731 709 943 776 0111010
997 717 1064 774 01
1126 708 1345 774 010010
1410 706 1890 790 poenitentiam
1941 707 2235 790 egissent
2288 704 2562 802 (Matth.

612 802 709 876 11,
758 799 859 859 21.
910 795 1041 877 23).
1130 793 1305 860 Nam
1363 794 1419 859 si
1477 793 1802 871 absoluta,
1872 791 2117 876 inquit,
2187 791 2566 873 efficaclque

604 882 949 949 voluntate
1001 880 1214 945 noluit
1254 879 1413 946 dare
1455 878 1645 945 Deus
1699 879 2170 964 poenitentiam
2215 876 2562 956 Sodomae,

606 969 785 1054 'Pyro
830 974 896 1033 et
939 965 1200 1045 Sidoni,
1260 986 1348 1031 an
1387 965 1664 1031 daturus
1721 974 1894 1042 erat,
1950 966 2003 1030 si
2063 963 2197 1030 illic
2252 962 2568 1030 edidisset

607 1076 728 1121 sua
769 1052 1133 1120 miracula?
1221 1053 1315 1117 Et
1357 1074 1476 1117 cur
1509 1052 1728 1136 potius
1770 1050 1853 1117 ob
1895 1050 2213 1119 miracula
2243 1049 2378 1115 illis
2412 1069 2566 1133 gra-

587 1134 768 1205 'tiam
813 1137 1237 1222 resipiscendi
1281 1136 1594 1217 dedisset,
1654 1158 1854 1221 quam
1906 1137 2156 1203 civitati
2204 1155 2393 1214 suae,
2452 1135 2567 1201 ubi

607 1225 836 1291 eadem
895 1224 1215 1291 miracula
1276 1222 1706 1308 designabat?
1797 1222 2189 1306 Respondeo
2204 1273 2220 1301 ,
2292 1220 2568 1286 minime

607 1314 677 1381 in
721 1311 828 1377 his
868 1311 1091 1377 verbis
1133 1308 1475 1376 Christum
1520 1311 1873 1394 respicere,
1928 1308 2038 1375 vel
2081 1307 2259 1373 unde
2302 1313 2569 1372 emanet

607 1396 1041 1481 poenitentia,
1097 1396 1207 1461 vel
1251 1417 1370 1462 cur
1413 1395 1521 1461 his
1564 1396 1810 1478 potius,
1864 1416 2063 1478 quam
2104 1393 2264 1471 illis,
2326 1413 2567 1459 arcano

607 1483 736 1549 Dei
792 1482 1065 1550 consilio
1120 1479 1338 1547 detur:
1399 1478 1514 1546 scd
1572 1481 1959 1564 simpliciter
2012 1481 2094 1545 ab
2150 1480 2402 1545 effectis
2456 1500 2569 1543 su-

606 1589 788 1634 mere
833 1568 1006 1634 11000
1049 1587 1190 1633 com
1391 1569 1622 1647 'onem,
1670 1565 1841 1652 quod
1878 1566 2169 1650 reliquae
2212 1565 2365 1630 illae
2404 1585 2570 1648 quas

606 1655 1022 1733 nominabat,
1078 1653 1305 1732 urbes,
1360 1653 1598 1738 quibus
1642 1653 1942 1718 doctrina
1983 1661 2052 1718 ct
2092 1650 2412 1717 miracula
2454 1649 2567 1715 de-

545 1786 554 1795 ·
606 1741 918 1818 fuissent,
972 1739 1122 1826 plus
1177 1738 1524 1805 habiturae
1578 1747 1800 1805 essent
1850 1738 2294 1804 excusationis
2344 1755 2569 1803 coram

607 1828 780 1905 Deo,
839 1847 1042 1908 quam
1095 1824 1548 1909 Capernaum‚
1607 1823 1779 1908 quod
1832 1822 2190 1891 deliberata
2252 1822 2566 1906 nequitia,

608 1920 676 1979 et
727 1912 932 1994 ’11111110
983 1916 1131 1991 [pag.
1171 1925 1244 1975 21
1259 1916 1322 1990 5]
1374 1911 1822 1994 scelerataque
1875 1909 2230 1976 rebellione
2285 1908 2567 1975 obdura·

609 2008 771 2077 tum,
818 2003 917 2062 tot
958 2019 1034 2063 ac
1078 2008 1214 2061 tam
1250 1997 1602 2079 praeclaris
1642 2006 1711 2062 et
1753 1996 2089 2062 doctrinae
2126 2005 2194 2060 et
2225 1995 2569 2079 signorum

608 2082 1079 2149 monitionibus
1134 2082 1301 2147 nihil
1352 2083 1743 2149 flecteretur.
1826 2080 2035 2163 Quasi
2081 2081 2355 2147 diceret:
2417 2080 2567 2145 nul-

607 2170 745 2234 lam
787 2168 1105 2234 hactenus
1147 2169 1351 2235 fuisse
1377 2178 1658 2253 gentem
1701 2176 1840 2234 tam
1876 2168 2080 2234 durae
2123 2175 2242 2232 aut
2283 2165 2568 2231 indomi-

610 2265 716 2321 tae
759 2255 1063 2333 cervicis,
1121 2261 1256 2318 tam
1325 2256 1521 2321 ferrei
1573 2253 1787 2320 cordis
1843 2264 1962 2320 aut
2002 2253 2310 2319 obstinati
2325 2303 2341 2331 ,
2398 2272 2568 2335 quae

609 2361 743 2405 000
800 2349 1320 2406 commoveretur
1374 2342 1580 2424 signis
1632 2340 1796 2419 illis,
1852 2361 2020 2423 quae
2076 2337 2251 2423 apud
2315 2337 2567 2421 Caper-

609 2427 827 2493 naitas
895 2426 1304 2508 contemptui
1367 2425 1780 2510 ludibrioque
1840 2424 2268 2492 habebantur.
2372 2423 2569 2505 Quod

609 2514 668 2578 si
724 2512 1233 2578 affirmationem
1285 2512 1471 2577 illam
1523 2512 1923 2595 pertinacius
1969 2520 2208 2596 urgeat
2260 2511 2565 2594 Pighius,

605 2598 742 2665 iam
784 2598 1042 2682 pridem
1095 2598 1388 2682 egissent
1435 2599 1937 2681 poenitentiam:
1999 2595 2393 2681 respondeat
2432 2599 2568 2663 iam

607 2684 807 2763 mihi,
853 2706 1127 2749 curnam
1183 2683 1384 2749 urbes
1423 2683 1575 2750 illas
1617 2705 1756 2750 non
1800 2681 2109 2769 dignatus
2168 2684 2372 2749 fuerit
2423 2680 2567 2750 ido·

608 2771 753 2835 neis
804 2769 1014 2835 modis
1070 2769 1319 2835 hortari
1374 2769 1456 2835 ad
1515 2770 1986 2853 poenitentiam
2003 2821 2018 2848 ,
2093 2791 2256 2854 quas
2320 2771 2570 2837 sciebat

610 2875 769 2921 suae
823 2854 1269 2921 exhortationi
1319 2878 1455 2921 non
1512 2854 1897 2922 defuturas?
1998 2854 2077 2922 Si
2132 2856 2289 2940 quid
2343 2858 2565 2937 sentit,

609 2942 882 3019 sentire,
940 2942 1197 3024 opinor,
1254 2940 1477 3020 debet,
1537 2943 1674 3008 suis
1729 2942 1938 3026 ipsius
1995 2944 2173 3008 tricis
2223 2944 2435 3007 teneri
2495 2964 2568 3009 se

609 3048 785 3094 nunc
828 3027 1245 3112 implicitum.
1339 3025 1476 3094 Sed
1533 3028 1799 3095 valeant
1850 3029 2112 3112 ineptae
2165 3027 2320 3095 illae
2363 3028 2567 3095 cavil-

607 3113 916 3181 lationes:
978 3135 1182 3197 quum
1224 3114 1564 3181 evidenter
1595 3121 1854 3181 constet
1885 3137 2018 3181 non
2054 3113 2236 3182 aliud
2281 3116 2570 3182 voluisse

610 3198 955 3266 Christum
999 3200 1113 3265 tali
1156 3200 1464 3284 loquendi
1506 3222 1777 3286 genere,
1838 3221 2040 3286 quam
2079 3203 2138 3267 si
2221 3203 2328 3268 uis
2372 3202 2568 3269 hodie

610 3286 703 3353 sic
743 3286 1075 3369 loquatur:
1119 3287 1452 3353 neminem
1497 3308 1641 3355 0880
1676 3288 1960 3354 'furcam
2004 3299 2141 3353 tam
2227 3310 2426 3354 urum
2461 3308 2568 3354 re-

609 3370 977 3454 bellemque
1018 3373 1183 3450 Deo,
1229 3381 1345 3438 aut
1387 3385 1521 3438 tam
1566 3395 1607 3439 a
1639 3374 1888 3458 pietate
1922 3395 2247 3453 aversum,
2283 3375 2399 3457 qui
2433 3397 2569 3440 non

611 3459 744 3522 iam
787 3457 943 3522 olim
985 3458 1232 3524 fractus
1273 3459 1521 3539 fuisset,
1566 3461 1623 3527 si
1666 3481 1745 3526 ea
1785 3458 2072 3545 legisset,
2120 3459 2430 3540 audisset,
2467 3461 2569 3527 vi-

614 3541 835 3622 disset,
881 3542 1120 3626 quibus
1163 3555 1385 3611 tamen
1429 3566 1561 3611 non
1604 3545 1821 3628 potuit
1861 3547 2098 3631 corrigi
2142 3545 2444 3631 Pighius.

784 3629 947 3694 Post
998 3628 1161 3694 haec
1175 3681 1191 3709 ,
1260 3639 1336 3695 ut
1400 3639 1666 3697 nostrae
1721 3632 2053 3698 facultatis
2110 3653 2254 3698 esse
2316 3633 2567 3715 probet,

503 3783 508 3790 ,
611 3721 750 3779 tam
804 3735 1196 3799 praeparare
1250 3715 1447 3782 corda
1497 3725 1727 3783 nostra
1766 3718 1913 3783 Deo
1967 3739 2164 3801 quam
2219 3718 2282 3783 ei
2326 3718 2411 3783 ad
2454 3718 2569 3784 bo-

612 3822 774 3866 num
829 3823 950 3868 008
1002 3803 1387 3885 provocanti
1448 3803 1887 3885 acquiescere,
1942 3803 2214 3889 longum
2258 3826 2342 3868 01
2396 3806 2568 3870 inte-

611 3908 730 3970 gro
795 3898 1292 3971 praeceptorum
1356 3888 1728 3973 catalogum
1784 3891 2040 3955 retexit.
2142 3890 2331 3962 Nihil
2388 3899 2568 3956 certe

609 3972 883 4039 dubium
929 3983 1057 4054 est,
1114 3976 1363 4041 centies
1421 3994 1543 4040 nos
1596 3975 1806 4041 victos
1861 3995 2031 4055 0880,
2091 3978 2145 4041 81
2187 3977 2317 4041 Dei
2374 3998 2566 4061 prae-

607 4059 811 4142 ceptis
863 4062 1044 4130 vires
1099 4060 1444 4127 hominum
1487 4062 1709 4127 metiri
1761 4062 1977 4129 libeat.
2062 4064 2159 4128 At
2200 4062 2406 4142 istud,
2463 4064 2565 4127 in-

608 4145 782 4228 quit,
843 4143 1122 4212 delirare
1179 4156 1307 4226 est,
1365 4148 1450 4213 ad
1506 4168 1584 4213 ea
1635 4147 1888 4214 hortari
1945 4148 2275 4228 homines,
2331 4149 2566 4233 quibus

607 4228 1026 4313 praestandis
1076 4254 1270 4316 pares
1326 4256 1458 4299 non
1511 4234 1662 4304 sint.
1742 4233 1998 4300 Verum
2042 4233 2126 4299 ab
2166 4234 2292 4302 hac
2335 4243 2569 4301 contu-

604 4315 802 4382 melia
856 4321 956 4381 se‘
984 4327 1208 4384 tuetur
1261 4321 1475 4399 Deus,
1535 4321 1649 4404 qui
1705 4320 2022 4403 optimam
2079 4321 2204 4387 sibi
2262 4342 2408 4388 esse
2461 4321 2564 4387 iu-

605 4401 805 4468 bendi
840 4423 1107 4468 causam
1142 4404 1448 4485 declarat,
1491 4408 1689 4472 etiam
1725 4407 1783 4472 si
1818 4428 2020 4490 penes
2055 4407 2388 4473 hominem
2425 4429 2565 4472 non

605 4490 693 4554 sit
761 4488 1083 4571 implendi
1147 4491 1442 4558 facultas.
1523 4490 1921 4576 Quanquam
1977 4514 2213 4575 operae
2277 4495 2564 4576 pretium

604 4591 735 4653 est,
781 4595 865 4640 ex
911 4575 1019 4654 iis,
1065 4597 1235 4660 quae
1279 4575 1577 4658 adducit,
1678 4577 1959 4644 uaedam
2014 4579 2406 4646 nominatim
2455 4599 2562 4645 re÷

600 4662 774 4726 ferre
818 4669 887 4726 et
926 4660 1313 4746 expendere.
1415 4664 1614 4746 Apud
1693 4665 2035 4745 eremiam,
2079 4664 2326 4749 inquit,
2372 4665 2561 4731 doce-

604 4768 782 4825 mur,
826 4747 1111 4829 qualiter
1151 4770 1224 4814 se
1267 4750 1619 4816 efficaciter
1671 4769 2065 4833 praeparare
2109 4750 2193 4817 ad
2236 4751 2366 4818 Dei
2409 4774 2561 4837 gra-

601 4833 765 4898 tiam
828 4832 1130 4900 hcmines
1188 4836 1473 4918 possint,
1532 4835 1689 4901 dum
1756 4836 1850 4902 810
1915 4836 2102 4904 dicit:
2170 4836 2563 4905 Scrutemur

600 4920 742 4985 vias
788 4927 1049 4985 nostras
1104 4929 1172 4985 et
1222 4929 1641 4987 revertamur
1683 4920 1768 4988 ad
1809 4921 2205 5005 Dominum3
2264 4923 2560 4990 levemus

596 5003 797 5071 corda
839 5015 1064 5070 nostra
1106 5027 1255 5072 cum
1299 5008 1605 5074 manibus
1636 5007 1708 5073 in
1742 5009 2017 5089 coelum,
2054 5010 2374 5076 dicentes:
2418 5010 2559 5076 Nos

596 5091 801 5173 impie
846 5091 1120 5174 egimus,
1166 5099 1287 5160 etc.
1334 5093 1671 5179 (Lament.
1711 5098 1769 5174 3,
1808 5097 1940 5179 40).
2032 5094 2298 5176 Odisse,
2341 5097 2559 5179 inquit

598 5176 881 5261 Pighius
897 5227 913 5253 ‚
975 5199 1051 5243 ac
1108 5178 1422 5245 detestari
1476 5191 1771 5247 veterem
1837 5182 2074 5262 vitam,
2143 5184 2557 5264 contritoque

595 5262 789 5329 cordo
847 5263 930 5327 ad
979 5264 1340 5329 Dominum
1382 5270 1533 5347 [pag.
1570 5270 1724 5347 216]
1777 5268 2161 5353 confugere,
2219 5266 2552 5351 poenitere

592 5369 677 5414 ex
734 5349 961 5431 cordo,
1020 5358 1088 5415 et
1129 5370 1291 5416 vera
1334 5352 1462 5418 fide
1504 5365 1730 5436 petere
1779 5351 2329 5430 misericordiam,
2387 5352 2551 5440 haec

2668 701 2905 768 versio.
2976 704 3368 786 Agnoscunt
3408 703 3516 769 1110
3556 704 3663 769 vel
3695 702 4041 770 mediocris
4083 703 4306 772 iudicii
4351 704 4623 770 lectores

2668 787 2930 855 solitam
2958 788 3200 872 ‚Pighii
3261 787 3698 869 dialecticam,
3744 791 3929 856 0111118
3972 790 4188 875 prima
4230 790 4460 875 regula
4505 798 4622 869 est,

2669 895 2878 939 unum
2923 894 3195 961 semper⁴
3235 876 3306 940 in
3358 876 3554 959 plura
3596 872 3966 959 discerpere
3976 900 3993 957 3
4042 897 4219 959 quae
4260 885 4483 942 autem
4526 874 4626 941 di-

2669 982 2865 1027 versa
2907 969 3091 1039 sunt,
3157 963 3229 1026 in
3286 983 3496 1027 unum
3548 962 3968 1028 confundere.
4058 962 4319 1029 Levare
4362 965 4431 1027 in
4478 983 4625 1028 coe-

2667 1046 2806 1111 lum
2851 1046 3051 1113 corda
3094 1056 3162 1112 et
3215 1068 3453 1117 manus
3495 1046 3653 1131 quid
3708 1049 4060 1132 significet,
4107 1048 4257 1131 plus
4300 1050 4463 1115 satis
4508 1070 4624 1114 no-

2670 1140 2812 1198 tum
2856 1145 2987 1197 est:
3033 1153 3292 1217 nempe,
3339 1135 3649 1217 0111011818
3690 1134 3765 1199 10
3808 1134 4058 1201 00011110
4104 1135 4412 1201 manibus
4455 1135 4625 1201 serio

2669 1216 2882 1283 cordis
2926 1219 3166 1285 affectu
3196 1219 3516 1287 'invocare
3561 1221 3797 1286 Deum.
3884 1219 4165 1306 Pighius
4209 1229 4431 1287 autem
4465 1242 4627 1304 pue·

2672 1305 2792 1368 rile
2847 1312 3290 1371 commentum
3341 1306 3732 1386 fabricatur,
3788 1307 3962 1390 quod
4017 1306 4243 1373 levare
4284 1305 4483 1373 corda
4537 1309 4625 1373 sit

2671 1391 2947 1457 affectus
2989 1398 3252 1457 nostros
3295 1412 3335 1456 a
3376 1392 3658 1459 terrenis
3693 1401 3761 1458 et
3795 1393 4057 1459 caducis
4093 1392 4286 1458 rebus
4326 1392 4624 1473 liberare,

2672 1498 2824 1542 cum
2857 1477 3185 1556 manibus,
3232 1478 3300 1543 id
3341 1485 3460 1556 est,
3502 1479 3806 1561 operibus
3850 1480 4110 1546 nostris.
4196 1479 4419 1563 Atque
4460 1480 4628 1545 istae

2671 1572 2831 1628 sunt
2883 1563 3486 1647 interpretationes,
3538 1565 3817 1645 scilicet,
3863 1565 4100 1648 quibus
4139 1584 4277 1630 000
4319 1586 4507 1632 800118
4551 1585 4628 1631 00

2673 1646 2995 1733 delphicis
3044 1651 3374 1732 responsis
3429 1650 3626 1716 fidem
3682 1650 3908 1717 haberi
3963 1651 4146 1716 vult:
4203 1672 4404 1733 quum
4462 1651 4631 1717 nihil

2671 1735 2885 1818 magis
2940 1743 3056 1800 aut
3111 1736 3451 1815 frivolum,
3520 1747 3636 1802 aut
3699 1738 4123 1822 nugatorium
4177 1737 4342 1821 fingi
4406 1748 4620 1821 queat.

2674 1818 3007 1885 Continuo
3048 1829 3216 1907 post,
3262 1822 3496 1906 culpae
3540 1823 3944 1907 agnitionem
3988 1824 4353 1913 veniaeque
4396 1823 4630 1907 depre-

2673 1906 3031 1987 cationem,
3090 1929 3262 1991 quae
3306 1907 3437 1974 duo
3481 1908 3602 1975 sub
3652 1910 4158 1993 praeparatione
4201 1916 4353 1975 ante
4394 1930 4632 1992 posue-

2672 2002 2794 2072 rat,
2842 1992 2925 2058 ad
2972 1995 3489 2091 conversionem,
3536 1994 3661 2061 hoc
3703 2004 3833 2075 est,
3882 1994 4239 2061 secundum
4286 1996 4631 2079 poeniten-

2675 2077 2806 2143 tiae
2859 2080 3230 2145 membrum
3286 2082 3504 2146 refert.
3586 2082 3681 2147 Ut
3735 2090 3959 2147 tamen
4022 2080 4123 2146 illi
4178 2094 4315 2146 tam
4373 2103 4630 2148 crassos

2672 2184 2928 2231 errores
2971 2165 3326 2249 ignoscam,
3371 2188 3531 2251 rogo
3574 2166 3889 2251 quidnam
3923 2189 3994 2233 se
4029 2168 4385 2234 confecisse
4419 2175 4628 2252 putet.

2673 2250 2929 2329 Totam,
2975 2252 3218 2335 inquit,
3264 2253 3735 2335 poenitentiam
3779 2275 3922 2320 esse
3964 2254 4034 2319 in
4078 2252 4365 2320 hominis
4409 2264 4631 2337 potes-

2672 2344 2826 2401 tate.
2910 2339 3118 2421 Atqui
3175 2337 3371 2418 illud,
3431 2339 3606 2423 quod
3661 2341 3803 2424 ipse
3861 2360 4119 2424 quoque
4162 2340 4448 2425 Pighius
4504 2342 4629 2406 ini-

2671 2422 2869 2502 tium,
2925 2432 2993 2488 et
3034 2426 3221 2507 quasi
3271 2426 3559 2507 primum
3603 2427 3978 2511 ingressum
4035 2427 4220 2504 facit,
4278 2437 4356 2491 111
4398 2446 4631 2510 pecca-

2670 2516 2802 2588 tor,
2848 2507 3220 2591 iniquitatis
3265 2531 3422 2576 suae
3466 2513 3803 2595 agnitione
3845 2513 4182 2590 confusus,
4229 2513 4354 2579 sibi
4396 2512 4630 2598 displi-

2671 2603 2845 2672 ceat,
2902 2596 3078 2661 inter
3120 2596 3250 2661 alia
3293 2597 3422 2663 Dei
3467 2598 3783 2681 beneficia
3826 2600 4013 2683 ponit
4053 2597 4391 2678 Ezechiel,
4451 2598 4632 2683 apud

2669 2701 2866 2764 quem
2925 2682 3019 2747 sic
3075 2682 3260 2749 Deus
3312 2684 3636 2766 populum
3699 2706 3894 2750 suum
3950 2685 4331 2769 alloquitur:
4400 2684 4631 2767 Quum

2668 2777 2742 2831 tu
2786 2768 3233 2833 iuramentum
3268 2772 3756 2853 contempseris,
3803 2782 3878 2836 ut
3912 2771 4302 2838 dissolveres
4336 2782 4628 2855 pactum,

2671 2873 2793 2936 ego
2838 2861 3062 2918 tamen
3111 2854 3502 2923 recordabor
3550 2855 3829 2923 foederis
3871 2859 4003 2923 mei
4045 2857 4221 2941 quod
4265 2859 4489 2943 pepigi
4531 2867 4633 2924 10-

2671 2960 2850 3018 01110,
2910 2940 3370 3023 suscitaboque‘
3414 2941 3647 3008 foedus
3699 2952 4063 3009 aeternum.
4151 2944 4244 3009 Et
4280 2951 4441 3010 tunc
4486 2947 4632 3009 via-

2669 3046 2822 3091 rum
2858 3034 3123 3092 1001010
3156 3027 3622 3109 recordaberis,
3658 3038 3741 3096 ut
3768 3030 4228 3098 confundaris·
4256 3028 4631 3110 Suscitabo,

2668 3112 2957 3196 inquam,
2998 3122 3222 3179 tecum
3265 3125 3531 3196 pactum
3574 3137 3819 3195 meum,
3855 3126 3934 3182 ut
3966 3116 4331 3184 recorderis
4370 3124 4440 3182 et
4471 3138 4632 3184 con-

2670 3198 2972 3265 fundaris
3027 3200 3173 3282 (Εο.
3224 3206 3317 3281 16,
3358 3201 3489 3286 59).
3592 3202 3877 3287 Pighius
3929 3203 4103 3269 hanc
4158 3223 4301 3268 esse
4347 3223 4633 3287 praepa-

2668 3285 2990 3350 rationem
3030 3287 3242 3370 fingit,
3287 3309 3418 3370 qua
3457 3288 3760 3354 homines
3803 3290 4026 3355 Deum
4067 3297 4507 3368 antevertant,
4554 3311 4633 3356 00

2669 3372 2920 3453 priores
2962 3383 3311 3438 occurrant
3353 3372 3494 3439 eius
3537 3374 3806 3458 gratiae.
3875 3376 4203 3441 Dominus
4247 3383 4470 3440 autem
4510 3376 4636 3442 ho-

2670 3457 2885 3523 mines
2923 3465 3313 3541 praevenire
3352 3480 3429 3524 80
3463 3467 3761 3539 testatur,
3807 3468 3884 3527 ut
3924 3468 4195 3544 peccata
4227 3467 4347 3528 8110
4386 3483 4635 3546 agnos-

2670 3551 2841 3608 cant.
2917 3545 3043 3610 De.
3079 3545 3286 3610 altera
3348 3554 3535 3629 parte
3590 3546 3726 3611 iam
3789 3547 3946 3613 alibi
4002 3547 4251 3613 dictum
4293 3557 4421 3612 est:
4495 3569 4637 3613 000

2670 3629 2883 3714 magis
2926 3651 3126 3713 penes
3184 3630 3519 3696 hominem
3565 3653 3739 3711 esse,
3801 3634 4118 3701 innovare
4161 3654 4350 3699 suam
4396 3634 4634 3712 vitam,

2670 3737 2869 3800 quam
2923 3718 3192 3800 propria
3261 3719 3556 3802 potentia
3616 3741 3656 3784 a
3711 3720 3992 3785 mortuis
4050 3740 4415 3804 resurgere.
4525 3720 4635 3785 De

2671 3803 3001 3882 oratione,
3063 3809 3209 3884 [pag.
3257 3809 3408 3883 217]
3449 3825 3647 3887 quam
3689 3814 4069 3889 promptum
4113 3815 4214 3870 est
4257 3807 4401 3871 eius
4442 3806 4634 3872 insa-

2671 3889 2847 3953 niam
2903 3889 3338 3957 convincere?
3425 3889 3826 3970 Invocandc,
3883 3893 4125 3975 inquit,
4185 3892 4639 3975 praeveniunt

2673 3976 2972 4041 homines
3027 3977 3157 4041 Dei
3220 3978 3521 4060 gratiam.
3614 3976 3807 4058 Quod
3859 3979 4038 4043 enim
4103 3999 4251 4043 eam
4317 3978 4638 4061 precibus

2668 4062 3007 4145 flagitant,
3062 4083 3147 4127 01
3200 4084 3272 4128 80
3325 4063 3488 4146 ipsis
3544 4063 3813 4129 faciunt.
3901 4066 3997 4128 At
4052 4062 4306 4130 Paulus
4359 4071 4636 4129 contra:

2672 4146 3016 4228 Quomodo
3080 4148 3513 4227 invocabunt,
3597 4149 3667 4213 in
3732 4170 3929 4232 quem
4003 4171 4135 4215 non
4202 4147 4639 4215 crediderunt

2670 4233 2892 4319 (Rom.
2941 4239 3040 4312 10,
3082 4234 3229 4318 14)?
3304 4234 3568 4318 Quibus
3612 4243 3789 4301 certe
3833 4236 4049 4302 verbis
4092 4235 4223 4300 Dei
4260 4236 4637 4301 invocatio-

2666 4340 2821 4385 nem
2865 4341 2950 4385 ex
2992 4319 3152 4401 fide,
3212 4329 3525 4405 tanquam
3582 4321 3790 4387 filiam
3834 4342 3920 4386 01
3971 4329 4211 4398 100110,
4269 4319 4636 4404 procedere

2666 4407 2970 4489 nascique
3014 4405 3438 4472 demonstrat.
3516 4406 3712 4474 Unde
3752 4414 3972 4472 autem
4018 4405 4222 4472 fides?
4290 4409 4401 4473 An
4444 4406 4637 4472 hanc

2667 4513 2924 4576 quoque
2978 4492 3497 4575 praeparationis
3545 4515 3689 4558 esse
3748 4502 4004 4577 partem
4047 4491 4449 4582 nug-abitur?
4536 4493 4639 4558 Et

2668 4599 2787 4643 cur
2825 4600 2956 4643 non
2993 4580 3255 4658 faceret,
3292 4599 3497 4662 quum
3518 4578 3599 4644 de
3635 4599 3751 4661 spe
3789 4580 3884 4644 810
3925 4599 4126 4644 ausus
4160 4579 4363 4643 fuerit
4400 4578 4641 4661 loqui?

2665 4685 2835 4749 quae
2876 4671 3101 4730 tamen
3141 4673 3210 4731 et
3249 4663 3378 4730 fide
3431 4666 3759 4748 posterior
3809 4672 3936 4742 est,
3992 4674 4062 4729 et
4101 4685 4182 4729 01
4237 4685 4317 4729 00
4367 4684 4645 4748 quoque

2663 4751 2834 4816 sicut
2876 4751 3004 4816 Dei
3044 4750 3376 4816 invocatio
3396 4749 3796 4834 producitur.
3861 4749 4150 4829 Habent,
4194 4750 4427 4834 inquit,
4469 4771 4518 4821 a
4565 4769 4645 4816 se

2662 4837 2828 4919 ipsis
2884 4836 3185 4902 homines
3235 4844 3313 4901 ut
3362 4836 3661 4917 pulsent:
3717 4832 3848 4899 Dei
3904 4843 4125 4902 autem
4182 4845 4296 4902 est·
4339 4837 4640 4918 aperire.

2663 4923 3088 5008 Augustinus
3144 4929 3389 4987 autem:
3429 4921 3479 5004 ¹)
3534 4920 3721 4987 Haec
3764 4929 3866 4986 est
3914 4922 4067 4987 fidei
4115 4922 4392 5000 sanitas,
4450 4941 4644 5005 quae

2662 5029 2782 5073 nos
2827 5026 3018 5072 orare
3058 5008 3240 5083 facit,
3288 5013 3365 5070 ut
3403 5006 3836 5072 exaudiamur
3844 5030 3862 5092 3
3919 5029 4267 5092 quaerere,
4310 5016 4387 5073 ut
4427 5007 4643 5074 inve-

2660 5094 2952 5169 niamus3
2996 5090 3287 5173 pulsare,
3332 5099 3407 5156 ut
3450 5093 3784 5175 aperiatur
3824 5094 4032 5160 nobis.
4124 5093 4375 5160 Contra
4417 5094 4641 5159 istam

4596 5655 4986 6130 il

2796 5365 2857 5432 1)
2894 5364 3014 5421 Lib.
3049 5366 3116 5422 de
3154 5367 3380 5435 perfect.
3416 5366 3669 5422 iustitiae.
