<?xml version="1.0" encoding="UTF-8"?>
<!DOCTYPE html PUBLIC "-//W3C//DTD XHTML 1.0 Transitional//EN"
    "http://www.w3.org/TR/xhtml1/DTD/xhtml1-transitional.dtd">
<html xmlns="http://www.w3.org/1999/xhtml" xml:lang="en" lang="en">
 <head>
  <title>
</title>
<meta http-equiv="Content-Type" content="text/html;charset=utf-8" />
  <meta name='ocr-system' content='tesseract 3.04.00' />
  <meta name='ocr-capabilities' content='ocr_page ocr_carea ocr_par ocr_line ocrx_word'/>
</head>
<body>
  <div class='ocr_page' id='page_1' title='image "./ioanniscalvinio00horsgoog_0211.png"; bbox 0 0 4999 6179; ppageno 0'>
   <div class='ocr_carea' id='block_1_1' title="bbox 380 423 498 485">
    <p class='ocr_par' dir='ltr' id='par_1_1' title="bbox 380 423 498 485">
     <span class='ocr_line' id='line_1_1' title="bbox 380 423 498 485; baseline -0.008 0"><span class='ocrx_word' id='word_1_1' title='bbox 380 423 498 485; x_wconf 77' lang='lat'><strong>345</strong></span> 
     </span>
    </p>
   </div>
   <div class='ocr_carea' id='block_1_2' title="bbox 348 608 2339 3278">
    <p class='ocr_par' dir='ltr' id='par_1_2' title="bbox 348 608 2339 3278">
     <span class='ocr_line' id='line_1_2' title="bbox 380 608 2339 693; baseline 0 -20"><span class='ocrx_word' id='word_1_2' title='bbox 380 609 465 673; x_wconf 87' lang='lat' dir='ltr'><strong>sit</strong></span> <span class='ocrx_word' id='word_1_3' title='bbox 505 608 738 691; x_wconf 85' lang='lat' dir='ltr'><strong>operis.</strong></span> <span class='ocrx_word' id='word_1_4' title='bbox 827 608 1064 692; x_wconf 85' lang='lat' dir='ltr'><strong>Itaque</strong></span> <span class='ocrx_word' id='word_1_5' title='bbox 1104 608 1517 693; x_wconf 85' lang='lat' dir='ltr'><strong>ingeniosam</strong></span> <span class='ocrx_word' id='word_1_6' title='bbox 1559 609 2049 693; x_wconf 75' lang='lat' dir='ltr'><strong>occupationem</strong></span> <span class='ocrx_word' id='word_1_7' title='bbox 2093 608 2339 674; x_wconf 88' lang='lat' dir='ltr'><strong>habere</strong></span> 
     </span>
     <span class='ocr_line' id='line_1_3' title="bbox 378 693 2334 778; baseline -0.001 -18"><span class='ocrx_word' id='word_1_8' title='bbox 378 714 448 760; x_wconf 87' lang='lat' dir='ltr'><strong>se</strong></span> <span class='ocrx_word' id='word_1_9' title='bbox 479 700 689 778; x_wconf 87' lang='lat' dir='ltr'><strong>putat,</strong></span> <span class='ocrx_word' id='word_1_10' title='bbox 728 702 806 759; x_wconf 90' lang='lat' dir='ltr'><strong>ut</strong></span> <span class='ocrx_word' id='word_1_11' title='bbox 840 694 1208 760; x_wconf 90' lang='lat' dir='ltr'><strong>transsilire</strong></span> <span class='ocrx_word' id='word_1_12' title='bbox 1240 693 1522 759; x_wconf 90' lang='lat' dir='ltr'><strong>ulterius</strong></span> <span class='ocrx_word' id='word_1_13' title='bbox 1556 693 1752 761; x_wconf 90' lang='lat' dir='ltr'><strong>liceat</strong></span> <span class='ocrx_word' id='word_1_14' title='bbox 1784 695 2108 761; x_wconf 87' lang='lat' dir='ltr'><strong>inoffenso</strong></span> <span class='ocrx_word' id='word_1_15' title='bbox 2149 693 2334 776; x_wconf 91' lang='lat' dir='ltr'><strong>pede,</strong></span> 
     </span>
     <span class='ocr_line' id='line_1_4' title="bbox 379 778 2336 865; baseline -0.001 -20"><span class='ocrx_word' id='word_1_16' title='bbox 379 779 533 845; x_wconf 89' lang='lat' dir='ltr'><strong>dum</strong></span> <span class='ocrx_word' id='word_1_17' title='bbox 573 780 870 845; x_wconf 88' lang='lat' dir='ltr'><strong>infinitos</strong></span> <span class='ocrx_word' id='word_1_18' title='bbox 911 780 1088 846; x_wconf 90' lang='lat' dir='ltr'><strong>locos</strong></span> <span class='ocrx_word' id='word_1_19' title='bbox 1129 801 1272 846; x_wconf 89' lang='lat' dir='ltr'><strong>esse</strong></span> <span class='ocrx_word' id='word_1_20' title='bbox 1317 779 1493 857; x_wconf 87' lang='lat' dir='ltr'><strong>dicit,</strong></span> <span class='ocrx_word' id='word_1_21' title='bbox 1536 780 1608 845; x_wconf 92' lang='lat' dir='ltr'><strong>in</strong></span> <span class='ocrx_word' id='word_1_22' title='bbox 1642 778 1884 865; x_wconf 89' lang='lat' dir='ltr'><strong>quibus</strong></span> <span class='ocrx_word' id='word_1_23' title='bbox 1925 782 2066 865; x_wconf 89' lang='lat' dir='ltr'><strong>ipse</strong></span> <span class='ocrx_word' id='word_1_24' title='bbox 2110 801 2336 864; x_wconf 91' lang='lat' dir='ltr'><strong>pugno</strong></span> 
     </span>
     <span class='ocr_line' id='line_1_5' title="bbox 375 864 2335 951; baseline -0.001 -20"><span class='ocrx_word' id='word_1_25' title='bbox 375 887 650 932; x_wconf 89' lang='lat' dir='ltr'><strong>mecum.</strong></span> <span class='ocrx_word' id='word_1_26' title='bbox 743 864 1144 949; x_wconf 78' lang='lat' dir='ltr'><strong>Quanquam</strong></span> <span class='ocrx_word' id='word_1_27' title='bbox 1179 886 1266 930; x_wconf 92' lang='lat' dir='ltr'><strong>ne</strong></span> <span class='ocrx_word' id='word_1_28' title='bbox 1307 866 1554 949; x_wconf 89' lang='lat' dir='ltr'><strong>absque</strong></span> <span class='ocrx_word' id='word_1_29' title='bbox 1598 876 1988 951; x_wconf 85' lang='lat' dir='ltr'><strong>argumento</strong></span> <span class='ocrx_word' id='word_1_30' title='bbox 2031 865 2335 933; x_wconf 81' lang='lat' dir='ltr'><strong>videatur</strong></span> 
     </span>
     <span class='ocr_line' id='line_1_6' title="bbox 375 950 2336 1034; baseline -0.001 -16"><span class='ocrx_word' id='word_1_31' title='bbox 375 952 536 1018; x_wconf 81' lang='lat' dir='ltr'><strong>haee</strong></span> <span class='ocrx_word' id='word_1_32' title='bbox 578 950 811 1032; x_wconf 83' lang='lat' dir='ltr'><strong>dicere,</strong></span> <span class='ocrx_word' id='word_1_33' title='bbox 855 974 1067 1017; x_wconf 88' lang='lat' dir='ltr'><strong>unum</strong></span> <span class='ocrx_word' id='word_1_34' title='bbox 1109 974 1267 1018; x_wconf 90' lang='lat' dir='ltr'><strong>mox</strong></span> <span class='ocrx_word' id='word_1_35' title='bbox 1308 952 1587 1034; x_wconf 79' lang='lat' dir='ltr'>profert:</span> <span class='ocrx_word' id='word_1_36' title='bbox 1629 953 1949 1021; x_wconf 84' lang='lat' dir='ltr'><strong>Bifariam</strong></span> <span class='ocrx_word' id='word_1_37' title='bbox 1992 952 2066 1016; x_wconf 92' lang='lat' dir='ltr'><strong>in</strong></span> <span class='ocrx_word' id='word_1_38' title='bbox 2111 952 2336 1017; x_wconf 88' lang='lat' dir='ltr'><strong>electis</strong></span> 
     </span>
     <span class='ocr_line' id='line_1_7' title="bbox 375 1037 2333 1121; baseline -0.002 -17"><span class='ocrx_word' id='word_1_39' title='bbox 375 1039 510 1104; x_wconf 87' lang='lat' dir='ltr'><strong>suis</strong></span> <span class='ocrx_word' id='word_1_40' title='bbox 567 1039 791 1103; x_wconf 90' lang='lat' dir='ltr'><strong>Deum</strong></span> <span class='ocrx_word' id='word_1_41' title='bbox 842 1040 1102 1121; x_wconf 89' lang='lat' dir='ltr'><strong>operari</strong></span> <span class='ocrx_word' id='word_1_42' title='bbox 1158 1037 1331 1118; x_wconf 90' lang='lat' dir='ltr'><strong>dice,</strong></span> <span class='ocrx_word' id='word_1_43' title='bbox 1391 1046 1582 1104; x_wconf 88' lang='lat' dir='ltr'><strong>extra</strong></span> <span class='ocrx_word' id='word_1_44' title='bbox 1631 1059 1751 1121; x_wconf 90' lang='lat' dir='ltr'><strong>per</strong></span> <span class='ocrx_word' id='word_1_45' title='bbox 1795 1037 2068 1103; x_wconf 83' lang='lat' dir='ltr'><strong>verbum</strong></span> <span class='ocrx_word' id='word_1_46' title='bbox 2090 1089 2106 1117; x_wconf 92' lang='lat'><strong>,</strong></span> <span class='ocrx_word' id='word_1_47' title='bbox 2151 1037 2333 1102; x_wconf 90' lang='lat' dir='ltr'><strong>intus</strong></span> 
     </span>
     <span class='ocr_line' id='line_1_8' title="bbox 371 1122 2335 1209; baseline -0.001 -20"><span class='ocrx_word' id='word_1_48' title='bbox 371 1145 489 1209; x_wconf 90' lang='lat' dir='ltr'><strong>per</strong></span> <span class='ocrx_word' id='word_1_49' title='bbox 543 1125 871 1207; x_wconf 88' lang='lat' dir='ltr'><strong>spiritum.</strong></span> <span class='ocrx_word' id='word_1_50' title='bbox 973 1123 1233 1207; x_wconf 82' lang='lat' dir='ltr'>Spiritu</span> <span class='ocrx_word' id='word_1_51' title='bbox 1289 1132 1549 1190; x_wconf 88' lang='lat' dir='ltr'><strong>mentes</strong></span> <span class='ocrx_word' id='word_1_52' title='bbox 1613 1123 2047 1189; x_wconf 88' lang='lat' dir='ltr'><strong>illuminando</strong></span> <span class='ocrx_word' id='word_1_53' title='bbox 2065 1175 2079 1199; x_wconf 90' lang='lat'><strong>,</strong></span> <span class='ocrx_word' id='word_1_54' title='bbox 2136 1122 2335 1189; x_wconf 88' lang='lat' dir='ltr'><strong>eorda</strong></span> 
     </span>
     <span class='ocr_line' id='line_1_9' title="bbox 373 1209 2335 1293; baseline 0 -19"><span class='ocrx_word' id='word_1_55' title='bbox 373 1212 441 1275; x_wconf 93' lang='lat' dir='ltr'><strong>in</strong></span> <span class='ocrx_word' id='word_1_56' title='bbox 499 1209 789 1274; x_wconf 88' lang='lat' dir='ltr'><strong>iustitiae</strong></span> <span class='ocrx_word' id='word_1_57' title='bbox 854 1230 1149 1276; x_wconf 89' lang='lat' dir='ltr'><strong>amorem</strong></span> <span class='ocrx_word' id='word_1_58' title='bbox 1212 1209 1590 1293; x_wconf 90' lang='lat' dir='ltr'><strong>cultumque</strong></span> <span class='ocrx_word' id='word_1_59' title='bbox 1655 1209 2024 1288; x_wconf 80' lang='lat' dir='ltr'><strong>formandO,</strong></span> <span class='ocrx_word' id='word_1_60' title='bbox 2091 1229 2335 1274; x_wconf 82' lang='lat' dir='ltr'><strong>novam</strong></span> 
     </span>
     <span class='ocr_line' id='line_1_10' title="bbox 372 1294 2334 1376; baseline -0.002 -14"><span class='ocrx_word' id='word_1_61' title='bbox 372 1318 483 1362; x_wconf 87' lang='lat' dir='ltr'><strong>eos</strong></span> <span class='ocrx_word' id='word_1_62' title='bbox 528 1304 902 1361; x_wconf 89' lang='lat' dir='ltr'><strong>ereaturam</strong></span> <span class='ocrx_word' id='word_1_63' title='bbox 946 1298 1192 1376; x_wconf 87' lang='lat' dir='ltr'><strong>facere,</strong></span> <span class='ocrx_word' id='word_1_64' title='bbox 1238 1296 1469 1373; x_wconf 85' lang='lat' dir='ltr'><strong>verbo,</strong></span> <span class='ocrx_word' id='word_1_65' title='bbox 1517 1294 1601 1361; x_wconf 90' lang='lat' dir='ltr'><strong>ad</strong></span> <span class='ocrx_word' id='word_1_66' title='bbox 1644 1295 1919 1361; x_wconf 90' lang='lat' dir='ltr'><strong>eandem</strong></span> <span class='ocrx_word' id='word_1_67' title='bbox 1961 1296 2334 1360; x_wconf 84' lang='lat' dir='ltr'><strong>renovatio-</strong></span> 
     </span>
     <span class='ocr_line' id='line_1_11' title="bbox 371 1381 2334 1466; baseline -0.002 -19"><span class='ocrx_word' id='word_1_68' title='bbox 371 1404 526 1448; x_wconf 91' lang='lat' dir='ltr'><strong>nem</strong></span> <span class='ocrx_word' id='word_1_69' title='bbox 575 1381 1046 1466; x_wconf 76' lang='lat' dir='ltr'><strong>expetendam,</strong></span> <span class='ocrx_word' id='word_1_70' title='bbox 1103 1381 1568 1465; x_wconf 78' lang='lat' dir='ltr'><strong>quaerendam,</strong></span> <span class='ocrx_word' id='word_1_71' title='bbox 1637 1381 2111 1464; x_wconf 77' lang='lat' dir='ltr'><strong>assequendam</strong></span> <span class='ocrx_word' id='word_1_72' title='bbox 2157 1382 2334 1446; x_wconf 86' lang='lat' dir='ltr'><strong>exei-</strong></span> 
     </span>
     <span class='ocr_line' id='line_1_12' title="bbox 369 1467 2333 1546; baseline -0.002 -12"><span class='ocrx_word' id='word_1_73' title='bbox 369 1476 531 1534; x_wconf 87' lang='lat' dir='ltr'><strong>tare.</strong></span> <span class='ocrx_word' id='word_1_74' title='bbox 643 1467 776 1533; x_wconf 89' lang='lat' dir='ltr'><strong>Hic</strong></span> <span class='ocrx_word' id='word_1_75' title='bbox 849 1488 956 1533; x_wconf 92' lang='lat' dir='ltr'><strong>me</strong></span> <span class='ocrx_word' id='word_1_76' title='bbox 1020 1468 1366 1534; x_wconf 83' lang='lat' dir='ltr'><strong>evidenter</strong></span> <span class='ocrx_word' id='word_1_77' title='bbox 1435 1467 1600 1531; x_wconf 88' lang='lat' dir='ltr'><strong>mihi</strong></span> <span class='ocrx_word' id='word_1_78' title='bbox 1665 1467 2143 1546; x_wconf 73' lang='lat' dir='ltr'><strong>contradicere,</strong></span> <span class='ocrx_word' id='word_1_79' title='bbox 2206 1468 2333 1532; x_wconf 88' lang='lat' dir='ltr'><strong>isto</strong></span> 
     </span>
     <span class='ocr_line' id='line_1_13' title="bbox 368 1553 2331 1637; baseline -0.003 -17"><span class='ocrx_word' id='word_1_80' title='bbox 368 1553 576 1620; x_wconf 88' lang='lat' dir='ltr'><strong>medo·</strong></span> <span class='ocrx_word' id='word_1_81' title='bbox 621 1553 924 1619; x_wconf 74' lang='lat' dir='ltr'><strong>ostendit.</strong></span> <span class='ocrx_word' id='word_1_82' title='bbox 1014 1555 1158 1619; x_wconf 83' lang='lat' dir='ltr'><strong>Aut</strong></span> <span class='ocrx_word' id='word_1_83' title='bbox 1212 1555 1388 1619; x_wconf 89' lang='lat' dir='ltr'><strong>enim</strong></span> <span class='ocrx_word' id='word_1_84' title='bbox 1435 1555 1709 1637; x_wconf 89' lang='lat' dir='ltr'><strong>spiritus</strong></span> <span class='ocrx_word' id='word_1_85' title='bbox 1753 1554 2036 1633; x_wconf 90' lang='lat' dir='ltr'><strong>actione,</strong></span> <span class='ocrx_word' id='word_1_86' title='bbox 2096 1554 2331 1635; x_wconf 90' lang='lat' dir='ltr'><strong>inquit,</strong></span> 
     </span>
     <span class='ocr_line' id='line_1_14' title="bbox 365 1638 2333 1724; baseline -0.002 -19"><span class='ocrx_word' id='word_1_87' title='bbox 365 1641 553 1724; x_wconf 90' lang='lat' dir='ltr'><strong>prior</strong></span> <span class='ocrx_word' id='word_1_88' title='bbox 617 1648 720 1704; x_wconf 88' lang='lat' dir='ltr'><strong>est</strong></span> <span class='ocrx_word' id='word_1_89' title='bbox 783 1639 970 1705; x_wconf 81' lang='lat' dir='ltr'><strong>verbi</strong></span> <span class='ocrx_word' id='word_1_90' title='bbox 1024 1638 1419 1721; x_wconf 89' lang='lat' dir='ltr'><strong>praedicatio</strong></span> <span class='ocrx_word' id='word_1_91' title='bbox 1436 1690 1450 1715; x_wconf 96' lang='lat'><strong>,</strong></span> <span class='ocrx_word' id='word_1_92' title='bbox 1524 1647 1641 1704; x_wconf 91' lang='lat' dir='ltr'><strong>aut</strong></span> <span class='ocrx_word' id='word_1_93' title='bbox 1699 1640 2035 1722; x_wconf 87' lang='lat' dir='ltr'><strong>posterior.</strong></span> <span class='ocrx_word' id='word_1_94' title='bbox 2125 1639 2333 1721; x_wconf 83' lang='lat' dir='ltr'><strong>Atqui</strong></span> 
     </span>
     <span class='ocr_line' id='line_1_15' title="bbox 367 1724 2335 1807; baseline -0.003 -14"><span class='ocrx_word' id='word_1_95' title='bbox 367 1725 737 1793; x_wconf 87' lang='lat' dir='ltr'><strong>secundum</strong></span> <span class='ocrx_word' id='word_1_96' title='bbox 803 1725 929 1791; x_wconf 89' lang='lat' dir='ltr'><strong>hoe</strong></span> <span class='ocrx_word' id='word_1_97' title='bbox 997 1747 1038 1791; x_wconf 91' lang='lat' dir='ltr'><strong>a</strong></span> <span class='ocrx_word' id='word_1_98' title='bbox 1098 1726 1349 1790; x_wconf 87' lang='lat' dir='ltr'><strong>ratione</strong></span> <span class='ocrx_word' id='word_1_99' title='bbox 1418 1724 1913 1791; x_wconf 78' lang='lat' dir='ltr'><strong>dissentaneum</strong></span> <span class='ocrx_word' id='word_1_100' title='bbox 1978 1733 2108 1790; x_wconf 89' lang='lat' dir='ltr'><strong>est:</strong></span> <span class='ocrx_word' id='word_1_101' title='bbox 2179 1724 2335 1807; x_wconf 90' lang='lat' dir='ltr'><strong>quia</strong></span> 
     </span>
     <span class='ocr_line' id='line_1_16' title="bbox 365 1810 2331 1895; baseline -0.002 -17"><span class='ocrx_word' id='word_1_102' title='bbox 365 1812 621 1878; x_wconf 85' lang='lat' dir='ltr'><strong>frustra</strong></span> <span class='ocrx_word' id='word_1_103' title='bbox 699 1817 1094 1895; x_wconf 87' lang='lat' dir='ltr'><strong>quaererent</strong></span> <span class='ocrx_word' id='word_1_104' title='bbox 1173 1821 1241 1876; x_wconf 91' lang='lat' dir='ltr'><strong>et</strong></span> <span class='ocrx_word' id='word_1_105' title='bbox 1305 1820 1689 1894; x_wconf 86' lang='lat' dir='ltr'><strong>appeterent</strong></span> <span class='ocrx_word' id='word_1_106' title='bbox 1764 1810 2331 1895; x_wconf 83' lang='lat' dir='ltr'><strong>regenerationem</strong></span> 
     </span>
     <span class='ocr_line' id='line_1_17' title="bbox 363 1897 2332 1982; baseline -0.002 -18"><span class='ocrx_word' id='word_1_107' title='bbox 363 1898 619 1978; x_wconf 87' lang='lat' dir='ltr'><strong>fideles,</strong></span> <span class='ocrx_word' id='word_1_108' title='bbox 665 1918 865 1982; x_wconf 90' lang='lat' dir='ltr'><strong>quam</strong></span> <span class='ocrx_word' id='word_1_109' title='bbox 907 1898 1043 1962; x_wconf 89' lang='lat' dir='ltr'><strong>iam</strong></span> <span class='ocrx_word' id='word_1_110' title='bbox 1086 1898 1479 1980; x_wconf 77' lang='lat' dir='ltr'><strong>consequuti</strong></span> <span class='ocrx_word' id='word_1_111' title='bbox 1521 1907 1759 1963; x_wconf 84' lang='lat' dir='ltr'><strong>essent.</strong></span> <span class='ocrx_word' id='word_1_112' title='bbox 1838 1897 2139 1963; x_wconf 84' lang='lat' dir='ltr'><strong>Priorem</strong></span> <span class='ocrx_word' id='word_1_113' title='bbox 2175 1917 2332 1962; x_wconf 82' lang='lat' dir='ltr'><strong>vero</strong></span> 
     </span>
     <span class='ocr_line' id='line_1_18' title="bbox 365 1982 2329 2066; baseline -0.003 -15"><span class='ocrx_word' id='word_1_114' title='bbox 365 2005 535 2065; x_wconf 86' lang='grc'><strong>6886,</strong></span> <span class='ocrx_word' id='word_1_115' title='bbox 582 2005 736 2050; x_wconf 90' lang='lat' dir='ltr'><strong>cum</strong></span> <span class='ocrx_word' id='word_1_116' title='bbox 779 1983 1079 2049; x_wconf 89' lang='lat' dir='ltr'><strong>doctrina</strong></span> <span class='ocrx_word' id='word_1_117' title='bbox 1121 2003 1270 2048; x_wconf 87' lang='lat' dir='ltr'><strong>mea</strong></span> <span class='ocrx_word' id='word_1_118' title='bbox 1312 2003 1445 2047; x_wconf 90' lang='lat' dir='ltr'><strong>non</strong></span> <span class='ocrx_word' id='word_1_119' title='bbox 1502 1984 1841 2050; x_wconf 85' lang='lat' dir='ltr'><strong>convenit:</strong></span> <span class='ocrx_word' id='word_1_120' title='bbox 1902 2004 2071 2066; x_wconf 92' lang='lat' dir='ltr'><strong>quae</strong></span> <span class='ocrx_word' id='word_1_121' title='bbox 2114 1982 2329 2047; x_wconf 89' lang='lat' dir='ltr'><strong>homi-</strong></span> 
     </span>
     <span class='ocr_line' id='line_1_19' title="bbox 364 2066 2331 2153; baseline -0.003 -17"><span class='ocrx_word' id='word_1_122' title='bbox 364 2092 522 2137; x_wconf 89' lang='lat' dir='ltr'><strong>nem</strong></span> <span class='ocrx_word' id='word_1_123' title='bbox 592 2068 717 2136; x_wconf 91' lang='lat' dir='ltr'><strong>sub</strong></span> <span class='ocrx_word' id='word_1_124' title='bbox 780 2076 1059 2135; x_wconf 89' lang='lat' dir='ltr'><strong>naturae</strong></span> <span class='ocrx_word' id='word_1_125' title='bbox 1123 2076 1451 2135; x_wconf 80' lang='lat' dir='ltr'><strong>vetustate</strong></span> <span class='ocrx_word' id='word_1_126' title='bbox 1525 2090 1611 2134; x_wconf 93' lang='lat' dir='ltr'><strong>ne</strong></span> <span class='ocrx_word' id='word_1_127' title='bbox 1688 2079 2000 2153; x_wconf 89' lang='lat' dir='ltr'><strong>appetere</strong></span> <span class='ocrx_word' id='word_1_128' title='bbox 2066 2066 2331 2152; x_wconf 90' lang='lat' dir='ltr'><strong>quidem</strong></span> 
     </span>
     <span class='ocr_line' id='line_1_20' title="bbox 361 2154 2333 2242; baseline -0.002 -19"><span class='ocrx_word' id='word_1_129' title='bbox 361 2178 562 2242; x_wconf 87' lang='lat' dir='ltr'><strong>posse</strong></span> <span class='ocrx_word' id='word_1_130' title='bbox 603 2156 850 2222; x_wconf 90' lang='lat' dir='ltr'><strong>bonum</strong></span> <span class='ocrx_word' id='word_1_131' title='bbox 909 2154 1129 2221; x_wconf 84' lang='lat' dir='ltr'><strong>tradit.</strong></span> <span class='ocrx_word' id='word_1_132' title='bbox 1219 2154 1550 2221; x_wconf 77' lang='lat' dir='ltr'><strong>Subtilem</strong></span> <span class='ocrx_word' id='word_1_133' title='bbox 1595 2164 1770 2220; x_wconf 88' lang='lat' dir='ltr'><strong>certe</strong></span> <span class='ocrx_word' id='word_1_134' title='bbox 1815 2156 2130 2221; x_wconf 82' lang='lat' dir='ltr'><strong>artificem</strong></span> <span class='ocrx_word' id='word_1_135' title='bbox 2149 2206 2165 2233; x_wconf 93' lang='lat'><strong>,</strong></span> <span class='ocrx_word' id='word_1_136' title='bbox 2217 2156 2333 2237; x_wconf 92' lang='lat' dir='ltr'><strong>qui</strong></span> 
     </span>
     <span class='ocr_line' id='line_1_21' title="bbox 360 2241 2335 2325; baseline -0.002 -16"><span class='ocrx_word' id='word_1_137' title='bbox 360 2251 506 2309; x_wconf 88' lang='lat' dir='ltr'><strong>tam</strong></span> <span class='ocrx_word' id='word_1_138' title='bbox 552 2243 721 2309; x_wconf 91' lang='lat' dir='ltr'><strong>bene</strong></span> <span class='ocrx_word' id='word_1_139' title='bbox 765 2243 953 2307; x_wconf 87' lang='lat' dir='ltr'><strong>novit</strong></span> <span class='ocrx_word' id='word_1_140' title='bbox 994 2241 1160 2306; x_wconf 88' lang='lat' dir='ltr'><strong>telas</strong></span> <span class='ocrx_word' id='word_1_141' title='bbox 1220 2262 1611 2307; x_wconf 89' lang='lat' dir='ltr'><strong>aranearum</strong></span> <span class='ocrx_word' id='word_1_142' title='bbox 1656 2252 1898 2307; x_wconf 89' lang='lat' dir='ltr'><strong>texere.</strong></span> <span class='ocrx_word' id='word_1_143' title='bbox 1987 2241 2134 2325; x_wconf 87' lang='lat' dir='ltr'><strong>Ego</strong></span> <span class='ocrx_word' id='word_1_144' title='bbox 2177 2262 2335 2306; x_wconf 80' lang='lat' dir='ltr'><strong>vero</strong></span> 
     </span>
     <span class='ocr_line' id='line_1_22' title="bbox 361 2325 2333 2413; baseline -0.002 -19"><span class='ocrx_word' id='word_1_145' title='bbox 361 2328 754 2413; x_wconf 79' lang='lat' dir='ltr'><strong>respondeO,</strong></span> <span class='ocrx_word' id='word_1_146' title='bbox 796 2325 1103 2394; x_wconf 87' lang='lat' dir='ltr'><strong>fidelibus</strong></span> <span class='ocrx_word' id='word_1_147' title='bbox 1145 2329 1279 2392; x_wconf 89' lang='lat' dir='ltr'><strong>iam</strong></span> <span class='ocrx_word' id='word_1_148' title='bbox 1323 2328 1728 2412; x_wconf 82' lang='lat' dir='ltr'><strong>regeneratis</strong></span> <span class='ocrx_word' id='word_1_149' title='bbox 1771 2326 2140 2411; x_wconf 88' lang='lat' dir='ltr'><strong>praedicari</strong></span> <span class='ocrx_word' id='word_1_150' title='bbox 2185 2347 2333 2392; x_wconf 84' lang='lat' dir='ltr'><strong>ver-</strong></span> 
     </span>
     <span class='ocr_line' id='line_1_23' title="bbox 359 2413 2333 2497; baseline -0.003 -15"><span class='ocrx_word' id='word_1_151' title='bbox 359 2416 545 2495; x_wconf 90' lang='lat' dir='ltr'><strong>bum,</strong></span> <span class='ocrx_word' id='word_1_152' title='bbox 592 2414 789 2497; x_wconf 92' lang='lat' dir='ltr'><strong>idque</strong></span> <span class='ocrx_word' id='word_1_153' title='bbox 835 2413 1221 2492; x_wconf 87' lang='lat' dir='ltr'><strong>efficaciter,</strong></span> <span class='ocrx_word' id='word_1_154' title='bbox 1268 2421 1336 2477; x_wconf 92' lang='lat' dir='ltr'><strong>et</strong></span> <span class='ocrx_word' id='word_1_155' title='bbox 1377 2434 1530 2479; x_wconf 90' lang='lat' dir='ltr'><strong>oum</strong></span> <span class='ocrx_word' id='word_1_156' title='bbox 1571 2414 1820 2480; x_wconf 88' lang='lat' dir='ltr'><strong>fructu:</strong></span> <span class='ocrx_word' id='word_1_157' title='bbox 1857 2435 2015 2478; x_wconf 52' lang='lat' dir='ltr'><strong>*non</strong></span> <span class='ocrx_word' id='word_1_158' title='bbox 2060 2421 2136 2477; x_wconf 93' lang='lat' dir='ltr'><strong>ut</strong></span> <span class='ocrx_word' id='word_1_159' title='bbox 2178 2433 2333 2477; x_wconf 89' lang='lat' dir='ltr'><strong>nas-</strong></span> 
     </span>
     <span class='ocr_line' id='line_1_24' title="bbox 359 2499 2333 2584; baseline -0.001 -17"><span class='ocrx_word' id='word_1_160' title='bbox 359 2510 609 2568; x_wconf 90' lang='lat' dir='ltr'><strong>cantur</strong></span> <span class='ocrx_word' id='word_1_161' title='bbox 650 2520 863 2568; x_wconf 83' lang='lat' dir='ltr'><strong>novae</strong></span> <span class='ocrx_word' id='word_1_162' title='bbox 907 2506 1266 2578; x_wconf 88' lang='lat' dir='ltr'><strong>creaturae,</strong></span> <span class='ocrx_word' id='word_1_163' title='bbox 1310 2500 1424 2565; x_wconf 87' lang='lat' dir='ltr'><strong>sed</strong></span> <span class='ocrx_word' id='word_1_164' title='bbox 1465 2509 1542 2564; x_wconf 91' lang='lat' dir='ltr'><strong>ut</strong></span> <span class='ocrx_word' id='word_1_165' title='bbox 1573 2511 1932 2584; x_wconf 86' lang='lat' dir='ltr'><strong>augescant</strong></span> <span class='ocrx_word' id='word_1_166' title='bbox 1974 2508 2044 2564; x_wconf 92' lang='lat' dir='ltr'><strong>et</strong></span> <span class='ocrx_word' id='word_1_167' title='bbox 2078 2499 2333 2565; x_wconf 90' lang='lat' dir='ltr'><strong>adoles-</strong></span> 
     </span>
     <span class='ocr_line' id='line_1_25' title="bbox 357 2587 2332 2669; baseline -0.002 -16"><span class='ocrx_word' id='word_1_168' title='bbox 357 2600 538 2666; x_wconf 89' lang='lat' dir='ltr'><strong>cant,</strong></span> <span class='ocrx_word' id='word_1_169' title='bbox 586 2588 756 2653; x_wconf 88' lang='lat' dir='ltr'><strong>sieut</strong></span> <span class='ocrx_word' id='word_1_170' title='bbox 800 2607 1094 2653; x_wconf 89' lang='lat' dir='ltr'><strong>crescere</strong></span> <span class='ocrx_word' id='word_1_171' title='bbox 1140 2596 1206 2650; x_wconf 93' lang='lat' dir='ltr'><strong>et</strong></span> <span class='ocrx_word' id='word_1_172' title='bbox 1246 2587 1566 2669; x_wconf 88' lang='lat' dir='ltr'><strong>proficere</strong></span> <span class='ocrx_word' id='word_1_173' title='bbox 1611 2594 1750 2650; x_wconf 91' lang='lat' dir='ltr'><strong>teta</strong></span> <span class='ocrx_word' id='word_1_174' title='bbox 1795 2588 1932 2652; x_wconf 88' lang='lat' dir='ltr'><strong>vita</strong></span> <span class='ocrx_word' id='word_1_175' title='bbox 1975 2607 2097 2651; x_wconf 89' lang='lat' dir='ltr'><strong>nos</strong></span> <span class='ocrx_word' id='word_1_176' title='bbox 2143 2607 2332 2668; x_wconf 89' lang='lat' dir='ltr'><strong>opor-</strong></span> 
     </span>
     <span class='ocr_line' id='line_1_26' title="bbox 354 2671 2330 2757; baseline -0.002 -19"><span class='ocrx_word' id='word_1_177' title='bbox 354 2682 478 2738; x_wconf 89' lang='lat' dir='ltr'><strong>tet.</strong></span> <span class='ocrx_word' id='word_1_178' title='bbox 553 2671 632 2739; x_wconf 78' lang='lat' dir='ltr'><strong>si</strong></span> <span class='ocrx_word' id='word_1_179' title='bbox 677 2671 761 2737; x_wconf 90' lang='lat' dir='ltr'><strong>ad</strong></span> <span class='ocrx_word' id='word_1_180' title='bbox 805 2693 1131 2738; x_wconf 88' lang='lat' dir='ltr'><strong>summam</strong></span> <span class='ocrx_word' id='word_1_181' title='bbox 1179 2672 1644 2754; x_wconf 84' lang='lat' dir='ltr'><strong>perfectionem</strong></span> <span class='ocrx_word' id='word_1_182' title='bbox 1677 2672 1891 2755; x_wconf 90' lang='lat' dir='ltr'><strong>primo</strong></span> <span class='ocrx_word' id='word_1_183' title='bbox 1927 2672 2138 2757; x_wconf 87' lang='lat' dir='ltr'><strong>gradu</strong></span> <span class='ocrx_word' id='word_1_184' title='bbox 2183 2692 2330 2755; x_wconf 91' lang='lat' dir='ltr'><strong>per-</strong></span> 
     </span>
     <span class='ocr_line' id='line_1_27' title="bbox 354 2757 2330 2842; baseline -0.002 -17"><span class='ocrx_word' id='word_1_185' title='bbox 354 2761 726 2839; x_wconf 79' lang='lat' dir='ltr'><strong>veniretur,</strong></span> <span class='ocrx_word' id='word_1_186' title='bbox 772 2759 1021 2824; x_wconf 87' lang='lat' dir='ltr'><strong>frustra</strong></span> <span class='ocrx_word' id='word_1_187' title='bbox 1062 2757 1328 2841; x_wconf 90' lang='lat' dir='ltr'><strong>quidem</strong></span> <span class='ocrx_word' id='word_1_188' title='bbox 1366 2758 1771 2837; x_wconf 89' lang='lat' dir='ltr'><strong>docerentur,</strong></span> <span class='ocrx_word' id='word_1_189' title='bbox 1819 2761 1932 2842; x_wconf 91' lang='lat' dir='ltr'><strong>qui</strong></span> <span class='ocrx_word' id='word_1_190' title='bbox 1969 2758 2172 2824; x_wconf 90' lang='lat' dir='ltr'><strong>semel</strong></span> <span class='ocrx_word' id='word_1_191' title='bbox 2214 2779 2330 2822; x_wconf 88' lang='lat' dir='ltr'><strong>au-</strong></span> 
     </span>
     <span class='ocr_line' id='line_1_28' title="bbox 354 2843 2331 2929; baseline -0.001 -18"><span class='ocrx_word' id='word_1_192' title='bbox 354 2845 653 2912; x_wconf 88' lang='lat' dir='ltr'><strong>dierunt.</strong></span> <span class='ocrx_word' id='word_1_193' title='bbox 745 2844 881 2910; x_wconf 80' lang='lat' dir='ltr'><strong>Sed</strong></span> <span class='ocrx_word' id='word_1_194' title='bbox 925 2865 1046 2910; x_wconf 88' lang='lat' dir='ltr'><strong>nos</strong></span> <span class='ocrx_word' id='word_1_195' title='bbox 1101 2843 1283 2909; x_wconf 86' lang='lat' dir='ltr'><strong>aliud</strong></span> <span class='ocrx_word' id='word_1_196' title='bbox 1338 2844 1734 2928; x_wconf 90' lang='lat' dir='ltr'><strong>experimur.</strong></span> <span class='ocrx_word' id='word_1_197' title='bbox 1825 2845 1970 2910; x_wconf 90' lang='lat' dir='ltr'><strong>Iam</strong></span> <span class='ocrx_word' id='word_1_198' title='bbox 2014 2866 2171 2929; x_wconf 86' lang='lat' dir='ltr'><strong>ergo</strong></span> <span class='ocrx_word' id='word_1_199' title='bbox 2217 2844 2331 2910; x_wconf 91' lang='lat' dir='ltr'><strong>ab-</strong></span> 
     </span>
     <span class='ocr_line' id='line_1_29' title="bbox 351 2931 2329 3015; baseline -0.001 -19"><span class='ocrx_word' id='word_1_200' title='bbox 351 2940 565 3015; x_wconf 86' lang='lat' dir='ltr'><strong>rupta</strong></span> <span class='ocrx_word' id='word_1_201' title='bbox 610 2938 713 2996; x_wconf 90' lang='lat' dir='ltr'><strong>est</strong></span> <span class='ocrx_word' id='word_1_202' title='bbox 753 2951 910 3014; x_wconf 85' lang='lat' dir='ltr'><strong>pars</strong></span> <span class='ocrx_word' id='word_1_203' title='bbox 954 2951 1093 2995; x_wconf 88' lang='lat' dir='ltr'><strong>una</strong></span> <span class='ocrx_word' id='word_1_204' title='bbox 1136 2937 1462 2997; x_wconf 77' lang='lat' dir='ltr'><strong>texturae.</strong></span> <span class='ocrx_word' id='word_1_205' title='bbox 1562 2932 1658 2996; x_wconf 83' lang='lat' dir='ltr'><strong>At</strong></span> <span class='ocrx_word' id='word_1_206' title='bbox 1700 2932 1828 2997; x_wconf 89' lang='lat' dir='ltr'><strong>nisi</strong></span> <span class='ocrx_word' id='word_1_207' title='bbox 1871 2932 2249 3008; x_wconf 88' lang='lat' dir='ltr'><strong>mentimur,</strong></span> <span class='ocrx_word' id='word_1_208' title='bbox 2280 2931 2329 3014; x_wconf 92' lang='lat'><strong>¹)</strong></span> 
     </span>
     <span class='ocr_line' id='line_1_30' title="bbox 350 3015 2332 3103; baseline -0.002 -20"><span class='ocrx_word' id='word_1_209' title='bbox 350 3028 514 3083; x_wconf 87' lang='lat' dir='ltr'><strong>ante</strong></span> <span class='ocrx_word' id='word_1_210' title='bbox 571 3016 1146 3103; x_wconf 80' lang='lat' dir='ltr'><strong>regenerationem</strong></span> <span class='ocrx_word' id='word_1_211' title='bbox 1213 3019 1413 3083; x_wconf 83' lang='lat' dir='ltr'><strong>verbo</strong></span> <span class='ocrx_word' id='word_1_212' title='bbox 1474 3019 1752 3084; x_wconf 90' lang='lat' dir='ltr'><strong>excitari</strong></span> <span class='ocrx_word' id='word_1_213' title='bbox 1826 3038 2020 3084; x_wconf 90' lang='lat' dir='ltr'><strong>nemo</strong></span> <span class='ocrx_word' id='word_1_214' title='bbox 2084 3015 2332 3101; x_wconf 90' lang='lat' dir='ltr'><strong>poterit</strong></span> 
     </span>
     <span class='ocr_line' id='line_1_31' title="bbox 352 3102 2330 3188; baseline -0.002 -17"><span class='ocrx_word' id='word_1_215' title='bbox 352 3105 439 3171; x_wconf 85' lang='lat' dir='ltr'><strong>ad</strong></span> <span class='ocrx_word' id='word_1_216' title='bbox 485 3102 937 3188; x_wconf 86' lang='lat' dir='ltr'><strong>expetendum</strong></span> <span class='ocrx_word' id='word_1_217' title='bbox 981 3103 1113 3169; x_wconf 86' lang='lat' dir='ltr'><strong>Dei</strong></span> <span class='ocrx_word' id='word_1_218' title='bbox 1163 3104 1490 3188; x_wconf 88' lang='lat' dir='ltr'><strong>spiritum.</strong></span> <span class='ocrx_word' id='word_1_219' title='bbox 1589 3104 1834 3171; x_wconf 85' lang='lat' dir='ltr'><strong>Merito</strong></span> <span class='ocrx_word' id='word_1_220' title='bbox 1887 3103 2127 3170; x_wconf 89' lang='lat' dir='ltr'><strong>alicubi</strong></span> <span class='ocrx_word' id='word_1_221' title='bbox 2187 3104 2330 3168; x_wconf 83' lang='lat' dir='ltr'><strong>Au·</strong></span> 
     </span>
     <span class='ocr_line' id='line_1_32' title="bbox 348 3188 2330 3278; baseline -0.002 -21"><span class='ocrx_word' id='word_1_222' title='bbox 348 3192 680 3278; x_wconf 83' lang='lat' dir='ltr'><strong>guatinus</strong></span> <span class='ocrx_word' id='word_1_223' title='bbox 740 3188 1036 3256; x_wconf 87' lang='lat' dir='ltr'><strong>scholam</strong></span> <span class='ocrx_word' id='word_1_224' title='bbox 1091 3188 1266 3256; x_wconf 91' lang='lat' dir='ltr'><strong>hane</strong></span> <span class='ocrx_word' id='word_1_225' title='bbox 1322 3191 1553 3272; x_wconf 90' lang='lat' dir='ltr'><strong>procul</strong></span> <span class='ocrx_word' id='word_1_226' title='bbox 1611 3211 1651 3255; x_wconf 86' lang='lat' dir='ltr'><strong>a</strong></span> <span class='ocrx_word' id='word_1_227' title='bbox 1708 3212 1908 3256; x_wconf 90' lang='lat' dir='ltr'><strong>sensu</strong></span> <span class='ocrx_word' id='word_1_228' title='bbox 1953 3190 2171 3256; x_wconf 89' lang='lat' dir='ltr'><strong>carnis</strong></span> <span class='ocrx_word' id='word_1_229' title='bbox 2224 3210 2330 3253; x_wconf 90' lang='lat' dir='ltr'><strong>re-</strong></span> 
     </span>
    </p>
   </div>
   <div class='ocr_carea' id='block_1_3' title="bbox 349 3273 2394 3359">
    <p class='ocr_par' dir='ltr' id='par_1_3' title="bbox 349 3273 2394 3359">
     <span class='ocr_line' id='line_1_33' title="bbox 349 3273 2394 3359; baseline 0 -16"><span class='ocrx_word' id='word_1_230' title='bbox 349 3287 618 3343; x_wconf 86' lang='lat' dir='ltr'><strong>motam</strong></span> <span class='ocrx_word' id='word_1_231' title='bbox 660 3297 804 3343; x_wconf 87' lang='lat' dir='ltr'><strong>esse</strong></span> <span class='ocrx_word' id='word_1_232' title='bbox 848 3274 1176 3341; x_wconf 88' lang='lat' dir='ltr'><strong>admonet.</strong></span> <span class='ocrx_word' id='word_1_233' title='bbox 1245 3273 1646 3359; x_wconf 81' lang='lat' dir='ltr'><strong>Quanquam</strong></span> <span class='ocrx_word' id='word_1_234' title='bbox 1685 3287 2012 3359; x_wconf 91' lang='lat' dir='ltr'><strong>utcunque</strong></span> <span class='ocrx_word' id='word_1_235' title='bbox 2054 3295 2330 3359; x_wconf 87' lang='lat' dir='ltr'><strong>persua·</strong></span> <span class='ocrx_word' id='word_1_236' title='bbox 2389 3339 2394 3343; x_wconf 88' lang='lat'><strong>.</strong></span> 
     </span>
    </p>
   </div>
   <div class='ocr_carea' id='block_1_4' title="bbox 329 3361 2332 5177">
    <p class='ocr_par' dir='ltr' id='par_1_4' title="bbox 329 3361 2332 5177">
     <span class='ocr_line' id='line_1_34' title="bbox 349 3361 2328 3445; baseline -0.003 -15"><span class='ocrx_word' id='word_1_237' title='bbox 349 3363 501 3430; x_wconf 89' lang='lat' dir='ltr'><strong>deri</strong></span> <span class='ocrx_word' id='word_1_238' title='bbox 545 3369 701 3443; x_wconf 78' lang='lat' dir='ltr'><strong>[pag.</strong></span> <span class='ocrx_word' id='word_1_239' title='bbox 747 3366 895 3441; x_wconf 79' lang='lat'>157]</span> <span class='ocrx_word' id='word_1_240' title='bbox 945 3372 1278 3445; x_wconf 83' lang='lat' dir='ltr'><strong>nequeant</strong></span> <span class='ocrx_word' id='word_1_241' title='bbox 1318 3361 1652 3440; x_wconf 91' lang='lat' dir='ltr'><strong>homines,</strong></span> <span class='ocrx_word' id='word_1_242' title='bbox 1709 3362 1929 3428; x_wconf 88' lang='lat' dir='ltr'><strong>stultis</strong></span> <span class='ocrx_word' id='word_1_243' title='bbox 1971 3363 2109 3426; x_wconf 91' lang='lat' dir='ltr'><strong>suis</strong></span> <span class='ocrx_word' id='word_1_244' title='bbox 2153 3361 2328 3443; x_wconf 90' lang='lat' dir='ltr'><strong>cogi-</strong></span> 
     </span>
     <span class='ocr_line' id='line_1_35' title="bbox 350 3447 2328 3529; baseline -0.004 -12"><span class='ocrx_word' id='word_1_245' title='bbox 350 3450 733 3517; x_wconf 83' lang='lat' dir='ltr'><strong>tationibus</strong></span> <span class='ocrx_word' id='word_1_246' title='bbox 775 3447 1103 3526; x_wconf 90' lang='lat' dir='ltr'><strong>inebriati,</strong></span> <span class='ocrx_word' id='word_1_247' title='bbox 1148 3448 1452 3515; x_wconf 83' lang='lat' dir='ltr'><strong>convinci</strong></span> <span class='ocrx_word' id='word_1_248' title='bbox 1495 3456 1722 3513; x_wconf 89' lang='lat' dir='ltr'><strong>tamen</strong></span> <span class='ocrx_word' id='word_1_249' title='bbox 1766 3455 2046 3529; x_wconf 89' lang='lat' dir='ltr'><strong>possunt</strong></span> <span class='ocrx_word' id='word_1_250' title='bbox 2061 3499 2077 3525; x_wconf 94' lang='lat'><strong>,</strong></span> <span class='ocrx_word' id='word_1_251' title='bbox 2124 3456 2201 3511; x_wconf 92' lang='lat' dir='ltr'><strong>ut</strong></span> <span class='ocrx_word' id='word_1_252' title='bbox 2245 3468 2328 3511; x_wconf 96' lang='lat' dir='ltr'><strong>ne</strong></span> 
     </span>
     <span class='ocr_line' id='line_1_36' title="bbox 349 3532 2329 3621; baseline -0.003 -19"><span class='ocrx_word' id='word_1_253' title='bbox 349 3536 655 3621; x_wconf 87' lang='lat' dir='ltr'><strong>amplius</strong></span> <span class='ocrx_word' id='word_1_254' title='bbox 698 3536 845 3600; x_wconf 92' lang='lat' dir='ltr'><strong>Deo</strong></span> <span class='ocrx_word' id='word_1_255' title='bbox 889 3535 1343 3617; x_wconf 84' lang='lat' dir='ltr'><strong>obloquantur.</strong></span> <span class='ocrx_word' id='word_1_256' title='bbox 1433 3533 1802 3616; x_wconf 88' lang='lat' dir='ltr'><strong>Principi0,</strong></span> <span class='ocrx_word' id='word_1_257' title='bbox 1847 3532 2137 3598; x_wconf 90' lang='lat' dir='ltr'><strong>Paulum</strong></span> <span class='ocrx_word' id='word_1_258' title='bbox 2180 3552 2329 3597; x_wconf 91' lang='lat' dir='ltr'><strong>meo</strong></span> 
     </span>
     <span class='ocr_line' id='line_1_37' title="bbox 344 3618 2329 3705; baseline -0.003 -18"><span class='ocrx_word' id='word_1_259' title='bbox 344 3622 497 3690; x_wconf 91' lang='lat' dir='ltr'><strong>loco</strong></span> <span class='ocrx_word' id='word_1_260' title='bbox 546 3622 980 3700; x_wconf 89' lang='lat' dir='ltr'><strong>substituam,</strong></span> <span class='ocrx_word' id='word_1_261' title='bbox 1034 3621 1148 3705; x_wconf 90' lang='lat' dir='ltr'><strong>qui</strong></span> <span class='ocrx_word' id='word_1_262' title='bbox 1191 3619 1273 3685; x_wconf 87' lang='lat' dir='ltr'><strong>ad</strong></span> <span class='ocrx_word' id='word_1_263' title='bbox 1318 3618 1728 3703; x_wconf 88' lang='lat' dir='ltr'><strong>repellendos</strong></span> <span class='ocrx_word' id='word_1_264' title='bbox 1773 3618 2000 3703; x_wconf 85' lang='lat' dir='ltr'><strong>Pighii</strong></span> <span class='ocrx_word' id='word_1_265' title='bbox 2043 3618 2329 3684; x_wconf 91' lang='lat' dir='ltr'><strong>insultus</strong></span> 
     </span>
     <span class='ocr_line' id='line_1_38' title="bbox 343 3704 2329 3775; baseline -0.003 0"><span class='ocrx_word' id='word_1_266' title='bbox 343 3711 596 3775; x_wconf 86' lang='lat' dir='ltr'><strong>fortior</strong></span> <span class='ocrx_word' id='word_1_267' title='bbox 640 3709 772 3773; x_wconf 90' lang='lat' dir='ltr'><strong>erit</strong></span> <span class='ocrx_word' id='word_1_268' title='bbox 812 3715 882 3772; x_wconf 91' lang='lat' dir='ltr'><strong>et</strong></span> <span class='ocrx_word' id='word_1_269' title='bbox 922 3706 1320 3772; x_wconf 86' lang='lat' dir='ltr'><strong>instructior.</strong></span> <span class='ocrx_word' id='word_1_270' title='bbox 1389 3705 1462 3772; x_wconf 96' lang='lat' dir='ltr'><strong>Is</strong></span> <span class='ocrx_word' id='word_1_271' title='bbox 1505 3705 1686 3770; x_wconf 88' lang='lat' dir='ltr'><strong>enim</strong></span> <span class='ocrx_word' id='word_1_272' title='bbox 1729 3706 1929 3770; x_wconf 87' lang='lat' dir='ltr'><strong>fidem</strong></span> <span class='ocrx_word' id='word_1_273' title='bbox 1964 3704 2152 3770; x_wconf 89' lang='lat' dir='ltr'><strong>docet</strong></span> <span class='ocrx_word' id='word_1_274' title='bbox 2185 3723 2329 3769; x_wconf 91' lang='lat' dir='ltr'><strong>esse</strong></span> 
     </span>
     <span class='ocr_line' id='line_1_39' title="bbox 339 3791 2331 3873; baseline -0.005 -10"><span class='ocrx_word' id='word_1_275' title='bbox 339 3819 430 3862; x_wconf 86' lang='lat' dir='ltr'><strong>ex</strong></span> <span class='ocrx_word' id='word_1_276' title='bbox 480 3793 761 3873; x_wconf 85' lang='lat' dir='ltr'><strong>auditu;</strong></span> <span class='ocrx_word' id='word_1_277' title='bbox 816 3801 884 3859; x_wconf 90' lang='lat' dir='ltr'><strong>et</strong></span> <span class='ocrx_word' id='word_1_278' title='bbox 921 3794 1229 3858; x_wconf 91' lang='lat' dir='ltr'><strong>continuo</strong></span> <span class='ocrx_word' id='word_1_279' title='bbox 1275 3800 1496 3857; x_wconf 90' lang='lat' dir='ltr'><strong>tamen</strong></span> <span class='ocrx_word' id='word_1_280' title='bbox 1538 3791 1831 3870; x_wconf 90' lang='lat' dir='ltr'><strong>subiicit,</strong></span> <span class='ocrx_word' id='word_1_281' title='bbox 1887 3812 2024 3855; x_wconf 93' lang='lat' dir='ltr'><strong>non</strong></span> <span class='ocrx_word' id='word_1_282' title='bbox 2068 3791 2203 3855; x_wconf 90' lang='lat' dir='ltr'><strong>nisi</strong></span> <span class='ocrx_word' id='word_1_283' title='bbox 2246 3812 2331 3854; x_wconf 88' lang='lat' dir='ltr'><strong>ex</strong></span> 
     </span>
     <span class='ocr_line' id='line_1_40' title="bbox 340 3877 2326 3961; baseline -0.005 -12"><span class='ocrx_word' id='word_1_284' title='bbox 340 3903 605 3949; x_wconf 87' lang='lat' dir='ltr'><strong>arcana</strong></span> <span class='ocrx_word' id='word_1_285' title='bbox 643 3878 899 3946; x_wconf 89' lang='lat' dir='ltr'><strong>brachii</strong></span> <span class='ocrx_word' id='word_1_286' title='bbox 925 3877 1059 3943; x_wconf 90' lang='lat' dir='ltr'><strong>Dei</strong></span> <span class='ocrx_word' id='word_1_287' title='bbox 1102 3878 1502 3945; x_wconf 81' lang='lat' dir='ltr'><strong>revelatione</strong></span> <span class='ocrx_word' id='word_1_288' title='bbox 1547 3877 1777 3943; x_wconf 89' lang='lat' dir='ltr'><strong>haberi</strong></span> <span class='ocrx_word' id='word_1_289' title='bbox 1821 3877 2043 3961; x_wconf 89' lang='lat' dir='ltr'><strong>(Rom.</strong></span> <span class='ocrx_word' id='word_1_290' title='bbox 2092 3882 2187 3954; x_wconf 87' lang='lat'><strong>10,</strong></span> <span class='ocrx_word' id='word_1_291' title='bbox 2231 3880 2326 3940; x_wconf 81' lang='grc'><strong>16.</strong></span> 
     </span>
     <span class='ocr_line' id='line_1_41' title="bbox 347 3961 2329 4054; baseline -0.004 -21"><span class='ocrx_word' id='word_1_292' title='bbox 347 3973 485 4054; x_wconf 85' lang='grc'><strong>17).</strong></span> <span class='ocrx_word' id='word_1_293' title='bbox 590 3965 836 4044; x_wconf 83' lang='lat' dir='ltr'><strong>Audis,</strong></span> <span class='ocrx_word' id='word_1_294' title='bbox 892 3964 1233 4032; x_wconf 88' lang='lat' dir='ltr'><strong>hominem</strong></span> <span class='ocrx_word' id='word_1_295' title='bbox 1279 3984 1364 4027; x_wconf 85' lang='lat' dir='ltr'><strong>ex</strong></span> <span class='ocrx_word' id='word_1_296' title='bbox 1416 3962 1785 4040; x_wconf 87' lang='lat' dir='ltr'><strong>incredulo,</strong></span> <span class='ocrx_word' id='word_1_297' title='bbox 1841 3961 2023 4028; x_wconf 83' lang='lat' dir='ltr'><strong>verbi</strong></span> <span class='ocrx_word' id='word_1_298' title='bbox 2067 3962 2329 4046; x_wconf 87' lang='lat' dir='ltr'><strong>praedi·</strong></span> 
     </span>
     <span class='ocr_line' id='line_1_42' title="bbox 339 4048 2329 4132; baseline -0.005 -10"><span class='ocrx_word' id='word_1_299' title='bbox 339 4058 639 4132; x_wconf 81' lang='lat' dir='ltr'><strong>catione,</strong></span> <span class='ocrx_word' id='word_1_300' title='bbox 674 4051 936 4117; x_wconf 91' lang='lat' dir='ltr'><strong>fidelem</strong></span> <span class='ocrx_word' id='word_1_301' title='bbox 976 4051 1121 4115; x_wconf 91' lang='lat' dir='ltr'><strong>fieri</strong></span> <span class='ocrx_word' id='word_1_302' title='bbox 1131 4073 1148 4130; x_wconf 90' lang='lat'>;</span> <span class='ocrx_word' id='word_1_303' title='bbox 1192 4048 1382 4115; x_wconf 89' lang='lat' dir='ltr'><strong>audis</strong></span> <span class='ocrx_word' id='word_1_304' title='bbox 1416 4070 1701 4127; x_wconf 90' lang='lat' dir='ltr'><strong>rursum,</strong></span> <span class='ocrx_word' id='word_1_305' title='bbox 1740 4048 2155 4114; x_wconf 88' lang='lat' dir='ltr'><strong>incredulum</strong></span> <span class='ocrx_word' id='word_1_306' title='bbox 2188 4070 2329 4113; x_wconf 89' lang='lat' dir='ltr'><strong>ma-</strong></span> 
     </span>
     <span class='ocr_line' id='line_1_43' title="bbox 337 4133 2331 4220; baseline -0.005 -12"><span class='ocrx_word' id='word_1_307' title='bbox 337 4163 544 4220; x_wconf 86' lang='lat' dir='ltr'><strong>nere,</strong></span> <span class='ocrx_word' id='word_1_308' title='bbox 609 4138 818 4204; x_wconf 91' lang='lat' dir='ltr'><strong>donec</strong></span> <span class='ocrx_word' id='word_1_309' title='bbox 869 4137 1000 4203; x_wconf 91' lang='lat' dir='ltr'><strong>Dei</strong></span> <span class='ocrx_word' id='word_1_310' title='bbox 1053 4137 1291 4219; x_wconf 90' lang='lat' dir='ltr'><strong>spiritu</strong></span> <span class='ocrx_word' id='word_1_311' title='bbox 1357 4135 1559 4201; x_wconf 85' lang='lat' dir='ltr'><strong>fuerit</strong></span> <span class='ocrx_word' id='word_1_312' title='bbox 1622 4135 2053 4218; x_wconf 83' lang='lat' dir='ltr'><strong>illuminatus.</strong></span> <span class='ocrx_word' id='word_1_313' title='bbox 2143 4133 2331 4199; x_wconf 91' lang='lat' dir='ltr'><strong>Haec</strong></span> 
     </span>
     <span class='ocr_line' id='line_1_44' title="bbox 339 4222 2329 4307; baseline -0.005 -13"><span class='ocrx_word' id='word_1_314' title='bbox 339 4229 479 4294; x_wconf 90' lang='lat' dir='ltr'><strong>duo</strong></span> <span class='ocrx_word' id='word_1_315' title='bbox 554 4227 620 4293; x_wconf 86' lang='lat' dir='ltr'><strong>si</strong></span> <span class='ocrx_word' id='word_1_316' title='bbox 684 4223 843 4307; x_wconf 91' lang='lat' dir='ltr'><strong>quid</strong></span> <span class='ocrx_word' id='word_1_317' title='bbox 907 4222 1220 4289; x_wconf 85' lang='lat' dir='ltr'><strong>videntur</strong></span> <span class='ocrx_word' id='word_1_318' title='bbox 1292 4222 1539 4289; x_wconf 89' lang='lat' dir='ltr'><strong>habere</strong></span> <span class='ocrx_word' id='word_1_319' title='bbox 1617 4223 2127 4306; x_wconf 82' lang='lat' dir='ltr'><strong>repugnantiae,</strong></span> <span class='ocrx_word' id='word_1_320' title='bbox 2197 4240 2329 4285; x_wconf 92' lang='lat' dir='ltr'><strong>uno</strong></span> 
     </span>
     <span class='ocr_line' id='line_1_45' title="bbox 337 4306 2327 4381; baseline -0.006 0"><span class='ocrx_word' id='word_1_321' title='bbox 337 4313 567 4381; x_wconf 81' lang='lat' dir='ltr'><strong>verbo</strong></span> <span class='ocrx_word' id='word_1_322' title='bbox 616 4311 796 4376; x_wconf 89' lang='lat' dir='ltr'><strong>inter</strong></span> <span class='ocrx_word' id='word_1_323' title='bbox 840 4330 912 4375; x_wconf 89' lang='lat' dir='ltr'><strong>se</strong></span> <span class='ocrx_word' id='word_1_324' title='bbox 954 4310 1263 4376; x_wconf 89' lang='lat' dir='ltr'><strong>conciliat</strong></span> <span class='ocrx_word' id='word_1_325' title='bbox 1304 4308 1591 4374; x_wconf 81' lang='lat' dir='ltr'><strong>Paulus:</strong></span> <span class='ocrx_word' id='word_1_326' title='bbox 1652 4308 1810 4373; x_wconf 91' lang='lat' dir='ltr'><strong>dum</strong></span> <span class='ocrx_word' id='word_1_327' title='bbox 1856 4307 1980 4372; x_wconf 91' lang='lat' dir='ltr'><strong>sibi</strong></span> <span class='ocrx_word' id='word_1_328' title='bbox 2023 4306 2327 4373; x_wconf 91' lang='lat' dir='ltr'><strong>commis-</strong></span> 
     </span>
     <span class='ocr_line' id='line_1_46' title="bbox 335 4391 2329 4479; baseline -0.007 -12"><span class='ocrx_word' id='word_1_329' title='bbox 335 4423 500 4467; x_wconf 88' lang='lat' dir='ltr'><strong>sum</strong></span> <span class='ocrx_word' id='word_1_330' title='bbox 541 4418 697 4463; x_wconf 87' lang='lat' dir='ltr'><strong>esse</strong></span> <span class='ocrx_word' id='word_1_331' title='bbox 732 4395 1007 4479; x_wconf 89' lang='lat' dir='ltr'><strong>spiritus</strong></span> <span class='ocrx_word' id='word_1_332' title='bbox 1041 4394 1484 4460; x_wconf 89' lang='lat' dir='ltr'><strong>ministerium</strong></span> <span class='ocrx_word' id='word_1_333' title='bbox 1522 4394 1860 4478; x_wconf 90' lang='lat' dir='ltr'><strong>gloriatur,</strong></span> <span class='ocrx_word' id='word_1_334' title='bbox 1898 4401 1965 4458; x_wconf 91' lang='lat' dir='ltr'><strong>et</strong></span> <span class='ocrx_word' id='word_1_335' title='bbox 2008 4391 2166 4476; x_wconf 91' lang='lat' dir='ltr'><strong>quid</strong></span> <span class='ocrx_word' id='word_1_336' title='bbox 2205 4391 2329 4457; x_wconf 89' lang='lat' dir='ltr'><strong>sibi</strong></span> 
     </span>
     <span class='ocr_line' id='line_1_47' title="bbox 335 4477 2331 4565; baseline -0.006 -13"><span class='ocrx_word' id='word_1_337' title='bbox 335 4487 472 4554; x_wconf 90' lang='lat' dir='ltr'><strong>hoe</strong></span> <span class='ocrx_word' id='word_1_338' title='bbox 521 4483 715 4562; x_wconf 79' lang='lat' dir='ltr'><strong>velit,</strong></span> <span class='ocrx_word' id='word_1_339' title='bbox 762 4481 1078 4547; x_wconf 87' lang='lat' dir='ltr'><strong>declarat:</strong></span> <span class='ocrx_word' id='word_1_340' title='bbox 1124 4502 1365 4564; x_wconf 89' lang='lat' dir='ltr'><strong>nempe</strong></span> <span class='ocrx_word' id='word_1_341' title='bbox 1408 4478 1583 4565; x_wconf 91' lang='lat' dir='ltr'><strong>quod</strong></span> <span class='ocrx_word' id='word_1_342' title='bbox 1615 4479 1968 4546; x_wconf 86' lang='lat' dir='ltr'><strong>efficaciter</strong></span> <span class='ocrx_word' id='word_1_343' title='bbox 2001 4477 2331 4559; x_wconf 88' lang='lat' dir='ltr'><strong>insculpat</strong></span> 
     </span>
     <span class='ocr_line' id='line_1_48' title="bbox 331 4563 2329 4651; baseline -0.007 -11"><span class='ocrx_word' id='word_1_344' title='bbox 331 4575 544 4640; x_wconf 89' lang='lat' dir='ltr'><strong>Deus</strong></span> <span class='ocrx_word' id='word_1_345' title='bbox 595 4569 944 4635; x_wconf 88' lang='lat' dir='ltr'><strong>hominum</strong></span> <span class='ocrx_word' id='word_1_346' title='bbox 988 4565 1294 4633; x_wconf 87' lang='lat' dir='ltr'><strong>cordibus</strong></span> <span class='ocrx_word' id='word_1_347' title='bbox 1336 4589 1456 4651; x_wconf 89' lang='lat' dir='ltr'><strong>per</strong></span> <span class='ocrx_word' id='word_1_348' title='bbox 1500 4568 1828 4651; x_wconf 89' lang='lat' dir='ltr'><strong>spiritum,</strong></span> <span class='ocrx_word' id='word_1_349' title='bbox 1873 4563 2048 4648; x_wconf 91' lang='lat' dir='ltr'><strong>quod</strong></span> <span class='ocrx_word' id='word_1_350' title='bbox 2090 4584 2212 4649; x_wconf 90' lang='lat' dir='ltr'><strong>per</strong></span> <span class='ocrx_word' id='word_1_351' title='bbox 2255 4583 2329 4628; x_wconf 92' lang='lat' dir='ltr'><strong>os</strong></span> 
     </span>
     <span class='ocr_line' id='line_1_49' title="bbox 335 4650 2328 4737; baseline -0.007 -11"><span class='ocrx_word' id='word_1_352' title='bbox 335 4660 494 4726; x_wconf 88' lang='lat' dir='ltr'><strong>eius</strong></span> <span class='ocrx_word' id='word_1_353' title='bbox 509 4709 529 4737; x_wconf 90' lang='lat'><strong>,</strong></span> <span class='ocrx_word' id='word_1_354' title='bbox 584 4676 729 4721; x_wconf 90' lang='lat' dir='ltr'><strong>non</strong></span> <span class='ocrx_word' id='word_1_355' title='bbox 771 4662 954 4732; x_wconf 87' lang='lat' dir='ltr'><strong>ante,</strong></span> <span class='ocrx_word' id='word_1_356' title='bbox 1001 4674 1123 4720; x_wconf 92' lang='lat' dir='ltr'><strong>nec</strong></span> <span class='ocrx_word' id='word_1_357' title='bbox 1165 4663 1343 4736; x_wconf 89' lang='lat' dir='ltr'><strong>post,</strong></span> <span class='ocrx_word' id='word_1_358' title='bbox 1401 4652 1518 4720; x_wconf 88' lang='lat' dir='ltr'><strong>sed</strong></span> <span class='ocrx_word' id='word_1_359' title='bbox 1563 4653 1761 4719; x_wconf 82' lang='lat' dir='ltr'><strong>simul</strong></span> <span class='ocrx_word' id='word_1_360' title='bbox 1804 4650 2077 4718; x_wconf 86' lang='lat' dir='ltr'><strong>auribus</strong></span> <span class='ocrx_word' id='word_1_361' title='bbox 2118 4650 2328 4733; x_wconf 93' lang='lat' dir='ltr'><strong>loqui-</strong></span> 
     </span>
     <span class='ocr_line' id='line_1_50' title="bbox 332 4740 2328 4825; baseline -0.006 -13"><span class='ocrx_word' id='word_1_362' title='bbox 332 4743 478 4812; x_wconf 78' lang='lat' dir='ltr'><strong>tur.</strong></span> <span class='ocrx_word' id='word_1_363' title='bbox 581 4740 1091 4808; x_wconf 89' lang='lat' dir='ltr'><strong>Praedicatione</strong></span> <span class='ocrx_word' id='word_1_364' title='bbox 1148 4761 1306 4825; x_wconf 90' lang='lat' dir='ltr'><strong>ergo</strong></span> <span class='ocrx_word' id='word_1_365' title='bbox 1360 4740 1597 4807; x_wconf 85' lang='lat' dir='ltr'><strong>iacitur</strong></span> <span class='ocrx_word' id='word_1_366' title='bbox 1650 4760 1907 4806; x_wconf 89' lang='lat' dir='ltr'><strong>semen:</strong></span> <span class='ocrx_word' id='word_1_367' title='bbox 1976 4745 2055 4803; x_wconf 92' lang='lat' dir='ltr'><strong>ut</strong></span> <span class='ocrx_word' id='word_1_368' title='bbox 2106 4745 2328 4802; x_wconf 88' lang='lat' dir='ltr'><strong>autem</strong></span> 
     </span>
     <span class='ocr_line' id='line_1_51' title="bbox 331 4823 2327 4912; baseline -0.007 -12"><span class='ocrx_word' id='word_1_369' title='bbox 331 4831 624 4899; x_wconf 78' lang='lat' dir='ltr'><strong>radices</strong></span> <span class='ocrx_word' id='word_1_370' title='bbox 668 4836 852 4912; x_wconf 85' lang='lat' dir='ltr'><strong>agat,</strong></span> <span class='ocrx_word' id='word_1_371' title='bbox 896 4835 976 4891; x_wconf 88' lang='lat' dir='ltr'><strong>ut</strong></span> <span class='ocrx_word' id='word_1_372' title='bbox 1062 4827 1372 4905; x_wconf 89' lang='lat' dir='ltr'><strong>erminet,</strong></span> <span class='ocrx_word' id='word_1_373' title='bbox 1418 4833 1493 4891; x_wconf 92' lang='lat' dir='ltr'><strong>ut</strong></span> <span class='ocrx_word' id='word_1_374' title='bbox 1534 4827 1910 4903; x_wconf 86' lang='lat' dir='ltr'><strong>fructificet,</strong></span> <span class='ocrx_word' id='word_1_375' title='bbox 1961 4823 2094 4889; x_wconf 92' lang='lat' dir='ltr'><strong>Dei</strong></span> <span class='ocrx_word' id='word_1_376' title='bbox 2136 4823 2327 4907; x_wconf 86' lang='lat' dir='ltr'><strong>spiri·</strong></span> 
     </span>
     <span class='ocr_line' id='line_1_52' title="bbox 331 4909 2328 4991; baseline -0.007 -5"><span class='ocrx_word' id='word_1_377' title='bbox 331 4931 454 4988; x_wconf 88' lang='lat' dir='ltr'><strong>tus</strong></span> <span class='ocrx_word' id='word_1_378' title='bbox 501 4919 708 4985; x_wconf 86' lang='lat' dir='ltr'><strong>intus</strong></span> <span class='ocrx_word' id='word_1_379' title='bbox 749 4913 925 4981; x_wconf 84' lang='lat' dir='ltr'><strong>facit.</strong></span> <span class='ocrx_word' id='word_1_380' title='bbox 1081 4934 1230 4991; x_wconf 90' lang='lat' dir='ltr'><strong>unc,</strong></span> <span class='ocrx_word' id='word_1_381' title='bbox 1275 4920 1353 4978; x_wconf 90' lang='lat' dir='ltr'><strong>ut</strong></span> <span class='ocrx_word' id='word_1_382' title='bbox 1398 4911 1482 4977; x_wconf 88' lang='lat' dir='ltr'><strong>ad</strong></span> <span class='ocrx_word' id='word_1_383' title='bbox 1524 4931 1674 4976; x_wconf 91' lang='lat' dir='ltr'><strong>mea</strong></span> <span class='ocrx_word' id='word_1_384' title='bbox 1725 4909 1924 4976; x_wconf 88' lang='lat' dir='ltr'><strong>verba</strong></span> <span class='ocrx_word' id='word_1_385' title='bbox 1966 4910 2168 4974; x_wconf 89' lang='lat' dir='ltr'><strong>etiam</strong></span> <span class='ocrx_word' id='word_1_386' title='bbox 2210 4929 2328 4974; x_wconf 80' lang='lat' dir='ltr'><strong>ve·</strong></span> 
     </span>
     <span class='ocr_line' id='line_1_53' title="bbox 329 4993 2329 5078; baseline -0.008 -5"><span class='ocrx_word' id='word_1_387' title='bbox 329 5009 568 5072; x_wconf 85' lang='lat' dir='ltr'><strong>niam:</strong></span> <span class='ocrx_word' id='word_1_388' title='bbox 625 5002 827 5070; x_wconf 80' lang='lat' dir='ltr'><strong>verbo</strong></span> <span class='ocrx_word' id='word_1_389' title='bbox 869 5000 1245 5067; x_wconf 82' lang='lat' dir='ltr'><strong>excitantur</strong></span> <span class='ocrx_word' id='word_1_390' title='bbox 1288 4998 1590 5062; x_wconf 88' lang='lat' dir='ltr'><strong>homines</strong></span> <span class='ocrx_word' id='word_1_391' title='bbox 1625 4993 1704 5059; x_wconf 88' lang='lat' dir='ltr'><strong>ad</strong></span> <span class='ocrx_word' id='word_1_392' title='bbox 1744 4994 2181 5078; x_wconf 81' lang='lat' dir='ltr'><strong>expetendam</strong></span> <span class='ocrx_word' id='word_1_393' title='bbox 2225 5013 2329 5058; x_wconf 87' lang='lat' dir='ltr'><strong>re-</strong></span> 
     </span>
     <span class='ocr_line' id='line_1_54' title="bbox 332 5079 2332 5177; baseline -0.008 -19"><span class='ocrx_word' id='word_1_394' title='bbox 332 5090 881 5177; x_wconf 73' lang='lat' dir='ltr'><strong>generationem.</strong></span> <span class='ocrx_word' id='word_1_395' title='bbox 984 5083 1313 5164; x_wconf 80' lang='lat' dir='ltr'><strong>Quando?</strong></span> <span class='ocrx_word' id='word_1_396' title='bbox 1373 5080 1534 5146; x_wconf 88' lang='lat' dir='ltr'><strong>dum</strong></span> <span class='ocrx_word' id='word_1_397' title='bbox 1587 5081 1862 5165; x_wconf 87' lang='lat' dir='ltr'><strong>spiritus</strong></span> <span class='ocrx_word' id='word_1_398' title='bbox 1906 5079 2038 5147; x_wconf 92' lang='lat' dir='ltr'><strong>Dei</strong></span> <span class='ocrx_word' id='word_1_399' title='bbox 2082 5079 2332 5147; x_wconf 90' lang='lat' dir='ltr'><strong>seilicet</strong></span> 
     </span>
    </p>
   </div>
   <div class='ocr_carea' id='block_1_5' title="bbox 413 5217 784 5232">
    <p class='ocr_par' dir='ltr' id='par_1_5' title="bbox 413 5217 784 5232">
     <span class='ocr_line' id='line_1_55' title="bbox 413 5217 784 5232; baseline 0 947"><span class='ocrx_word' id='word_1_400' title='bbox 413 5217 784 5232; x_wconf 95' lang='lat' dir='ltr'><strong> </strong></span> 
     </span>
    </p>
   </div>
   <div class='ocr_carea' id='block_1_6' title="bbox 334 5287 2333 5424">
    <p class='ocr_par' dir='ltr' id='par_1_6' title="bbox 334 5287 2333 5424">
     <span class='ocr_line' id='line_1_56' title="bbox 489 5287 2333 5361; baseline -0.005 -12"><span class='ocrx_word' id='word_1_401' title='bbox 489 5296 560 5361; x_wconf 84' lang='lat'><strong>1)</strong></span> <span class='ocrx_word' id='word_1_402' title='bbox 623 5290 719 5347; x_wconf 74' lang='lat' dir='ltr'><strong>Sic</strong></span> <span class='ocrx_word' id='word_1_403' title='bbox 763 5307 885 5347; x_wconf 75' lang='lat' dir='ltr'><strong>eum</strong></span> <span class='ocrx_word' id='word_1_404' title='bbox 937 5289 1192 5345; x_wconf 72' lang='lat' dir='ltr'><strong>Gauaeio</strong></span> <span class='ocrx_word' id='word_1_405' title='bbox 1248 5294 1299 5344; x_wconf 73' lang='lat' dir='ltr'><strong>et</strong></span> <span class='ocrx_word' id='word_1_406' title='bbox 1349 5287 1513 5344; x_wconf 78' lang='lat' dir='ltr'><strong>Gallo</strong></span> <span class='ocrx_word' id='word_1_407' title='bbox 1564 5287 1980 5342; x_wconf 71' lang='lat' dir='ltr'><strong>emendandum.</strong></span> <span class='ocrx_word' id='word_1_408' title='bbox 2065 5287 2333 5355; x_wconf 66' lang='lat' dir='ltr'><strong>Princeps</strong></span> 
     </span>
     <span class='ocr_line' id='line_1_57' title="bbox 334 5362 871 5424; baseline -0.007 -8"><span class='ocrx_word' id='word_1_409' title='bbox 334 5370 548 5424; x_wconf 61' lang='lat' dir='ltr'><strong>habet.-</strong></span> <span class='ocrx_word' id='word_1_410' title='bbox 591 5362 871 5416; x_wconf 80' lang='lat' dir='ltr'><strong>mentitur.</strong></span> 
     </span>
    </p>
   </div>
   <div class='ocr_carea' id='block_1_7' title="bbox 1854 414 2905 485">
    <p class='ocr_par' dir='ltr' id='par_1_7' title="bbox 1854 414 2905 485">
     <span class='ocr_line' id='line_1_58' title="bbox 1854 414 2905 485; baseline -0.003 -2"><span class='ocrx_word' id='word_1_411' title='bbox 1854 416 1987 485; x_wconf 75' lang='lat' dir='ltr'><strong>DE</strong></span> <span class='ocrx_word' id='word_1_412' title='bbox 2029 415 2387 484; x_wconf 81' lang='lat' dir='ltr'>LIBERO</span> <span class='ocrx_word' id='word_1_413' title='bbox 2429 414 2905 483; x_wconf 79' lang='lat' dir='ltr'><strong>ARBI&#39;PRIO‘.</strong></span> 
     </span>
    </p>
   </div>
   <div class='ocr_carea' id='block_1_8' title="bbox 4275 423 4400 484">
    <p class='ocr_par' dir='ltr' id='par_1_8' title="bbox 4275 423 4400 484">
     <span class='ocr_line' id='line_1_59' title="bbox 4275 423 4400 484; baseline 0 0"><span class='ocrx_word' id='word_1_414' title='bbox 4275 423 4400 484; x_wconf 87' lang='lat'><strong>346</strong></span> 
     </span>
    </p>
   </div>
   <div class='ocr_carea' id='block_1_9' title="bbox 2431 605 4452 5078">
    <p class='ocr_par' dir='ltr' id='par_1_9' title="bbox 2437 605 4401 1204">
     <span class='ocr_line' id='line_1_60' title="bbox 2439 605 4401 691; baseline 0.002 -20"><span class='ocrx_word' id='word_1_415' title='bbox 2439 625 2735 691; x_wconf 83' lang='lat' dir='ltr'><strong>organon</strong></span> <span class='ocrx_word' id='word_1_416' title='bbox 2788 605 2959 671; x_wconf 88' lang='lat' dir='ltr'><strong>illud</strong></span> <span class='ocrx_word' id='word_1_417' title='bbox 3015 628 3211 672; x_wconf 88' lang='lat' dir='ltr'><strong>suum</strong></span> <span class='ocrx_word' id='word_1_418' title='bbox 3254 606 3473 672; x_wconf 89' lang='lat' dir='ltr'><strong>reddit</strong></span> <span class='ocrx_word' id='word_1_419' title='bbox 3526 607 3788 686; x_wconf 86' lang='lat' dir='ltr'><strong>efficax,</strong></span> <span class='ocrx_word' id='word_1_420' title='bbox 3847 614 3925 673; x_wconf 91' lang='lat' dir='ltr'><strong>ut</strong></span> <span class='ocrx_word' id='word_1_421' title='bbox 3967 607 4101 674; x_wconf 87' lang='lat' dir='ltr'><strong>tale</strong></span> <span class='ocrx_word' id='word_1_422' title='bbox 4145 608 4401 675; x_wconf 90' lang='lat' dir='ltr'><strong>deside-</strong></span> 
     </span>
     <span class='ocr_line' id='line_1_61' title="bbox 2439 691 4401 776; baseline 0.004 -22"><span class='ocrx_word' id='word_1_423' title='bbox 2439 692 2615 756; x_wconf 90' lang='lat' dir='ltr'><strong>rium</strong></span> <span class='ocrx_word' id='word_1_424' title='bbox 2658 692 2991 758; x_wconf 85' lang='lat' dir='ltr'><strong>accendat.</strong></span> <span class='ocrx_word' id='word_1_425' title='bbox 3083 691 3480 776; x_wconf 79' lang='lat' dir='ltr'><strong>Quanquam</strong></span> <span class='ocrx_word' id='word_1_426' title='bbox 3531 701 3869 759; x_wconf 89' lang='lat' dir='ltr'><strong>momenta</strong></span> <span class='ocrx_word' id='word_1_427' title='bbox 3922 702 4037 760; x_wconf 86' lang='lat' dir='ltr'><strong>aut</strong></span> <span class='ocrx_word' id='word_1_428' title='bbox 4091 695 4401 761; x_wconf 88' lang='lat' dir='ltr'><strong>articulos</strong></span> 
     </span>
     <span class='ocr_line' id='line_1_62' title="bbox 2439 777 4400 862; baseline 0.002 -20"><span class='ocrx_word' id='word_1_429' title='bbox 2439 777 2681 860; x_wconf 80' lang='lat' dir='ltr'><strong>agendi</strong></span> <span class='ocrx_word' id='word_1_430' title='bbox 2734 779 2880 844; x_wconf 92' lang='lat' dir='ltr'><strong>Deo</strong></span> <span class='ocrx_word' id='word_1_431' title='bbox 2933 778 3411 862; x_wconf 88' lang='lat' dir='ltr'><strong>praescribere,</strong></span> <span class='ocrx_word' id='word_1_432' title='bbox 3470 785 3772 844; x_wconf 89' lang='lat' dir='ltr'><strong>nostrum</strong></span> <span class='ocrx_word' id='word_1_433' title='bbox 3826 801 3956 844; x_wconf 91' lang='lat' dir='ltr'><strong>non</strong></span> <span class='ocrx_word' id='word_1_434' title='bbox 4014 790 4131 848; x_wconf 88' lang='lat' dir='ltr'><strong>est.</strong></span> <span class='ocrx_word' id='word_1_435' title='bbox 4223 782 4400 847; x_wconf 83' lang='lat' dir='ltr'><strong>Tan-</strong></span> 
     </span>
     <span class='ocr_line' id='line_1_63' title="bbox 2440 864 4397 949; baseline 0.004 -23"><span class='ocrx_word' id='word_1_436' title='bbox 2440 870 2588 926; x_wconf 92' lang='lat' dir='ltr'><strong>tum</strong></span> <span class='ocrx_word' id='word_1_437' title='bbox 2643 867 3047 931; x_wconf 89' lang='lat' dir='ltr'><strong>retineamus</strong></span> <span class='ocrx_word' id='word_1_438' title='bbox 3105 864 3318 943; x_wconf 84' lang='lat' dir='ltr'><strong>illam,</strong></span> <span class='ocrx_word' id='word_1_439' title='bbox 3366 887 3567 949; x_wconf 90' lang='lat' dir='ltr'><strong>quam</strong></span> <span class='ocrx_word' id='word_1_440' title='bbox 3612 865 3923 932; x_wconf 88' lang='lat' dir='ltr'><strong>describit</strong></span> <span class='ocrx_word' id='word_1_441' title='bbox 3963 866 4246 947; x_wconf 89' lang='lat' dir='ltr'><strong>Paulus,</strong></span> <span class='ocrx_word' id='word_1_442' title='bbox 4292 888 4397 932; x_wconf 86' lang='lat' dir='ltr'><strong>ar-</strong></span> 
     </span>
     <span class='ocr_line' id='line_1_64' title="bbox 2440 951 4397 1033; baseline 0.002 -19"><span class='ocrx_word' id='word_1_443' title='bbox 2440 969 2645 1014; x_wconf 89' lang='lat' dir='ltr'><strong>canae</strong></span> <span class='ocrx_word' id='word_1_444' title='bbox 2722 951 2993 1031; x_wconf 88' lang='lat' dir='ltr'><strong>spiritus</strong></span> <span class='ocrx_word' id='word_1_445' title='bbox 3070 952 3468 1033; x_wconf 88' lang='lat' dir='ltr'><strong>operationis</strong></span> <span class='ocrx_word' id='word_1_446' title='bbox 3545 973 3698 1017; x_wconf 89' lang='lat' dir='ltr'><strong>cum</strong></span> <span class='ocrx_word' id='word_1_447' title='bbox 3772 960 4048 1018; x_wconf 87' lang='lat' dir='ltr'><strong>externa</strong></span> <span class='ocrx_word' id='word_1_448' title='bbox 4113 953 4397 1018; x_wconf 82' lang='lat' dir='ltr'><strong>hominis</strong></span> 
     </span>
     <span class='ocr_line' id='line_1_65' title="bbox 2438 1034 4396 1121; baseline 0.003 -23"><span class='ocrx_word' id='word_1_449' title='bbox 2438 1034 2928 1117; x_wconf 88' lang='lat' dir='ltr'><strong>praedicatione</strong></span> <span class='ocrx_word' id='word_1_450' title='bbox 2985 1036 3473 1121; x_wconf 85' lang='lat' dir='ltr'><strong>colligationem</strong></span> <span class='ocrx_word' id='word_1_451' title='bbox 3490 1089 3504 1115; x_wconf 92' lang='lat'><strong>,</strong></span> <span class='ocrx_word' id='word_1_452' title='bbox 3573 1046 3641 1103; x_wconf 89' lang='lat' dir='ltr'><strong>et</strong></span> <span class='ocrx_word' id='word_1_453' title='bbox 3684 1039 3930 1103; x_wconf 89' lang='lat' dir='ltr'><strong>erimus</strong></span> <span class='ocrx_word' id='word_1_454' title='bbox 3988 1040 4169 1103; x_wconf 92' lang='lat' dir='ltr'><strong>omni</strong></span> <span class='ocrx_word' id='word_1_455' title='bbox 4227 1039 4396 1104; x_wconf 67' lang='lat' dir='ltr'><strong>diffi-</strong></span> 
     </span>
     <span class='ocr_line' id='line_1_66' title="bbox 2437 1120 3030 1204; baseline 0.003 -20"><span class='ocrx_word' id='word_1_456' title='bbox 2437 1120 2682 1185; x_wconf 88' lang='lat' dir='ltr'><strong>cultate</strong></span> <span class='ocrx_word' id='word_1_457' title='bbox 2725 1121 3030 1204; x_wconf 85' lang='lat' dir='ltr'><strong>expediti.</strong></span> 
     </span>
    </p>

    <p class='ocr_par' dir='ltr' id='par_1_10' title="bbox 2431 1204 4452 5078">
     <span class='ocr_line' id='line_1_67' title="bbox 2612 1204 4397 1291; baseline 0.002 -20"><span class='ocrx_word' id='word_1_458' title='bbox 2612 1204 2947 1288; x_wconf 80' lang='lat' dir='ltr'><strong>Quoniam</strong></span> <span class='ocrx_word' id='word_1_459' title='bbox 2993 1222 3214 1273; x_wconf 89' lang='lat' dir='ltr'><strong>autem</strong></span> <span class='ocrx_word' id='word_1_460' title='bbox 3250 1208 3573 1275; x_wconf 90' lang='lat' dir='ltr'><strong>nonnulla</strong></span> <span class='ocrx_word' id='word_1_461' title='bbox 3607 1209 3969 1291; x_wconf 88' lang='lat' dir='ltr'><strong>scripturae</strong></span> <span class='ocrx_word' id='word_1_462' title='bbox 4004 1210 4397 1289; x_wconf 89' lang='lat' dir='ltr'><strong>testimonia,</strong></span> 
     </span>
     <span class='ocr_line' id='line_1_68' title="bbox 2437 1294 4400 1377; baseline 0.003 -21"><span class='ocrx_word' id='word_1_463' title='bbox 2437 1311 2607 1374; x_wconf 87' lang='lat' dir='ltr'><strong>quae</strong></span> <span class='ocrx_word' id='word_1_464' title='bbox 2649 1312 2887 1375; x_wconf 88' lang='lat' dir='ltr'><strong>parum</strong></span> <span class='ocrx_word' id='word_1_465' title='bbox 2931 1295 3001 1358; x_wconf 94' lang='lat' dir='ltr'><strong>in</strong></span> <span class='ocrx_word' id='word_1_466' title='bbox 3046 1296 3330 1377; x_wconf 89' lang='lat' dir='ltr'><strong>speciem</strong></span> <span class='ocrx_word' id='word_1_467' title='bbox 3360 1294 3670 1360; x_wconf 85' lang='lat' dir='ltr'><strong>videntur</strong></span> <span class='ocrx_word' id='word_1_468' title='bbox 3714 1316 3865 1360; x_wconf 89' lang='lat' dir='ltr'><strong>cum</strong></span> <span class='ocrx_word' id='word_1_469' title='bbox 3903 1294 4203 1361; x_wconf 89' lang='lat' dir='ltr'><strong>doctrina</strong></span> <span class='ocrx_word' id='word_1_470' title='bbox 4247 1314 4400 1361; x_wconf 90' lang='lat' dir='ltr'><strong>nos-</strong></span> 
     </span>
     <span class='ocr_line' id='line_1_69' title="bbox 2437 1378 4402 1478; baseline 0.003 -37"><span class='ocrx_word' id='word_1_471' title='bbox 2437 1386 2544 1442; x_wconf 87' lang='lat' dir='ltr'><strong>tra</strong></span> <span class='ocrx_word' id='word_1_472' title='bbox 2587 1398 2978 1478; x_wconf 83' lang='lat' dir='ltr'><strong>congruere,</strong></span> <span class='ocrx_word' id='word_1_473' title='bbox 3034 1382 3104 1446; x_wconf 89' lang='lat' dir='ltr'><strong>in</strong></span> <span class='ocrx_word' id='word_1_474' title='bbox 3162 1401 3284 1446; x_wconf 90' lang='lat' dir='ltr'><strong>nos</strong></span> <span class='ocrx_word' id='word_1_475' title='bbox 3329 1390 3634 1463; x_wconf 87' lang='lat' dir='ltr'><strong>torquent</strong></span> <span class='ocrx_word' id='word_1_476' title='bbox 3687 1378 4076 1459; x_wconf 86' lang='lat' dir='ltr'><strong>adversarii,</strong></span> <span class='ocrx_word' id='word_1_477' title='bbox 4139 1382 4211 1446; x_wconf 87' lang='lat' dir='ltr'><strong>iu</strong></span> <span class='ocrx_word' id='word_1_478' title='bbox 4252 1402 4402 1447; x_wconf 84' lang='lat' dir='ltr'><strong>mea</strong></span> 
     </span>
     <span class='ocr_line' id='line_1_70' title="bbox 2439 1463 4401 1551; baseline 0.003 -24"><span class='ocrx_word' id='word_1_479' title='bbox 2439 1463 2867 1530; x_wconf 80' lang='lat' dir='ltr'><strong>Institutione</strong></span> <span class='ocrx_word' id='word_1_480' title='bbox 2912 1466 3215 1545; x_wconf 86' lang='lat' dir='ltr'><strong>ostende,</strong></span> <span class='ocrx_word' id='word_1_481' title='bbox 3274 1467 3559 1550; x_wconf 87' lang='lat' dir='ltr'><strong>qualiter</strong></span> <span class='ocrx_word' id='word_1_482' title='bbox 3602 1466 3771 1533; x_wconf 88' lang='lat' dir='ltr'><strong>falso</strong></span> <span class='ocrx_word' id='word_1_483' title='bbox 3817 1475 3884 1532; x_wconf 91' lang='lat' dir='ltr'><strong>et</strong></span> <span class='ocrx_word' id='word_1_484' title='bbox 3936 1488 4283 1551; x_wconf 89' lang='lat' dir='ltr'><strong>perperam</strong></span> <span class='ocrx_word' id='word_1_485' title='bbox 4326 1468 4401 1532; x_wconf 89' lang='lat' dir='ltr'><strong>in</strong></span> 
     </span>
     <span class='ocr_line' id='line_1_71' title="bbox 2438 1549 4402 1636; baseline 0.002 -23"><span class='ocrx_word' id='word_1_486' title='bbox 2438 1549 2731 1614; x_wconf 90' lang='lat' dir='ltr'><strong>alienum</strong></span> <span class='ocrx_word' id='word_1_487' title='bbox 2776 1573 3042 1617; x_wconf 89' lang='lat' dir='ltr'><strong>sensum</strong></span> <span class='ocrx_word' id='word_1_488' title='bbox 3087 1553 3183 1619; x_wconf 91' lang='lat' dir='ltr'><strong>sic</strong></span> <span class='ocrx_word' id='word_1_489' title='bbox 3220 1562 3679 1636; x_wconf 82' lang='lat' dir='ltr'><strong>torqueantur3</strong></span> <span class='ocrx_word' id='word_1_490' title='bbox 3749 1561 3944 1635; x_wconf 86' lang='lat' dir='ltr'><strong>atque</strong></span> <span class='ocrx_word' id='word_1_491' title='bbox 3990 1563 4068 1616; x_wconf 92' lang='lat' dir='ltr'><strong>ut</strong></span> <span class='ocrx_word' id='word_1_492' title='bbox 4110 1553 4182 1618; x_wconf 88' lang='lat' dir='ltr'><strong>in</strong></span> <span class='ocrx_word' id='word_1_493' title='bbox 4225 1574 4402 1621; x_wconf 90' lang='lat' dir='ltr'><strong>com-</strong></span> 
     </span>
     <span class='ocr_line' id='line_1_72' title="bbox 2436 1634 4402 1723; baseline 0.003 -24"><span class='ocrx_word' id='word_1_494' title='bbox 2436 1634 2757 1717; x_wconf 89' lang='lat' dir='ltr'><strong>pendium</strong></span> <span class='ocrx_word' id='word_1_495' title='bbox 2799 1638 3117 1723; x_wconf 80' lang='lat' dir='ltr'><strong>redigam,</strong></span> <span class='ocrx_word' id='word_1_496' title='bbox 3165 1641 3236 1703; x_wconf 90' lang='lat' dir='ltr'><strong>in</strong></span> <span class='ocrx_word' id='word_1_497' title='bbox 3277 1647 3490 1705; x_wconf 88' lang='lat' dir='ltr'><strong>certos</strong></span> <span class='ocrx_word' id='word_1_498' title='bbox 3535 1637 3798 1704; x_wconf 87' lang='lat' dir='ltr'><strong>ordines</strong></span> <span class='ocrx_word' id='word_1_499' title='bbox 3843 1637 4163 1706; x_wconf 88' lang='lat' dir='ltr'><strong>distribuo</strong></span> <span class='ocrx_word' id='word_1_500' title='bbox 4179 1691 4195 1719; x_wconf 92' lang='lat'><strong>,</strong></span> <span class='ocrx_word' id='word_1_501' title='bbox 4239 1661 4402 1723; x_wconf 90' lang='lat' dir='ltr'><strong>quo·</strong></span> 
     </span>
     <span class='ocr_line' id='line_1_73' title="bbox 2435 1722 4401 1809; baseline 0.004 -25"><span class='ocrx_word' id='word_1_502' title='bbox 2435 1741 2591 1785; x_wconf 90' lang='lat' dir='ltr'><strong>rum</strong></span> <span class='ocrx_word' id='word_1_503' title='bbox 2635 1722 2888 1805; x_wconf 90' lang='lat' dir='ltr'><strong>primus</strong></span> <span class='ocrx_word' id='word_1_504' title='bbox 2932 1732 3035 1789; x_wconf 90' lang='lat' dir='ltr'><strong>est</strong></span> <span class='ocrx_word' id='word_1_505' title='bbox 3092 1724 3173 1789; x_wconf 90' lang='lat' dir='ltr'><strong>de</strong></span> <span class='ocrx_word' id='word_1_506' title='bbox 3228 1726 3610 1808; x_wconf 87' lang='lat' dir='ltr'><strong>praeceptis.</strong></span> <span class='ocrx_word' id='word_1_507' title='bbox 3701 1726 3845 1789; x_wconf 87' lang='lat' dir='ltr'><strong>Aut</strong></span> <span class='ocrx_word' id='word_1_508' title='bbox 3886 1724 4138 1803; x_wconf 83' lang='lat' dir='ltr'><strong>illudit,</strong></span> <span class='ocrx_word' id='word_1_509' title='bbox 4184 1726 4401 1809; x_wconf 88' lang='lat' dir='ltr'><strong>inqui-</strong></span> 
     </span>
     <span class='ocr_line' id='line_1_74' title="bbox 2436 1807 4401 1894; baseline 0.004 -24"><span class='ocrx_word' id='word_1_510' title='bbox 2436 1813 2591 1884; x_wconf 91' lang='lat' dir='ltr'><strong>unt,</strong></span> <span class='ocrx_word' id='word_1_511' title='bbox 2658 1807 2849 1875; x_wconf 89' lang='lat' dir='ltr'><strong>nobis</strong></span> <span class='ocrx_word' id='word_1_512' title='bbox 2919 1811 3104 1877; x_wconf 88' lang='lat' dir='ltr'><strong>Deus</strong></span> <span class='ocrx_word' id='word_1_513' title='bbox 3168 1810 3658 1894; x_wconf 84' lang='lat' dir='ltr'><strong>praecipiende,</strong></span> <span class='ocrx_word' id='word_1_514' title='bbox 3726 1822 3843 1875; x_wconf 91' lang='lat' dir='ltr'><strong>aut</strong></span> <span class='ocrx_word' id='word_1_515' title='bbox 3912 1812 4177 1877; x_wconf 91' lang='lat' dir='ltr'><strong>nonnisi</strong></span> <span class='ocrx_word' id='word_1_516' title='bbox 4237 1833 4401 1894; x_wconf 88' lang='lat' dir='ltr'><strong>quae</strong></span> 
     </span>
     <span class='ocr_line' id='line_1_75' title="bbox 2437 1894 4399 1978; baseline 0.003 -22"><span class='ocrx_word' id='word_1_517' title='bbox 2437 1905 2594 1957; x_wconf 91' lang='lat' dir='ltr'><strong>sunt</strong></span> <span class='ocrx_word' id='word_1_518' title='bbox 2639 1894 2712 1957; x_wconf 91' lang='lat' dir='ltr'><strong>in</strong></span> <span class='ocrx_word' id='word_1_519' title='bbox 2756 1903 3083 1978; x_wconf 88' lang='lat' dir='ltr'><strong>potestate</strong></span> <span class='ocrx_word' id='word_1_520' title='bbox 3128 1906 3377 1976; x_wconf 89' lang='lat' dir='ltr'><strong>nostra,</strong></span> <span class='ocrx_word' id='word_1_521' title='bbox 3423 1916 3464 1961; x_wconf 90' lang='lat' dir='ltr'><strong>a</strong></span> <span class='ocrx_word' id='word_1_522' title='bbox 3507 1896 3694 1963; x_wconf 88' lang='lat' dir='ltr'><strong>nobis</strong></span> <span class='ocrx_word' id='word_1_523' title='bbox 3738 1894 4047 1978; x_wconf 55' lang='lat' dir='ltr'><strong>requirit)</strong></span> <span class='ocrx_word' id='word_1_524' title='bbox 4121 1897 4253 1964; x_wconf 89' lang='lat' dir='ltr'><strong>Hic</strong></span> <span class='ocrx_word' id='word_1_525' title='bbox 4296 1919 4399 1962; x_wconf 88' lang='lat' dir='ltr'><strong>re·</strong></span> 
     </span>
     <span class='ocr_line' id='line_1_76' title="bbox 2438 1978 4403 2065; baseline 0.003 -23"><span class='ocrx_word' id='word_1_526' title='bbox 2438 1978 2758 2060; x_wconf 91' lang='lat' dir='ltr'><strong>sponde0,</strong></span> <span class='ocrx_word' id='word_1_527' title='bbox 2826 1980 2994 2046; x_wconf 91' lang='lat' dir='ltr'><strong>nihil</strong></span> <span class='ocrx_word' id='word_1_528' title='bbox 3060 1981 3432 2065; x_wconf 88' lang='lat' dir='ltr'><strong>intelligere</strong></span> <span class='ocrx_word' id='word_1_529' title='bbox 3496 2003 3633 2062; x_wconf 87' lang='grc'><strong>608,</strong></span> <span class='ocrx_word' id='word_1_530' title='bbox 3701 1983 3815 2065; x_wconf 90' lang='lat' dir='ltr'><strong>qui</strong></span> <span class='ocrx_word' id='word_1_531' title='bbox 3882 1982 4168 2048; x_wconf 90' lang='lat' dir='ltr'><strong>hominis</strong></span> <span class='ocrx_word' id='word_1_532' title='bbox 4224 1984 4403 2049; x_wconf 83' lang='lat' dir='ltr'><strong>vires</strong></span> 
     </span>
     <span class='ocr_line' id='line_1_77' title="bbox 2435 2066 4409 2152; baseline 0.002 -22"><span class='ocrx_word' id='word_1_533' title='bbox 2435 2068 2803 2148; x_wconf 86' lang='lat' dir='ltr'><strong>praeceptis</strong></span> <span class='ocrx_word' id='word_1_534' title='bbox 2848 2070 3235 2133; x_wconf 89' lang='lat' dir='ltr'><strong>metiuntur.</strong></span> <span class='ocrx_word' id='word_1_535' title='bbox 3292 2068 3579 2152; x_wconf 87' lang='lat' dir='ltr'><strong>Pighius</strong></span> <span class='ocrx_word' id='word_1_536' title='bbox 3616 2067 3699 2134; x_wconf 90' lang='lat' dir='ltr'><strong>ad</strong></span> <span class='ocrx_word' id='word_1_537' title='bbox 3742 2066 3910 2133; x_wconf 90' lang='lat' dir='ltr'><strong>illud</strong></span> <span class='ocrx_word' id='word_1_538' title='bbox 3945 2070 4175 2135; x_wconf 90' lang='lat' dir='ltr'><strong>tritum</strong></span> <span class='ocrx_word' id='word_1_539' title='bbox 4211 2091 4409 2134; x_wconf 90' lang='lat' dir='ltr'><strong>suum</strong></span> 
     </span>
     <span class='ocr_line' id='line_1_78' title="bbox 2439 2153 4408 2240; baseline 0.003 -26"><span class='ocrx_word' id='word_1_540' title='bbox 2439 2154 2589 2229; x_wconf 81' lang='lat' dir='ltr'><strong>[pag.</strong></span> <span class='ocrx_word' id='word_1_541' title='bbox 2636 2158 2782 2231; x_wconf 81' lang='lat'>158]</span> <span class='ocrx_word' id='word_1_542' title='bbox 2831 2156 3093 2218; x_wconf 89' lang='lat' dir='ltr'><strong>axioma</strong></span> <span class='ocrx_word' id='word_1_543' title='bbox 3137 2153 3330 2233; x_wconf 90' lang='lat' dir='ltr'><strong>redit,</strong></span> <span class='ocrx_word' id='word_1_544' title='bbox 3377 2174 3510 2219; x_wconf 91' lang='lat' dir='ltr'><strong>non</strong></span> <span class='ocrx_word' id='word_1_545' title='bbox 3547 2176 3691 2219; x_wconf 90' lang='lat' dir='ltr'><strong>esse</strong></span> <span class='ocrx_word' id='word_1_546' title='bbox 3728 2153 4200 2236; x_wconf 88' lang='lat' dir='ltr'><strong>impossibilem</strong></span> <span class='ocrx_word' id='word_1_547' title='bbox 4242 2155 4408 2240; x_wconf 83' lang='lat' dir='ltr'><strong>legis</strong></span> 
     </span>
     <span class='ocr_line' id='line_1_79' title="bbox 2437 2236 4405 2324; baseline 0.003 -24"><span class='ocrx_word' id='word_1_548' title='bbox 2437 2236 2993 2304; x_wconf 83' lang='lat' dir='ltr'><strong>observationem:</strong></span> <span class='ocrx_word' id='word_1_549' title='bbox 3053 2239 3229 2322; x_wconf 90' lang='lat' dir='ltr'><strong>quod</strong></span> <span class='ocrx_word' id='word_1_550' title='bbox 3291 2261 3368 2305; x_wconf 91' lang='grc' dir='ltr'><strong>6ο</strong></span> <span class='ocrx_word' id='word_1_551' title='bbox 3426 2240 3670 2304; x_wconf 89' lang='lat' dir='ltr'><strong>maiore</strong></span> <span class='ocrx_word' id='word_1_552' title='bbox 3717 2239 3937 2304; x_wconf 89' lang='lat' dir='ltr'><strong>animo</strong></span> <span class='ocrx_word' id='word_1_553' title='bbox 3992 2243 4405 2324; x_wconf 88' lang='lat' dir='ltr'><strong>pronunciat,</strong></span> 
     </span>
     <span class='ocr_line' id='line_1_80' title="bbox 2437 2324 4403 2411; baseline 0.003 -25"><span class='ocrx_word' id='word_1_554' title='bbox 2437 2324 2592 2405; x_wconf 76' lang='lat' dir='ltr'><strong>quia</strong></span> <span class='ocrx_word' id='word_1_555' title='bbox 2637 2345 2980 2408; x_wconf 87' lang='lat' dir='ltr'><strong>nunquam</strong></span> <span class='ocrx_word' id='word_1_556' title='bbox 3031 2325 3112 2391; x_wconf 91' lang='lat' dir='ltr'><strong>de</strong></span> <span class='ocrx_word' id='word_1_557' title='bbox 3156 2326 3323 2411; x_wconf 81' lang='lat' dir='ltr'><strong>legis</strong></span> <span class='ocrx_word' id='word_1_558' title='bbox 3367 2326 3822 2392; x_wconf 84' lang='lat' dir='ltr'><strong>observatione</strong></span> <span class='ocrx_word' id='word_1_559' title='bbox 3866 2327 4053 2397; x_wconf 18' lang='lat' dir='ltr'><strong>serio.</strong></span> <span class='ocrx_word' id='word_1_560' title='bbox 4073 2327 4403 2409; x_wconf 82' lang='lat' dir='ltr'><strong>cogitavit.</strong></span> 
     </span>
     <span class='ocr_line' id='line_1_81' title="bbox 2440 2408 4404 2497; baseline 0.003 -25"><span class='ocrx_word' id='word_1_561' title='bbox 2440 2408 2635 2474; x_wconf 85' lang='lat' dir='ltr'><strong>Tales</strong></span> <span class='ocrx_word' id='word_1_562' title='bbox 2679 2410 2854 2475; x_wconf 90' lang='lat' dir='ltr'><strong>enim</strong></span> <span class='ocrx_word' id='word_1_563' title='bbox 2906 2411 3101 2477; x_wconf 87' lang='lat' dir='ltr'><strong>hodie</strong></span> <span class='ocrx_word' id='word_1_564' title='bbox 3153 2413 3291 2477; x_wconf 89' lang='lat' dir='ltr'><strong>fere</strong></span> <span class='ocrx_word' id='word_1_565' title='bbox 3346 2422 3503 2478; x_wconf 90' lang='lat' dir='ltr'><strong>sunt</strong></span> <span class='ocrx_word' id='word_1_566' title='bbox 3559 2412 3968 2497; x_wconf 78' lang='lat' dir='ltr'><strong>magnanimi</strong></span> <span class='ocrx_word' id='word_1_567' title='bbox 4013 2412 4122 2477; x_wconf 90' lang='lat' dir='ltr'><strong>isti</strong></span> <span class='ocrx_word' id='word_1_568' title='bbox 4167 2411 4404 2496; x_wconf 87' lang='lat' dir='ltr'><strong>gigan·</strong></span> 
     </span>
     <span class='ocr_line' id='line_1_82' title="bbox 2439 2495 4404 2582; baseline 0.002 -23"><span class='ocrx_word' id='word_1_569' title='bbox 2439 2506 2570 2575; x_wconf 87' lang='lat' dir='ltr'><strong>tes,</strong></span> <span class='ocrx_word' id='word_1_570' title='bbox 2626 2497 2735 2579; x_wconf 91' lang='lat' dir='ltr'><strong>qui</strong></span> <span class='ocrx_word' id='word_1_571' title='bbox 2794 2496 2875 2562; x_wconf 90' lang='lat' dir='ltr'><strong>de</strong></span> <span class='ocrx_word' id='word_1_572' title='bbox 2940 2497 3104 2582; x_wconf 89' lang='lat' dir='ltr'><strong>legis</strong></span> <span class='ocrx_word' id='word_1_573' title='bbox 3159 2498 3503 2577; x_wconf 88' lang='lat' dir='ltr'><strong>facilitate,</strong></span> <span class='ocrx_word' id='word_1_574' title='bbox 3551 2495 3632 2561; x_wconf 90' lang='lat' dir='ltr'><strong>de</strong></span> <span class='ocrx_word' id='word_1_575' title='bbox 3676 2518 3952 2581; x_wconf 89' lang='lat' dir='ltr'><strong>operum</strong></span> <span class='ocrx_word' id='word_1_576' title='bbox 3989 2497 4276 2577; x_wconf 88' lang='lat' dir='ltr'><strong>meritis,</strong></span> <span class='ocrx_word' id='word_1_577' title='bbox 4324 2496 4404 2563; x_wconf 93' lang='lat' dir='ltr'><strong>de</strong></span> 
     </span>
     <span class='ocr_line' id='line_1_83' title="bbox 2436 2582 4404 2667; baseline 0.002 -22"><span class='ocrx_word' id='word_1_578' title='bbox 2436 2582 2837 2662; x_wconf 86' lang='lat' dir='ltr'><strong>perfectione</strong></span> <span class='ocrx_word' id='word_1_579' title='bbox 2881 2582 3459 2667; x_wconf 86' lang='lat' dir='ltr'><strong>philosophantur:</strong></span> <span class='ocrx_word' id='word_1_580' title='bbox 3519 2583 3655 2648; x_wconf 89' lang='lat' dir='ltr'><strong>alto</strong></span> <span class='ocrx_word' id='word_1_581' title='bbox 3692 2584 3741 2664; x_wconf 87' lang='lat'><strong>¹)</strong></span> <span class='ocrx_word' id='word_1_582' title='bbox 3787 2584 3966 2648; x_wconf 86' lang='lat' dir='ltr'><strong>enim</strong></span> <span class='ocrx_word' id='word_1_583' title='bbox 4018 2584 4255 2667; x_wconf 90' lang='lat' dir='ltr'><strong>spiritu</strong></span> <span class='ocrx_word' id='word_1_584' title='bbox 4292 2582 4404 2650; x_wconf 90' lang='lat' dir='ltr'><strong>de-</strong></span> 
     </span>
     <span class='ocr_line' id='line_1_84' title="bbox 2438 2668 4403 2753; baseline 0.002 -21"><span class='ocrx_word' id='word_1_585' title='bbox 2438 2676 2770 2750; x_wconf 88' lang='lat' dir='ltr'><strong>spumant,</strong></span> <span class='ocrx_word' id='word_1_586' title='bbox 2814 2669 3030 2752; x_wconf 86' lang='lat' dir='ltr'><strong>legem</strong></span> <span class='ocrx_word' id='word_1_587' title='bbox 3058 2669 3410 2738; x_wconf 86' lang='lat' dir='ltr'><strong>observatu</strong></span> <span class='ocrx_word' id='word_1_588' title='bbox 3435 2668 3816 2753; x_wconf 87' lang='lat' dir='ltr'><strong>possibilem</strong></span> <span class='ocrx_word' id='word_1_589' title='bbox 3842 2690 4003 2748; x_wconf 90' lang='lat' dir='ltr'><strong>esse,</strong></span> <span class='ocrx_word' id='word_1_590' title='bbox 4031 2670 4216 2735; x_wconf 91' lang='lat' dir='ltr'><strong>cuius</strong></span> <span class='ocrx_word' id='word_1_591' title='bbox 4252 2669 4403 2735; x_wconf 93' lang='lat' dir='ltr'><strong>nul-</strong></span> 
     </span>
     <span class='ocr_line' id='line_1_85' title="bbox 2435 2752 4402 2840; baseline 0.002 -23"><span class='ocrx_word' id='word_1_592' title='bbox 2435 2752 2569 2818; x_wconf 89' lang='lat' dir='ltr'><strong>lam</strong></span> <span class='ocrx_word' id='word_1_593' title='bbox 2614 2755 2883 2820; x_wconf 87' lang='lat' dir='ltr'><strong>omnino</strong></span> <span class='ocrx_word' id='word_1_594' title='bbox 2917 2763 3193 2839; x_wconf 87' lang='lat' dir='ltr'><strong>partem,</strong></span> <span class='ocrx_word' id='word_1_595' title='bbox 3241 2756 3347 2823; x_wconf 83' lang='lat' dir='ltr'><strong>vel</strong></span> <span class='ocrx_word' id='word_1_596' title='bbox 3392 2756 3666 2821; x_wconf 91' lang='lat' dir='ltr'><strong>minimo</strong></span> <span class='ocrx_word' id='word_1_597' title='bbox 3703 2755 3931 2840; x_wconf 85' lang='lat' dir='ltr'><strong>digito,</strong></span> <span class='ocrx_word' id='word_1_598' title='bbox 3968 2776 4259 2839; x_wconf 89' lang='lat' dir='ltr'><strong>unquam</strong></span> <span class='ocrx_word' id='word_1_599' title='bbox 4304 2764 4402 2821; x_wconf 90' lang='lat' dir='ltr'><strong>at-</strong></span> 
     </span>
     <span class='ocr_line' id='line_1_86' title="bbox 2436 2839 4402 2925; baseline 0.002 -21"><span class='ocrx_word' id='word_1_600' title='bbox 2436 2839 2749 2924; x_wconf 90' lang='lat' dir='ltr'><strong>tigerunt.</strong></span> <span class='ocrx_word' id='word_1_601' title='bbox 2840 2843 2936 2906; x_wconf 89' lang='lat' dir='ltr'><strong>At</strong></span> <span class='ocrx_word' id='word_1_602' title='bbox 2988 2843 3046 2909; x_wconf 90' lang='lat' dir='ltr'><strong>si</strong></span> <span class='ocrx_word' id='word_1_603' title='bbox 3089 2842 3295 2907; x_wconf 86' lang='lat' dir='ltr'><strong>semel</strong></span> <span class='ocrx_word' id='word_1_604' title='bbox 3337 2842 3448 2908; x_wconf 81' lang='lat' dir='ltr'><strong>vel</strong></span> <span class='ocrx_word' id='word_1_605' title='bbox 3501 2842 3634 2907; x_wconf 87' lang='lat' dir='ltr'><strong>levi</strong></span> <span class='ocrx_word' id='word_1_606' title='bbox 3679 2840 4203 2925; x_wconf 87' lang='lat' dir='ltr'><strong>apprehensione</strong></span> <span class='ocrx_word' id='word_1_607' title='bbox 4246 2861 4402 2908; x_wconf 91' lang='lat' dir='ltr'><strong>con-</strong></span> 
     </span>
     <span class='ocr_line' id='line_1_87' title="bbox 2436 2926 4398 3012; baseline 0.002 -21"><span class='ocrx_word' id='word_1_608' title='bbox 2436 2926 2746 3009; x_wconf 90' lang='lat' dir='ltr'><strong>ciperent,</strong></span> <span class='ocrx_word' id='word_1_609' title='bbox 2772 2926 2930 3010; x_wconf 90' lang='lat' dir='ltr'><strong>quid</strong></span> <span class='ocrx_word' id='word_1_610' title='bbox 2967 2930 3054 2993; x_wconf 87' lang='lat' dir='ltr'><strong>sit</strong></span> <span class='ocrx_word' id='word_1_611' title='bbox 3075 2928 3269 2993; x_wconf 89' lang='lat' dir='ltr'><strong>illud:</strong></span> <span class='ocrx_word' id='word_1_612' title='bbox 3298 2926 3524 3012; x_wconf 88' lang='lat' dir='ltr'><strong>Dilige</strong></span> <span class='ocrx_word' id='word_1_613' title='bbox 3565 2929 3931 2993; x_wconf 89' lang='lat' dir='ltr'><strong>Dominum</strong></span> <span class='ocrx_word' id='word_1_614' title='bbox 3955 2929 4176 2993; x_wconf 90' lang='lat' dir='ltr'><strong>Deum</strong></span> <span class='ocrx_word' id='word_1_615' title='bbox 4205 2937 4398 2994; x_wconf 89' lang='lat' dir='ltr'><strong>tuum</strong></span> 
     </span>
     <span class='ocr_line' id='line_1_88' title="bbox 2437 3011 4397 3095; baseline 0.002 -18"><span class='ocrx_word' id='word_1_616' title='bbox 2437 3033 2521 3077; x_wconf 88' lang='lat' dir='ltr'><strong>ex</strong></span> <span class='ocrx_word' id='word_1_617' title='bbox 2559 3021 2695 3078; x_wconf 89' lang='lat' dir='ltr'><strong>toto</strong></span> <span class='ocrx_word' id='word_1_618' title='bbox 2739 3011 2962 3094; x_wconf 90' lang='lat' dir='ltr'><strong>corde,</strong></span> <span class='ocrx_word' id='word_1_619' title='bbox 3010 3036 3093 3080; x_wconf 93' lang='lat' dir='ltr'><strong>ex</strong></span> <span class='ocrx_word' id='word_1_620' title='bbox 3138 3021 3279 3080; x_wconf 90' lang='lat' dir='ltr'><strong>tota</strong></span> <span class='ocrx_word' id='word_1_621' title='bbox 3318 3022 3560 3094; x_wconf 90' lang='lat' dir='ltr'><strong>mente,</strong></span> <span class='ocrx_word' id='word_1_622' title='bbox 3610 3033 3694 3078; x_wconf 92' lang='lat' dir='ltr'><strong>ex</strong></span> <span class='ocrx_word' id='word_1_623' title='bbox 3738 3014 3895 3079; x_wconf 90' lang='lat' dir='ltr'><strong>totis</strong></span> <span class='ocrx_word' id='word_1_624' title='bbox 3938 3014 4193 3080; x_wconf 81' lang='lat' dir='ltr'><strong>viribus</strong></span> <span class='ocrx_word' id='word_1_625' title='bbox 4249 3017 4397 3095; x_wconf 90' lang='lat' dir='ltr'><strong>tuis,</strong></span> 
     </span>
     <span class='ocr_line' id='line_1_89' title="bbox 2436 3100 4399 3184; baseline 0.002 -22"><span class='ocrx_word' id='word_1_626' title='bbox 2436 3107 2871 3183; x_wconf 85' lang='lat' dir='ltr'><strong>agnoscerent</strong></span> <span class='ocrx_word' id='word_1_627' title='bbox 2910 3104 3232 3184; x_wconf 90' lang='lat' dir='ltr'><strong>profecto,</strong></span> <span class='ocrx_word' id='word_1_628' title='bbox 3287 3122 3481 3184; x_wconf 88' lang='lat' dir='ltr'><strong>quam</strong></span> <span class='ocrx_word' id='word_1_629' title='bbox 3528 3100 3757 3183; x_wconf 90' lang='lat' dir='ltr'><strong>procul</strong></span> <span class='ocrx_word' id='word_1_630' title='bbox 3799 3101 3881 3166; x_wconf 92' lang='lat' dir='ltr'><strong>ab</strong></span> <span class='ocrx_word' id='word_1_631' title='bbox 3927 3100 4069 3166; x_wconf 89' lang='lat' dir='ltr'><strong>eius</strong></span> <span class='ocrx_word' id='word_1_632' title='bbox 4114 3100 4399 3184; x_wconf 90' lang='lat' dir='ltr'><strong>comple·</strong></span> 
     </span>
     <span class='ocr_line' id='line_1_90' title="bbox 2435 3185 4396 3269; baseline 0.001 -20"><span class='ocrx_word' id='word_1_633' title='bbox 2435 3194 2660 3250; x_wconf 89' lang='lat' dir='ltr'><strong>mento</strong></span> <span class='ocrx_word' id='word_1_634' title='bbox 2716 3185 2960 3252; x_wconf 88' lang='lat' dir='ltr'><strong>distare</strong></span> <span class='ocrx_word' id='word_1_635' title='bbox 3018 3187 3355 3253; x_wconf 90' lang='lat' dir='ltr'><strong>hominem</strong></span> <span class='ocrx_word' id='word_1_636' title='bbox 3411 3206 3676 3253; x_wconf 87' lang='lat' dir='ltr'><strong>necesse</strong></span> <span class='ocrx_word' id='word_1_637' title='bbox 3723 3188 3811 3252; x_wconf 91' lang='lat' dir='ltr'><strong>sit</strong></span> <span class='ocrx_word' id='word_1_638' title='bbox 3825 3238 3842 3267; x_wconf 91' lang='lat'><strong>,</strong></span> <span class='ocrx_word' id='word_1_639' title='bbox 3901 3185 4213 3269; x_wconf 90' lang='lat' dir='ltr'><strong>quamdiu</strong></span> <span class='ocrx_word' id='word_1_640' title='bbox 4253 3208 4396 3253; x_wconf 88' lang='lat' dir='ltr'><strong>eor-</strong></span> 
     </span>
     <span class='ocr_line' id='line_1_91' title="bbox 2433 3270 4399 3354; baseline 0.002 -19"><span class='ocrx_word' id='word_1_641' title='bbox 2433 3291 2595 3354; x_wconf 90' lang='lat' dir='ltr'><strong>pore</strong></span> <span class='ocrx_word' id='word_1_642' title='bbox 2662 3270 2787 3336; x_wconf 90' lang='lat' dir='ltr'><strong>hoc</strong></span> <span class='ocrx_word' id='word_1_643' title='bbox 2853 3272 3121 3338; x_wconf 89' lang='lat' dir='ltr'><strong>mortali</strong></span> <span class='ocrx_word' id='word_1_644' title='bbox 3178 3272 3638 3340; x_wconf 89' lang='lat' dir='ltr'><strong>circumdatur.</strong></span> <span class='ocrx_word' id='word_1_645' title='bbox 3745 3270 3881 3338; x_wconf 78' lang='lat' dir='ltr'><strong>Sed</strong></span> <span class='ocrx_word' id='word_1_646' title='bbox 3948 3294 4069 3339; x_wconf 93' lang='lat' dir='ltr'><strong>nos</strong></span> <span class='ocrx_word' id='word_1_647' title='bbox 4129 3273 4202 3337; x_wconf 89' lang='lat' dir='ltr'><strong>in</strong></span> <span class='ocrx_word' id='word_1_648' title='bbox 4268 3273 4399 3339; x_wconf 89' lang='lat' dir='ltr'><strong>alia</strong></span> 
     </span>
     <span class='ocr_line' id='line_1_92' title="bbox 2435 3358 4397 3443; baseline 0.002 -22"><span class='ocrx_word' id='word_1_649' title='bbox 2435 3358 2799 3422; x_wconf 88' lang='lat' dir='ltr'><strong>etiamnum</strong></span> <span class='ocrx_word' id='word_1_650' title='bbox 2842 3360 3225 3440; x_wconf 84' lang='lat' dir='ltr'><strong>quaestione</strong></span> <span class='ocrx_word' id='word_1_651' title='bbox 3269 3380 3623 3425; x_wconf 84' lang='lat' dir='ltr'><strong>versamur.</strong></span> <span class='ocrx_word' id='word_1_652' title='bbox 3699 3359 3852 3424; x_wconf 89' lang='lat' dir='ltr'><strong>Non</strong></span> <span class='ocrx_word' id='word_1_653' title='bbox 3892 3359 4071 3424; x_wconf 90' lang='lat' dir='ltr'><strong>enim</strong></span> <span class='ocrx_word' id='word_1_654' title='bbox 4116 3360 4397 3443; x_wconf 91' lang='lat' dir='ltr'><strong>implen-</strong></span> 
     </span>
     <span class='ocr_line' id='line_1_93' title="bbox 2435 3442 4398 3530; baseline 0.002 -24"><span class='ocrx_word' id='word_1_655' title='bbox 2435 3442 2558 3507; x_wconf 88' lang='lat' dir='ltr'><strong>dae</strong></span> <span class='ocrx_word' id='word_1_656' title='bbox 2592 3442 2806 3523; x_wconf 89' lang='lat' dir='ltr'><strong>mod0,</strong></span> <span class='ocrx_word' id='word_1_657' title='bbox 2852 3443 2968 3509; x_wconf 88' lang='lat' dir='ltr'><strong>sed</strong></span> <span class='ocrx_word' id='word_1_658' title='bbox 3010 3446 3210 3511; x_wconf 90' lang='lat' dir='ltr'><strong>etiam</strong></span> <span class='ocrx_word' id='word_1_659' title='bbox 3244 3444 3655 3511; x_wconf 90' lang='lat' dir='ltr'><strong>inchoandae</strong></span> <span class='ocrx_word' id='word_1_660' title='bbox 3697 3446 3833 3530; x_wconf 89' lang='lat' dir='ltr'><strong>legi</strong></span> <span class='ocrx_word' id='word_1_661' title='bbox 3874 3446 3965 3509; x_wconf 91' lang='lat' dir='ltr'><strong>im</strong></span> <span class='ocrx_word' id='word_1_662' title='bbox 4013 3464 4194 3510; x_wconf 90' lang='lat' dir='ltr'><strong>arem</strong></span> <span class='ocrx_word' id='word_1_663' title='bbox 4238 3445 4398 3511; x_wconf 91' lang='lat' dir='ltr'><strong>dici-</strong></span> 
     </span>
     <span class='ocr_line' id='line_1_94' title="bbox 2434 3528 4395 3615; baseline 0.002 -22"><span class='ocrx_word' id='word_1_664' title='bbox 2434 3551 2584 3594; x_wconf 90' lang='lat' dir='ltr'><strong>mus</strong></span> <span class='ocrx_word' id='word_1_665' title='bbox 2629 3550 2775 3594; x_wconf 90' lang='lat' dir='ltr'><strong>esse</strong></span> <span class='ocrx_word' id='word_1_666' title='bbox 2831 3528 3198 3596; x_wconf 89' lang='lat' dir='ltr'><strong>hominem:</strong></span> <span class='ocrx_word' id='word_1_667' title='bbox 3247 3553 3368 3597; x_wconf 93' lang='lat' dir='ltr'><strong>nec</strong></span> <span class='ocrx_word' id='word_1_668' title='bbox 3422 3533 3780 3615; x_wconf 84' lang='lat' dir='ltr'><strong>perfectam</strong></span> <span class='ocrx_word' id='word_1_669' title='bbox 3838 3550 3947 3596; x_wconf 90' lang='lat' dir='ltr'><strong>mo</strong></span> <span class='ocrx_word' id='word_1_670' title='bbox 3996 3551 4034 3595; x_wconf 92' lang='lat' dir='ltr'><strong>o</strong></span> <span class='ocrx_word' id='word_1_671' title='bbox 4092 3542 4159 3594; x_wconf 89' lang='lat' dir='ltr'><strong>et</strong></span> <span class='ocrx_word' id='word_1_672' title='bbox 4201 3552 4395 3597; x_wconf 85' lang='lat' dir='ltr'><strong>exac-</strong></span> 
     </span>
     <span class='ocr_line' id='line_1_95' title="bbox 2435 3615 4399 3701; baseline 0.002 -23"><span class='ocrx_word' id='word_1_673' title='bbox 2435 3622 2573 3679; x_wconf 90' lang='lat' dir='ltr'><strong>tam</strong></span> <span class='ocrx_word' id='word_1_674' title='bbox 2618 3615 2909 3681; x_wconf 87' lang='lat' dir='ltr'><strong>iustitiae</strong></span> <span class='ocrx_word' id='word_1_675' title='bbox 2950 3615 3463 3700; x_wconf 89' lang='lat' dir='ltr'><strong>plenitudinem,</strong></span> <span class='ocrx_word' id='word_1_676' title='bbox 3523 3616 3640 3683; x_wconf 91' lang='lat' dir='ltr'><strong>sed</strong></span> <span class='ocrx_word' id='word_1_677' title='bbox 3682 3617 3984 3682; x_wconf 86' lang='lat' dir='ltr'><strong>infimam</strong></span> <span class='ocrx_word' id='word_1_678' title='bbox 4030 3639 4285 3701; x_wconf 90' lang='lat' dir='ltr'><strong>quoque</strong></span> <span class='ocrx_word' id='word_1_679' title='bbox 4330 3625 4399 3682; x_wconf 89' lang='lat' dir='ltr'><strong>et</strong></span> 
     </span>
     <span class='ocr_line' id='line_1_96' title="bbox 2433 3700 4398 3786; baseline 0.003 -22"><span class='ocrx_word' id='word_1_680' title='bbox 2433 3700 2816 3766; x_wconf 87' lang='lat' dir='ltr'><strong>facillimam</strong></span> <span class='ocrx_word' id='word_1_681' title='bbox 2849 3710 3109 3785; x_wconf 87' lang='lat' dir='ltr'><strong>partem</strong></span> <span class='ocrx_word' id='word_1_682' title='bbox 3149 3703 3327 3769; x_wconf 89' lang='lat' dir='ltr'><strong>illius</strong></span> <span class='ocrx_word' id='word_1_683' title='bbox 3360 3703 3783 3770; x_wconf 84' lang='lat' dir='ltr'><strong>facultatibus</strong></span> <span class='ocrx_word' id='word_1_684' title='bbox 3824 3704 4229 3786; x_wconf 89' lang='lat' dir='ltr'><strong>superiorem</strong></span> <span class='ocrx_word' id='word_1_685' title='bbox 4252 3724 4398 3770; x_wconf 89' lang='grc'><strong>6886</strong></span> 
     </span>
     <span class='ocr_line' id='line_1_97' title="bbox 2435 3786 4395 3871; baseline 0.003 -20"><span class='ocrx_word' id='word_1_686' title='bbox 2435 3786 2732 3867; x_wconf 85' lang='lat' dir='ltr'><strong>dicimus,</strong></span> <span class='ocrx_word' id='word_1_687' title='bbox 2778 3808 2941 3871; x_wconf 90' lang='lat' dir='ltr'><strong>quas</strong></span> <span class='ocrx_word' id='word_1_688' title='bbox 2986 3787 3149 3854; x_wconf 89' lang='lat' dir='ltr'><strong>adeo</strong></span> <span class='ocrx_word' id='word_1_689' title='bbox 3193 3790 3266 3853; x_wconf 92' lang='lat' dir='ltr'><strong>in</strong></span> <span class='ocrx_word' id='word_1_690' title='bbox 3309 3788 3587 3855; x_wconf 91' lang='lat' dir='ltr'><strong>sublime</strong></span> <span class='ocrx_word' id='word_1_691' title='bbox 3630 3789 3710 3855; x_wconf 91' lang='lat' dir='ltr'><strong>Pi</strong></span> <span class='ocrx_word' id='word_1_692' title='bbox 3761 3788 3914 3854; x_wconf 90' lang='lat' dir='ltr'><strong>hius</strong></span> <span class='ocrx_word' id='word_1_693' title='bbox 3959 3789 4200 3854; x_wconf 82' lang='lat' dir='ltr'><strong>evehit.</strong></span> <span class='ocrx_word' id='word_1_694' title='bbox 4286 3791 4395 3856; x_wconf 86' lang='lat' dir='ltr'><strong>An</strong></span> 
     </span>
     <span class='ocr_line' id='line_1_98' title="bbox 2435 3874 4399 3958; baseline 0.002 -21"><span class='ocrx_word' id='word_1_695' title='bbox 2435 3882 2658 3937; x_wconf 91' lang='lat' dir='ltr'><strong>autem</strong></span> <span class='ocrx_word' id='word_1_696' title='bbox 2702 3895 2934 3939; x_wconf 86' lang='lat' dir='ltr'><strong>verum</strong></span> <span class='ocrx_word' id='word_1_697' title='bbox 2989 3874 3157 3940; x_wconf 90' lang='lat' dir='ltr'><strong>illud</strong></span> <span class='ocrx_word' id='word_1_698' title='bbox 3201 3876 3290 3941; x_wconf 91' lang='lat' dir='ltr'><strong>sit</strong></span> <span class='ocrx_word' id='word_1_699' title='bbox 3334 3897 3573 3954; x_wconf 88' lang='lat' dir='ltr'><strong>necne,</strong></span> <span class='ocrx_word' id='word_1_700' title='bbox 3630 3898 3715 3940; x_wconf 92' lang='lat' dir='ltr'><strong>no</strong></span> <span class='ocrx_word' id='word_1_701' title='bbox 3744 3897 3782 3940; x_wconf 94' lang='lat' dir='ltr'><strong>o</strong></span> <span class='ocrx_word' id='word_1_702' title='bbox 3822 3883 3900 3940; x_wconf 93' lang='lat' dir='ltr'><strong>ut</strong></span> <span class='ocrx_word' id='word_1_703' title='bbox 3944 3876 4269 3958; x_wconf 84' lang='lat' dir='ltr'><strong>quispiam</strong></span> <span class='ocrx_word' id='word_1_704' title='bbox 4314 3898 4399 3941; x_wconf 89' lang='lat' dir='ltr'><strong>ex</strong></span> 
     </span>
     <span class='ocr_line' id='line_1_99' title="bbox 2433 3958 4452 4045; baseline 0.003 -22"><span class='ocrx_word' id='word_1_705' title='bbox 2433 3980 2541 4024; x_wconf 90' lang='lat' dir='ltr'><strong>me</strong></span> <span class='ocrx_word' id='word_1_706' title='bbox 2596 3959 2830 4024; x_wconf 87' lang='lat' dir='ltr'><strong>discat:</strong></span> <span class='ocrx_word' id='word_1_707' title='bbox 2888 3958 3004 4025; x_wconf 90' lang='lat' dir='ltr'><strong>sed</strong></span> <span class='ocrx_word' id='word_1_708' title='bbox 3069 3962 3366 4026; x_wconf 79' lang='lat' dir='ltr'><strong>consulat</strong></span> <span class='ocrx_word' id='word_1_709' title='bbox 3438 3963 3890 4045; x_wconf 87' lang='lat' dir='ltr'><strong>unusquisque</strong></span> <span class='ocrx_word' id='word_1_710' title='bbox 3945 3959 4243 4026; x_wconf 89' lang='lat' dir='ltr'><strong>fidelium</strong></span> <span class='ocrx_word' id='word_1_711' title='bbox 4299 3964 4398 4029; x_wconf 82' lang='lat' dir='ltr'><strong>vi-</strong></span> <span class='ocrx_word' id='word_1_712' title='bbox 4448 4039 4452 4044; x_wconf 46' lang='grc'><strong>,</strong></span> 
     </span>
     <span class='ocr_line' id='line_1_100' title="bbox 2433 4044 4399 4129; baseline 0.002 -21"><span class='ocrx_word' id='word_1_713' title='bbox 2433 4065 2590 4109; x_wconf 79' lang='lat' dir='ltr'><strong>vam</strong></span> <span class='ocrx_word' id='word_1_714' title='bbox 2635 4044 2791 4110; x_wconf 90' lang='lat' dir='ltr'><strong>fidei</strong></span> <span class='ocrx_word' id='word_1_715' title='bbox 2834 4047 3340 4129; x_wconf 85' lang='lat' dir='ltr'><strong>experientiam,</strong></span> <span class='ocrx_word' id='word_1_716' title='bbox 3390 4057 3532 4113; x_wconf 89' lang='lat' dir='ltr'><strong>tum</strong></span> <span class='ocrx_word' id='word_1_717' title='bbox 3578 4048 3824 4114; x_wconf 87' lang='lat' dir='ltr'><strong>certius</strong></span> <span class='ocrx_word' id='word_1_718' title='bbox 3869 4047 3963 4112; x_wconf 89' lang='lat' dir='ltr'><strong>rei</strong></span> <span class='ocrx_word' id='word_1_719' title='bbox 4007 4067 4205 4129; x_wconf 89' lang='lat' dir='ltr'><strong>quam</strong></span> <span class='ocrx_word' id='word_1_720' title='bbox 4253 4069 4399 4114; x_wconf 83' lang='lat' dir='ltr'><strong>ver-</strong></span> 
     </span>
     <span class='ocr_line' id='line_1_101' title="bbox 2433 4130 4398 4215; baseline 0.002 -19"><span class='ocrx_word' id='word_1_721' title='bbox 2433 4130 2536 4196; x_wconf 90' lang='lat' dir='ltr'><strong>bis</strong></span> <span class='ocrx_word' id='word_1_722' title='bbox 2578 4131 2992 4197; x_wconf 86' lang='lat' dir='ltr'><strong>assentietur.</strong></span> <span class='ocrx_word' id='word_1_723' title='bbox 3063 4131 3209 4198; x_wconf 86' lang='lat' dir='ltr'><strong>Iam</strong></span> <span class='ocrx_word' id='word_1_724' title='bbox 3254 4154 3422 4215; x_wconf 89' lang='lat' dir='ltr'><strong>quae</strong></span> <span class='ocrx_word' id='word_1_725' title='bbox 3466 4132 3549 4197; x_wconf 87' lang='lat' dir='ltr'><strong>ad</strong></span> <span class='ocrx_word' id='word_1_726' title='bbox 3592 4133 3791 4198; x_wconf 88' lang='lat' dir='ltr'><strong>huius</strong></span> <span class='ocrx_word' id='word_1_727' title='bbox 3836 4134 4202 4198; x_wconf 89' lang='lat' dir='ltr'><strong>sententiae</strong></span> <span class='ocrx_word' id='word_1_728' title='bbox 4242 4154 4398 4199; x_wconf 91' lang='lat' dir='ltr'><strong>eon-</strong></span> 
     </span>
     <span class='ocr_line' id='line_1_102' title="bbox 2434 4216 4399 4303; baseline 0.003 -23"><span class='ocrx_word' id='word_1_729' title='bbox 2434 4217 2876 4282; x_wconf 87' lang='lat' dir='ltr'><strong>firmationem</strong></span> <span class='ocrx_word' id='word_1_730' title='bbox 2921 4217 3289 4285; x_wconf 89' lang='lat' dir='ltr'><strong>clarissima</strong></span> <span class='ocrx_word' id='word_1_731' title='bbox 3330 4216 3529 4284; x_wconf 89' lang='lat' dir='ltr'><strong>Pauli</strong></span> <span class='ocrx_word' id='word_1_732' title='bbox 3574 4219 3952 4285; x_wconf 86' lang='lat' dir='ltr'><strong>testimonia</strong></span> <span class='ocrx_word' id='word_1_733' title='bbox 3996 4218 4224 4303; x_wconf 89' lang='lat' dir='ltr'><strong>allego,</strong></span> <span class='ocrx_word' id='word_1_734' title='bbox 4270 4219 4399 4286; x_wconf 88' lang='lat' dir='ltr'><strong>rite</strong></span> 
     </span>
     <span class='ocr_line' id='line_1_103' title="bbox 2435 4302 4399 4388; baseline 0.002 -21"><span class='ocrx_word' id='word_1_735' title='bbox 2435 4324 2507 4367; x_wconf 90' lang='grc'><strong>86</strong></span> <span class='ocrx_word' id='word_1_736' title='bbox 2553 4302 2824 4369; x_wconf 90' lang='lat' dir='ltr'><strong>diluisse</strong></span> <span class='ocrx_word' id='word_1_737' title='bbox 2864 4312 3086 4387; x_wconf 88' lang='lat' dir='ltr'><strong>putat,</strong></span> <span class='ocrx_word' id='word_1_738' title='bbox 3135 4326 3336 4388; x_wconf 90' lang='lat' dir='ltr'><strong>quum</strong></span> <span class='ocrx_word' id='word_1_739' title='bbox 3384 4304 3513 4369; x_wconf 91' lang='lat' dir='ltr'><strong>huc</strong></span> <span class='ocrx_word' id='word_1_740' title='bbox 3558 4327 3689 4370; x_wconf 93' lang='lat' dir='ltr'><strong>non</strong></span> <span class='ocrx_word' id='word_1_741' title='bbox 3733 4304 4067 4387; x_wconf 89' lang='lat' dir='ltr'><strong>pertinere</strong></span> <span class='ocrx_word' id='word_1_742' title='bbox 4109 4325 4399 4387; x_wconf 89' lang='lat' dir='ltr'><strong>pronun-</strong></span> 
     </span>
     <span class='ocr_line' id='line_1_104' title="bbox 2435 4389 4397 4476; baseline 0.003 -25"><span class='ocrx_word' id='word_1_743' title='bbox 2435 4389 2650 4456; x_wconf 81' lang='lat' dir='ltr'><strong>ciavit.</strong></span> <span class='ocrx_word' id='word_1_744' title='bbox 2730 4391 2841 4454; x_wconf 87' lang='lat' dir='ltr'><strong>An</strong></span> <span class='ocrx_word' id='word_1_745' title='bbox 2885 4391 3042 4473; x_wconf 91' lang='lat' dir='ltr'><strong>quia</strong></span> <span class='ocrx_word' id='word_1_746' title='bbox 3081 4412 3204 4474; x_wconf 90' lang='lat' dir='ltr'><strong>per</strong></span> <span class='ocrx_word' id='word_1_747' title='bbox 3245 4390 3477 4474; x_wconf 91' lang='lat' dir='ltr'><strong>legem,</strong></span> <span class='ocrx_word' id='word_1_748' title='bbox 3522 4391 3759 4476; x_wconf 89' lang='lat' dir='ltr'><strong>inquit,</strong></span> <span class='ocrx_word' id='word_1_749' title='bbox 3796 4392 4083 4474; x_wconf 90' lang='lat' dir='ltr'><strong>cognitio</strong></span> <span class='ocrx_word' id='word_1_750' title='bbox 4127 4392 4397 4473; x_wconf 90' lang='lat' dir='ltr'><strong>peccati,</strong></span> 
     </span>
     <span class='ocr_line' id='line_1_105' title="bbox 2433 4472 4396 4561; baseline 0.003 -24"><span class='ocrx_word' id='word_1_751' title='bbox 2433 4472 2583 4538; x_wconf 92' lang='lat' dir='ltr'><strong>ideo</strong></span> <span class='ocrx_word' id='word_1_752' title='bbox 2636 4474 3061 4558; x_wconf 87' lang='lat' dir='ltr'><strong>impossibilis</strong></span> <span class='ocrx_word' id='word_1_753' title='bbox 3128 4485 3231 4542; x_wconf 89' lang='lat' dir='ltr'><strong>est</strong></span> <span class='ocrx_word' id='word_1_754' title='bbox 3295 4476 3462 4561; x_wconf 88' lang='lat' dir='ltr'><strong>legis</strong></span> <span class='ocrx_word' id='word_1_755' title='bbox 3524 4474 3936 4544; x_wconf 83' lang='lat' dir='ltr'><strong>observatio?</strong></span> <span class='ocrx_word' id='word_1_756' title='bbox 4040 4477 4186 4560; x_wconf 85' lang='lat' dir='ltr'><strong>Ego</strong></span> <span class='ocrx_word' id='word_1_757' title='bbox 4240 4497 4396 4542; x_wconf 77' lang='lat' dir='ltr'><strong>vero</strong></span> 
     </span>
     <span class='ocr_line' id='line_1_106' title="bbox 2436 4559 4395 4646; baseline 0.002 -23"><span class='ocrx_word' id='word_1_758' title='bbox 2436 4580 2571 4623; x_wconf 93' lang='lat' dir='ltr'><strong>non</strong></span> <span class='ocrx_word' id='word_1_759' title='bbox 2626 4559 2694 4624; x_wconf 93' lang='lat' dir='ltr'><strong>id</strong></span> <span class='ocrx_word' id='word_1_760' title='bbox 2744 4559 2967 4639; x_wconf 90' lang='lat' dir='ltr'><strong>mode,</strong></span> <span class='ocrx_word' id='word_1_761' title='bbox 3024 4561 3139 4628; x_wconf 91' lang='lat' dir='ltr'><strong>sed</strong></span> <span class='ocrx_word' id='word_1_762' title='bbox 3196 4562 3445 4628; x_wconf 89' lang='lat' dir='ltr'><strong>serium</strong></span> <span class='ocrx_word' id='word_1_763' title='bbox 3499 4583 3756 4646; x_wconf 84' lang='lat' dir='ltr'><strong>quoque</strong></span> <span class='ocrx_word' id='word_1_764' title='bbox 3796 4560 4194 4628; x_wconf 88' lang='lat' dir='ltr'><strong>observandi</strong></span> <span class='ocrx_word' id='word_1_765' title='bbox 4253 4575 4395 4626; x_wconf 88' lang='lat' dir='ltr'><strong>stu·</strong></span> 
     </span>
     <span class='ocr_line' id='line_1_107' title="bbox 2436 4645 4397 4732; baseline 0.001 -22"><span class='ocrx_word' id='word_1_766' title='bbox 2436 4645 2620 4710; x_wconf 90' lang='lat' dir='ltr'><strong>dium</strong></span> <span class='ocrx_word' id='word_1_767' title='bbox 2675 4647 3074 4729; x_wconf 88' lang='lat' dir='ltr'><strong>impossibile</strong></span> <span class='ocrx_word' id='word_1_768' title='bbox 3129 4671 3302 4730; x_wconf 91' lang='lat' dir='ltr'><strong>esse,</strong></span> <span class='ocrx_word' id='word_1_769' title='bbox 3347 4648 3502 4715; x_wconf 90' lang='lat' dir='ltr'><strong>inde</strong></span> <span class='ocrx_word' id='word_1_770' title='bbox 3543 4648 3809 4732; x_wconf 85' lang='lat' dir='ltr'><strong>colligo:</strong></span> <span class='ocrx_word' id='word_1_771' title='bbox 3869 4648 4036 4713; x_wconf 89' lang='lat' dir='ltr'><strong>sicut</strong></span> <span class='ocrx_word' id='word_1_772' title='bbox 4076 4647 4204 4713; x_wconf 91' lang='lat' dir='ltr'><strong>loci</strong></span> <span class='ocrx_word' id='word_1_773' title='bbox 4240 4667 4397 4712; x_wconf 90' lang='lat' dir='ltr'><strong>con-</strong></span> 
     </span>
     <span class='ocr_line' id='line_1_108' title="bbox 2434 4733 4394 4820; baseline 0.001 -23"><span class='ocrx_word' id='word_1_774' title='bbox 2434 4740 2662 4797; x_wconf 89' lang='lat' dir='ltr'><strong>textus</strong></span> <span class='ocrx_word' id='word_1_775' title='bbox 2708 4734 3076 4799; x_wconf 88' lang='lat' dir='ltr'><strong>necessario</strong></span> <span class='ocrx_word' id='word_1_776' title='bbox 3118 4736 3426 4820; x_wconf 88' lang='lat' dir='ltr'><strong>postulat.</strong></span> <span class='ocrx_word' id='word_1_777' title='bbox 3516 4734 3690 4800; x_wconf 91' lang='lat' dir='ltr'><strong>Nam</strong></span> <span class='ocrx_word' id='word_1_778' title='bbox 3744 4733 3860 4798; x_wconf 82' lang='lat' dir='ltr'><strong>illa</strong></span> <span class='ocrx_word' id='word_1_779' title='bbox 3899 4733 4284 4815; x_wconf 88' lang='lat' dir='ltr'><strong>quaestione</strong></span> <span class='ocrx_word' id='word_1_780' title='bbox 4324 4734 4394 4798; x_wconf 92' lang='lat' dir='ltr'><strong>in</strong></span> 
     </span>
     <span class='ocr_line' id='line_1_109' title="bbox 2431 4816 4393 4904; baseline 0.002 -22"><span class='ocrx_word' id='word_1_781' title='bbox 2431 4816 2726 4882; x_wconf 91' lang='lat' dir='ltr'><strong>medium</strong></span> <span class='ocrx_word' id='word_1_782' title='bbox 2771 4818 3002 4902; x_wconf 88' lang='lat' dir='ltr'><strong>posita,</strong></span> <span class='ocrx_word' id='word_1_783' title='bbox 3135 4822 3340 4888; x_wconf 88' lang='lat' dir='ltr'><strong>ssitne</strong></span> <span class='ocrx_word' id='word_1_784' title='bbox 3383 4821 3664 4886; x_wconf 88' lang='lat' dir='ltr'><strong>obtineri</strong></span> <span class='ocrx_word' id='word_1_785' title='bbox 3707 4818 3962 4885; x_wconf 87' lang='lat' dir='ltr'><strong>iustitia</strong></span> <span class='ocrx_word' id='word_1_786' title='bbox 4002 4840 4122 4902; x_wconf 91' lang='lat' dir='ltr'><strong>per</strong></span> <span class='ocrx_word' id='word_1_787' title='bbox 4161 4819 4393 4904; x_wconf 90' lang='lat' dir='ltr'><strong>legem,</strong></span> 
     </span>
     <span class='ocr_line' id='line_1_110' title="bbox 2433 4843 4395 4987; baseline 0.001 -17"><span class='ocrx_word' id='word_1_788' title='bbox 2433 4911 2509 4970; x_wconf 91' lang='lat' dir='ltr'><strong>ut</strong></span> <span class='ocrx_word' id='word_1_789' title='bbox 2550 4904 2676 4971; x_wconf 89' lang='lat' dir='ltr'><strong>hoc</strong></span> <span class='ocrx_word' id='word_1_790' title='bbox 2719 4843 3133 4987; x_wconf 58' lang='lat' dir='ltr'><strong>impossibflg</strong></span> <span class='ocrx_word' id='word_1_791' title='bbox 3183 4928 3325 4974; x_wconf 87' lang='lat' dir='ltr'><strong>esse</strong></span> <span class='ocrx_word' id='word_1_792' title='bbox 3369 4906 3750 4985; x_wconf 86' lang='lat' dir='ltr'><strong>convineat,</strong></span> <span class='ocrx_word' id='word_1_793' title='bbox 3804 4905 3931 4971; x_wconf 89' lang='lat' dir='ltr'><strong>hac</strong></span> <span class='ocrx_word' id='word_1_794' title='bbox 3984 4915 4243 4971; x_wconf 89' lang='lat' dir='ltr'><strong>tantum</strong></span> <span class='ocrx_word' id='word_1_795' title='bbox 4288 4928 4395 4972; x_wconf 90' lang='lat' dir='ltr'><strong>ra-</strong></span> 
     </span>
     <span class='ocr_line' id='line_1_111' title="bbox 2433 4991 4393 5078; baseline 0.002 -23"><span class='ocrx_word' id='word_1_796' title='bbox 2433 4993 2614 5056; x_wconf 90' lang='lat' dir='ltr'><strong>tione</strong></span> <span class='ocrx_word' id='word_1_797' title='bbox 2651 4992 2891 5056; x_wconf 86' lang='lat' dir='ltr'><strong>utitur:</strong></span> <span class='ocrx_word' id='word_1_798' title='bbox 2930 5013 3051 5075; x_wconf 91' lang='lat' dir='ltr'><strong>per</strong></span> <span class='ocrx_word' id='word_1_799' title='bbox 3072 4992 3287 5077; x_wconf 89' lang='lat' dir='ltr'><strong>legem</strong></span> <span class='ocrx_word' id='word_1_800' title='bbox 3311 4992 3596 5078; x_wconf 90' lang='lat' dir='ltr'><strong>cognitio</strong></span> <span class='ocrx_word' id='word_1_801' title='bbox 3631 4992 3884 5075; x_wconf 88' lang='lat' dir='ltr'><strong>peccati</strong></span> <span class='ocrx_word' id='word_1_802' title='bbox 3918 4991 4141 5076; x_wconf 87' lang='lat' dir='ltr'><strong>(Rom.</strong></span> <span class='ocrx_word' id='word_1_803' title='bbox 4174 4995 4232 5070; x_wconf 84' lang='lat'><strong>3,</strong></span> <span class='ocrx_word' id='word_1_804' title='bbox 4260 4996 4393 5077; x_wconf 84' lang='lat'><strong>20).</strong></span> 
     </span>
    </p>
   </div>
   <div class='ocr_carea' id='block_1_10' title="bbox 2437 5132 2845 5141">
    <p class='ocr_par' dir='ltr' id='par_1_11' title="bbox 2437 5132 2845 5141">
     <span class='ocr_line' id='line_1_112' title="bbox 2437 5132 2845 5141; baseline 0 1038"><span class='ocrx_word' id='word_1_805' title='bbox 2437 5132 2845 5141; x_wconf 95' lang='lat' dir='ltr'><strong> </strong></span> 
     </span>
    </p>
   </div>
   <div class='ocr_carea' id='block_1_11' title="bbox 2433 5211 4395 5419">
    <p class='ocr_par' dir='ltr' id='par_1_12' title="bbox 2433 5211 4395 5419">
     <span class='ocr_line' id='line_1_113' title="bbox 2574 5211 4395 5283; baseline 0.001 -16"><span class='ocrx_word' id='word_1_806' title='bbox 2574 5213 2634 5281; x_wconf 84' lang='lat'><strong>1)</strong></span> <span class='ocrx_word' id='word_1_807' title='bbox 2674 5211 2768 5268; x_wconf 73' lang='lat' dir='ltr'><strong>Sic</strong></span> <span class='ocrx_word' id='word_1_808' title='bbox 2802 5212 2922 5268; x_wconf 75' lang='lat' dir='ltr'><strong>sola</strong></span> <span class='ocrx_word' id='word_1_809' title='bbox 2960 5215 3245 5283; x_wconf 57' lang='lat' dir='ltr'><strong>princepe,</strong></span> <span class='ocrx_word' id='word_1_810' title='bbox 3291 5212 3665 5282; x_wconf 70' lang='lat' dir='ltr'><strong>adstipulante</strong></span> <span class='ocrx_word' id='word_1_811' title='bbox 3704 5212 3870 5269; x_wconf 76' lang='lat' dir='ltr'><strong>Gallo</strong></span> <span class='ocrx_word' id='word_1_812' title='bbox 3988 5214 4015 5267; x_wconf 76' lang='lat' dir='ltr'><strong>i</strong></span> <span class='ocrx_word' id='word_1_813' title='bbox 4055 5213 4242 5267; x_wconf 73' lang='lat' dir='ltr'><strong>vertit:</strong></span> <span class='ocrx_word' id='word_1_814' title='bbox 4289 5211 4395 5268; x_wconf 78' lang='lat' dir='ltr'><strong>Car</strong></span> 
     </span>
     <span class='ocr_line' id='line_1_114' title="bbox 2435 5229 4390 5353; baseline -0.002 -15"><span class='ocrx_word' id='word_1_815' title='bbox 2435 5283 2504 5338; x_wconf 83' lang='lat' dir='ltr'><strong>ils</strong></span> <span class='ocrx_word' id='word_1_816' title='bbox 2541 5290 2839 5338; x_wconf 87' lang='lat' dir='ltr'><strong>entonnent</strong></span> <span class='ocrx_word' id='word_1_817' title='bbox 2870 5298 2999 5351; x_wconf 83' lang='lat' dir='ltr'><strong>gros</strong></span> <span class='ocrx_word' id='word_1_818' title='bbox 3035 5289 3092 5337; x_wconf 86' lang='lat' dir='ltr'><strong>et</strong></span> <span class='ocrx_word' id='word_1_819' title='bbox 3127 5286 3161 5339; x_wconf 75' lang='lat' dir='ltr'><strong>a</strong></span> <span class='ocrx_word' id='word_1_820' title='bbox 3202 5283 3350 5352; x_wconf 87' lang='lat' dir='ltr'><strong>plein</strong></span> <span class='ocrx_word' id='word_1_821' title='bbox 3392 5284 3592 5353; x_wconf 78' lang='lat' dir='ltr'><strong>gosier.</strong></span> <span class='ocrx_word' id='word_1_822' title='bbox 3665 5282 3762 5338; x_wconf 68' lang='lat' dir='ltr'><strong>Er</strong></span> <span class='ocrx_word' id='word_1_823' title='bbox 3802 5229 4049 5340; x_wconf 59' lang='lat' dir='ltr'><strong>Gaffia&#39;faea·</strong></span> <span class='ocrx_word' id='word_1_824' title='bbox 4088 5280 4390 5350; x_wconf 66' lang='lat' dir='ltr'><strong>exemplari</strong></span> 
     </span>
     <span class='ocr_line' id='line_1_115' title="bbox 2433 5351 3363 5419; baseline 0 -13"><span class='ocrx_word' id='word_1_825' title='bbox 2433 5351 2600 5419; x_wconf 67' lang='lat' dir='ltr'><strong>fluxit</strong></span> <span class='ocrx_word' id='word_1_826' title='bbox 2632 5354 2987 5408; x_wconf 71' lang='lat' dir='ltr'><strong>recentiorum</strong></span> <span class='ocrx_word' id='word_1_827' title='bbox 3023 5351 3206 5409; x_wconf 62' lang='lat' dir='ltr'><strong>lacteo.-</strong></span> <span class='ocrx_word' id='word_1_828' title='bbox 3240 5352 3363 5406; x_wconf 76' lang='lat' dir='ltr'><strong>alio.</strong></span> 
     </span>
    </p>
   </div>
  </div>
 </body>
</html>
