4999 6179
386 471 464 531 41

1244 657 1508 715 unul-'m

558 726 710 792 Non
744 748 880 810 1166,
917 725 1349 811 cependantq
1350 751 1394 793 u
1396 698 1538 793 ’6116
1571 726 1838 794 bataille
1865 748 1948 792 66
1981 747 2053 792 66
2088 726 2346 792 monde.

384 810 518 878 Car
558 812 612 876 il
653 836 698 897 y
735 834 776 877 a
809 813 1140 877 tonsiours
1175 812 1290 880 des
1328 814 1614 897 reliques
1647 811 1708 879 d’
1710 813 2179 897 imper-fection,
2220 812 2348 878 166-

384 897 636 999 quelles
678 920 762 964 ne
805 905 1032 964 seront
1084 899 1319 966 iamais
1377 907 1622 979 661666,
1679 899 1876 982 iusqu
1879 903 1943 964 ’a
1986 920 2060 965 ce
2114 919 2201 983 qu
2202 897 2349 963 ’elle

384 984 510 1049 soit
550 984 958 1069 plainement
999 984 1364 1052 conioincte
1404 993 1446 1052 a
1502 1008 1626 1053 666
1668 984 1847 1051 Chef
1881 984 2073 1051 Iesus
2118 984 2350 1051 Christ

384 1069 630 1154 duquel
673 1070 798 1137 elle
841 1080 941 1137 661
985 1071 1338 1138 sanctifice.

1056 1156 1079 1177 ²
1186 1192 1253 1229 LE
1286 1193 1547 1229 mm·

554 1242 651 1307 Et
690 1250 867 1309 ceste
902 1242 1133 1326 Eglise
1169 1265 1254 1310 ne
1289 1266 1359 1310 66
1392 1251 1552 1328 peut
1597 1243 1723 1310 6116
1771 1249 2143 1309 6611616661
2191 1264 2346 1309 666-

382 1328 674 1413 gnoistre
716 1332 824 1412 qu’
827 1350 911 1393 66
953 1328 1019 1392 16
1063 1329 1387 1415 croyant?

1226 1432 1375 1486 L’ffl
1376 1453 1492 1487 ΛΚΤ

550 1499 617 1564 Π
657 1521 703 1584 y
748 1522 787 1565 a
830 1501 983 1566 bien
1026 1501 1253 1586 Ε31166
1294 1502 1376 1567 (16
1417 1500 1596 1567 Dieu
1638 1500 2142 1579 11611116,66166
2186 1501 2345 1585 qu’il

379 1605 550 1652 nous
602 1607 643 1651 a
697 1584 914 1652 donne
977 1585 1074 1652 les
1130 1589 1476 1672 enseignes
1531 1608 1698 1670 pour
1761 1587 1830 1652 la
1891 1588 2342 1671 congnoistre:

378 1673 549 1738 16616
601 1671 650 1736 11
707 1680 810 1738 661
851 1674 959 1757 icy
1008 1673 1191 1757 parle
1234 1680 1661 1758 proprement
1701 1671 1783 1737 de
1825 1671 1893 1738 16
1935 1674 2347 1758 compaignie

379 1756 462 1824 (16
504 1777 672 1824 6661
714 1780 840 1841 que
883 1759 1058 1826 Dieu
1102 1780 1143 1824 a
1181 1760 1331 1825 eleu
1373 1780 1543 1844 pour
1584 1759 1684 1825 166
1728 1778 1996 1824 sauver:
2058 1758 2343 1843 laquelle

377 1865 465 1910 ne
500 1865 571 1910 66
612 1852 774 1927 peut
815 1865 935 1927 pas
977 1845 1384 1929 pleinement
1425 1847 1570 1913 1611·
1613 1853 1656 1910 a
1696 1844 1874 1912 l’oeil.

1180 1968 1249 2003 m
1282 1968 1541 2003 mmm·

553 2014 704 2097 Que
738 2016 1141 2083 s’ensuit-il?

1232 2119 1496 2174 L’mm.

549 2187 624 2253 Ie
669 2208 826 2273 croy
863 2188 933 2254 16
972 2190 1321 2256 1661166166
1356 2189 1472 2255 (166
1513 2188 1771 2273 pechez.

1180 2311 1245 2345 ΒΕ
1278 2311 1537 2346 mm.

547 2358 1021 2441 Qu’entens-tu
1055 2381 1178 2446 par
1220 2376 1295 2428 ce
1336 2368 1477 2427 mot
1520 2361 1602 2427 de
1643 2359 2030 2429 16611661661

550 2528 699 2613 Que
720 2531 954 2598 DIEU
987 2552 1110 2616 par
1132 2553 1206 2599 66
1227 2534 1423 2599 116616
1442 2484 1747 2618 gratuite
1782 2539 1991 2598 temet
2026 2539 2094 2596 et
2128 2531 2337 2615 quitte

373 2623 420 2683 δ
453 2638 559 2684 666
593 2616 821 2684 fideles
853 2617 1031 2683 leurs
1070 2619 1313 2685 fantes:
1358 2620 1699 2685 tellement
1731 2639 1817 2718 qu
1820 2617 1998 2684 ’61166
2032 2636 2117 2682 66
2150 2617 2338 2685 1166-

369 2709 539 2769 6661
585 2704 774 2788 point
826 2726 909 2769 66
966 2711 1221 2789 compte
1274 2706 1519 2772 devant
1563 2725 1688 2770 666
1742 2705 2129 2789 ingement,
2168 2725 2337 2788 pour

369 2788 472 2856 166
517 2811 600 2856 66
638 2789 854 2873 punir.

1178 2914 1243 2947 LE
1278 2913 1393 2947 mm
1396 2912 1537 2948 Bm·

543 2960 651 3026 De
703 2960 846 3027 6616
898 2961 981 3025 11
954 2982 1032 3027 6
1033 2965 1271 3029 6ἰι6611
1324 2985 1450 3047 que
1506 2982 1675 3028 6666
1718 2983 1803 3026 66
1854 2961 2173 3027 meritone
2217 2982 2337 3044 pas

368 3065 495 3131 par
537 3046 998 3146 satisfactione,
1043 3070 1173 3134 que
1215 3049 1392 3115 Dieu
1435 3071 1603 3116 6666
1645 3048 2004 3133 pardonne.

545 3287 766 3353 Voire.
857 3287 993 3354 Car
1023 3289 1087 3354 16
1131 3220 1492 3375 8613ῗὲἳέ
1505 3290 1695 3355 16666
1742 3310 1781 3353 6
1822 3288 1978 3353 faict
2023 3288 2087 3353 16
2134 3308 2338 3372 paye-

369 3380 577 3455 ment,
625 3382 693 3439 61
735 3394 819 3440 66
863 3396 904 3440 6
944 3383 1136 3459 porte
1178 3376 1248 3442 16
1287 3378 1495 3460 peine.
1586 3376 1693 3440 De
1726 3381 1951 3440 666116
1985 3380 2138 3458 part
2170 3394 2339 3440 6666

370 3479 458 3526 66
500 3480 801 3545 pouvons
846 3469 1153 3545 appot-ter
1195 3483 1450 3529 aucune
1493 3479 1947 3545 recompenso:
1994 3460 2163 3526 mais
2197 3462 2341 3525 faut

370 3566 461 3698 qu
462 3567 499 3612 6
555 3547 897 3614 166611666
949 3568 1070 3632 par
1123 3547 1188 3613 16
1241 3570 1404 3633 pure
1450 3547 1776 3615 liberalite
1820 3545 1903 3612 de
1946 3546 2140 3627 Dieu,
2184 3568 2338 3631 par-

417 3651 508 3698 on
551 3630 632 3698 de
675 3638 825 3700 1666
869 3655 991 3700 noz
1033 3634 1383 3701 mesfaictz.

1176 3755 1534 3792 mmm

547 3804 908 3891 Pourqnoy
948 3811 1232 3872 metz-tu
1274 3814 1413 3873 cest
1454 3805 1682 3874 article
1727 3824 1920 3888 apres
1960 3804 2280 3889 l'Eglise‘?

544 3977 801 4044 Pource
843 4000 972 4061 que
1009 3979 1130 4046 661
1164 3983 1228 4044 6’
1212 3908 1492 4046 'officia
1527 3976 1780 4061 pardon
1813 3975 1897 4041 de
1930 3997 2037 4042 666
2070 3977 2333 4060 pechez,

371 4084 502 4215 Ὲιιθ
539 4065 1050 4148 premierement
1078 4065 1130 4131 11
1172 4087 1258 4132 66
1301 4064 1431 4130 6611
1469 4067 1813 4147 incorpore
1854 4082 1940 4128 66
1980 4062 2217 4147 peuple
2253 4062 2335 4128 de

467 4171 570 4228 eu,
617 4157 686 4215 et
787 4171 1087 4217 61661616
1131 4173 1217 4218 66
1260 4152 1443 4217 66116
1496 4158 1565 4218 61
1606 4148 2025 4216 communion
2070 4171 2229 4217 avec
2269 4149 2334 4215 16

370 4256 528 4320 corp
529 4257 563 4302 6
607 4235 688 4303 (16
727 4171 1103 4303 ὅΗΒΙΒΤε
1157 4245 1225 4303 61
1268 4238 1437 4304 61661
1480 4235 1639 4320 qu'il
1683 4236 1810 4302 soit
1864 4240 1982 4315 [fol.
2019 4239 2128 4316 20]
2162 4257 2332 4321 vray

370 4323 667 4390 membre
707 4321 788 4387 de
829 4323 1120 4408 l’Eglise.

1174 4443 1241 4480 m
1273 4445 1530 4480 mm.

546 4493 744 4560 Ainsi
786 4494 946 4560 hors
991 4493 1073 4561 de
1115 4493 1391 4579 I'Eglise
1444 4495 1493 4559 il
1536 4501 1650 4579 n’y
1691 4514 1733 4559 6
1774 4514 1904 4578 que
1949 4493 2334 4560 damnation

371 4587 443 4647 61
483 4587 677 4646 61611.

546 4752 611 4818 11
654 4760 755 4820 est
795 4752 1062 4820 certain.
1155 4700 1491 4817 Car-ughis
1548 4771 1714 4817 6661
1758 4752 1870 4837 qui
1914 4772 1984 4818 66
2029 4757 2338 4834 separent

371 4839 457 4906 de
510 4839 580 4906 16
631 4845 1094 4905 661616666616
1151 4837 1267 4903 (166
1323 4838 1582 4916 fideles,
1638 4858 1803 4920 pour
1857 4838 2022 4904 faire
2079 4843 2253 4905 secte
2297 4843 2340 4902 6

367 4926 989 5079 mplzigplyvent
1022 4945 1287 5008 esperer
1320 4923 1514 5004 66161,
1556 4922 1921 5007 cependant
1956 4946 2045 5009 qu
2046 4923 2151 4990 ’116
2187 4929 2339 4990 6661

552 5182 699 5265 Que
742 5203 778 5248 6
780 5183 1059 5249 ’666611-
1072 5127 1215 5248 111ιςπὲι
1248 5113 1565 5180 ml)

689 5338 746 5403 1)
783 5339 864 5394 Le
902 5338 984 5394 17.
1023 5335 1321 5394 (1161666116.
1358 5364 1426 5375 -—
1462 5337 1547 5393 La
1578 5337 1958 5393 resurrection.

681 5407 742 5475 2)
783 5406 875 5462 Sic
904 5409 1178 5477 princeps.
1237 5405 1667 5474 Praefermdnm
1704 5411 1883 5460 tamen
1920 5404 2135 5462 videtur
2156 5405 2301 5476 quod
2322 5405 2523 5461 habent
2539 5406 2685 5461 aliae
2701 5406 3029 5461 uoemullae:
3069 5403 3374 5498 offeramus.

1737 466 2399 536 CA'PECHISMUS
2446 466 3063 536 GENEVENSIS.

4328 479 4412 542 42

2625 725 2972 793 Nondum:
3030 727 3341 810 quamdiu
3356 678 3645 796 ΡΙ61161111661
3697 731 3771 796 16
3824 730 3950 797 1166
3993 730 4244 796 1666(16
4287 733 4415 797 mi-

2452 810 2621 877 litat.
2692 813 2988 878 Laborat
3031 813 3209 879 enim
3254 836 3514 899 semper
3554 814 4081 884 infirmitatibus:
4125 839 4248 885 nec
4289 839 4415 883 un-

2452 918 2651 1049 36661
2705 899 3017 964 1111616111
3069 899 3362 982 reliquiis
3418 902 3684 985 penitus
3728 903 4148 987 purgabitur,
4206 903 4417 971 donec

2514 983 2753 1065 hrist0,
2801 1007 2918 1051 suo
2960 986 3190 1069 capiti,
3236 1008 3278 1051 a
3320 1007 3447 1071 quo
3492 989 3968 1069 sanctificatur,
4014 988 4099 1055 ad
4140 989 4415 1074 plenum

2453 1068 2825 1137 adhaereat.

3302 1177 3651 1231 1661611111.’

2623 1244 2942 1309 Potestne
3002 1249 3220 1308 autem
3279 1244 3444 1311 haec
3512 1245 3785 1313 66616616
3844 1247 4037 1314 aliter
4090 1248 4414 1331 cognosci,

2452 1348 2653 1412 quam
2697 1349 2902 1413 quum
2943 1328 3074 1395 fide
3117 1328 3453 1396 creditur?

2624 1502 2750 1567 Est
2794 1500 3057 1585 quidem
3101 1509 3169 1566 61
3211 1453 3506 1570 visissffi}
3531 1503 3663 1570 Dei
3707 1506 4010 1586 ecclesia,
4054 1527 4254 1589 quam
4294 1527 4411 1572 no-

2396 1610 2401 1643 *
2452 1587 2555 1654 bis
2611 1523 2836 1653 certisq
2859 1587 3120 1654 indiciis
3167 1589 3476 1672 notisque
3520 1590 3898 1676 descripsit:
3947 1592 4064 1658 sed
4105 1592 4215 1657 hic
4257 1613 4414 1675 pro-

2450 1675 2592 1757 prie
2649 1672 2730 1740 (16
2783 1695 3010 1739 661616
3065 1677 3570 1759 congregatione
3626 1679 3880 1763 agitur,
3953 1700 4115 1762 quos
4174 1699 4416 1744 arcana

2451 1780 2573 1826 sua
2613 1759 2929 1826 electione
2974 1760 3315 1845 adoptavit
3356 1762 3425 1826 in
3473 1762 3779 1829 salutem.
3869 1764 3974 1830 Ea
4018 1772 4242 1831 autem
4286 1786 4409 1833 666

2450 1846 2744 1912 cernitur
2783 1855 3099 1929 perpetuo
3142 1846 3372 1925 oculis,
3418 1869 3540 1913 nec
3585 1850 3791 1933 613616
3838 1849 4261 1961 dignoscitur.

3296 1969 3561 2005 amem

2620 2016 2801 2101 Quid
2844 2016 3080 2084 deinde
3125 2019 3426 2101 sequitur
3446 2019 3479 2083 Ῥ

2615 2187 2832 2254 Credo
2868 2189 3321 2255 remissionem
3342 2140 3799 2274 sscoatorum.

2616 2358 2794 2441 Quid
2835 2358 2959 2425 tibi
2998 2312 3719 2429 remissioffssibum
3775 2362 4152 2447 significat?

2612 2532 2838 2598 Deum
2891 2533 3184 2616 gratuita
3238 2483 3697 2600 suarbzonnitate
3752 2536 3776 2599 i
3870 2554 4094 2600 escere
4137 2552 4213 2601 ac
4256 2554 4410 2600 con-

2442 2618 2689 2684 donare
2744 2625 3014 2701 peccata
3067 2617 3372 2684 fidelibus
3388 2671 3403 2699 ,
3461 2642 3546 2686 ne
3589 2621 3660 2686 in
3708 2620 3778 2687 iu

2443 2711 2558 2770 aut
2601 2702 2910 2791 exigatur
2951 2703 3031 2769 de
3074 2704 3208 2771 11116
3245 2726 3476 2788 poena.

2615 2876 2796 2943 Hinc
2839 2868 3155 2958 sequitur,
3202 2827 3921 2945 nofflbssfaotionibus
3959 2878 4247 2962 propriis
4289 2896 4408 2942 ne-

2442 2983 2774 3047 quaquam
2840 2963 3203 3045 promereri
3271 2985 3468 3046 quam
3535 2984 3576 3028 a
3642 2962 3933 3030 Domino
3985 2969 4410 3048 peccatorum

2442 3050 2706 3117 veniam
2749 3048 3141 3130 obtinemus.

3829 2621 4027 2687 ‘cium
4069 2626 4413 2701 vocentur,

3346 3152 3499 3190 PUER-

2617 3207 2735 3281 [fol.
2785 3207 2894 3281 26]
2938 3203 3214 3269 Verum.
3303 3203 3499 3269 Unus
3534 3205 3715 3270 enim
3758 3203 4086 3285 Christus,
4129 3224 4410 3288 poenam

2443 3287 2790 3366 solvendo,
2847 3288 3291 3356 satisfactione
3337 3289 3682 3356 defunctus
3726 3296 3850 3368 est.
3934 3290 4281 3373 Quantum
4323 3288 4411 3356 ad

2443 3395 2598 3454 666,
2644 3339 2816 3438 nihi'l
2856 3375 3047 3440 nobis
3092 3377 3646 3476 compensationis
3688 3378 3999 3462 suppetit,
4047 3376 4219 3460 quod
4265 3376 4410 3441 Deo

2443 3460 2826 3530 afferamus:
2844 3460 2905 3543 ⁶²)
2941 3458 3057 3525 sed
3092 3482 3178 3526 61
3213 3482 3399 3527 mera
3421 3463 3561 3528 eius
3596 3462 4010 3567 liberalitate,
4047 3463 4411 3548 gratuitum

2442 3546 2570 3612 1166
2612 3545 3006 3612 beneficium
3049 3548 3614 3631 recipimus..

3294 3756 3435 3791 m

2620 3802 2762 3870 Cur
2781 3811 3202 3887 peccatorum
3224 3755 3681 3873 166116ἔ1η66661
3703 3807 4035 3873 subnectis
4057 3803 4406 3873 ecclesiae?

3353 3927 3506 3964 rm

2619 3972 2794 4057 Quia
2819 3997 2962 4042 eam
3002 3998 3195 4042 nemo
3230 3977 3666 4062 consequitur,
3713 3979 3875 4062 quin
3904 3985 3972 4044 et
4003 3975 4410 4044 coadunatus

2438 4063 2639 4129 fuerit
2688 4070 2844 4128 ante
2910 4063 3156 4147 populo
3206 4063 3368 4144 Dei,
3443 4073 3508 4128 et
3575 4065 3897 4130 unitatem
3949 4083 4102 4129 6616
4154 4060 4409 4130 Christi

2439 4169 2514 4215 66
2595 4169 2710 4214 616
2766 4155 3270 4234 perseveranter
3326 4149 3410 4214 ad
3460 4151 3663 4215 finem
3704 4171 3911 4233 usque
3955 4150 4155 4216 colat:
4201 4169 4407 4233 eoque

2427 4256 2545 4389 bno
2593 4257 2631 4301 6
2676 4241 2990 4301 166161616
3034 4237 3248 4316 faciat,
3295 4255 3528 4301 verum
3563 4257 3634 4302 66
3671 4257 3816 4303 6666
3851 4236 4165 4303 666166166
4199 4255 4407 4302 mem-

2471 4341 2644 4392 l'um.
4117 4351 4128 4362 ‘

3290 4441 3553 4479 mm·

2612 4492 2762 4559 Hac
2828 4494 3081 4559 ratione
3149 4494 3354 4559 consti
3362 4492 3496 4557 tuis
3512 4544 3529 4573 ,
3600 4499 3792 4558 extra
3862 4494 4203 4561 eeclesiam
4269 4512 4405 4556 non

2441 4579 2577 4646 6161
2624 4578 3112 4645 damnationem
3158 4586 3227 4645 et
3272 4579 3549 4646 exitium
3597 4600 3757 4645 6666.

3347 4701 3499 4737 rm.

2618 4749 2927 4818 Omnino.
3033 4750 3168 4833 Qui
3244 4752 3423 4818 enim
3502 4750 3967 4816 discessionem
4043 4749 4297 4815 faciunt
4363 4770 4404 4815 a

2443 4837 2700 4905 Christi
2760 4857 3061 4920 corpore,
3121 4837 3637 4920 factionibusque
3692 4832 4004 4900 scindunt
4067 4835 4208 4901 6166
4248 4836 4400 4901 uni-

2444 4930 2678 5005 tatem,
2731 4924 2813 4990 iis
2858 4945 3007 5007 spes
3052 4923 3265 4991 omnis
3308 4924 3541 4991 salutis
3583 4921 3879 5005 praecisa
3920 4928 4050 5003 est,
4105 4921 4402 5007 quantis-

2442 5032 2563 5095 per
2598 5015 2875 5078 manent
2889 5012 2948 5095 Β)
2994 5011 3067 5076 in
3109 5008 3423 5077 eiusmodi
3471 5006 3753 5073 dissidio.

3294 5129 3555 5168 mm

2616 5181 2852 5250 Recita
2896 5181 3068 5267 quod
3112 5191 3427 5266 superest.

3555 5400 3615 5464 3)
3659 5401 3810 5457 Beza
3834 5403 4099 5458 correxit:
4132 5407 4397 5457 maneant.
