4999 6179
460 438 586 500 297

458 620 721 700 relator,
752 621 1213 687 transsiliendo
1247 622 1623 688 occultavit.
1660 623 1767 689 De
1802 645 1931 707 quo
1953 646 2037 690 ne
2072 623 2221 707 quis
2254 644 2421 707 pug-

459 728 617 771 nam
659 716 974 784 moveret,
1019 729 1283 773 omnem
1327 707 1468 790 ipse
1514 708 1991 775 dubitationem
2034 709 2305 775 sustulit
2346 710 2420 771 in

459 792 1081 871 Retractationibus,
1126 794 1302 860 sicut
1331 815 1545 876 nuper
1589 794 1744 863 dixi.
1834 796 1976 860 Cur
2020 810 2240 861 autem
2283 814 2423 858 non

460 879 751 961 apertius
794 888 1135 961 peccatum
1169 879 1305 945 illic
1340 881 1675 964 originale,
1722 890 1788 947 et
1829 882 2103 946 vitiatae
2147 888 2422 945 naturae

462 966 945 1046 corruptionem
985 966 1379 1048 exposuerit,
1426 987 1692 1032 causam
1727 967 1924 1031 simul
1960 966 2202 1031 reddit:
2249 964 2422 1048 quod

462 1047 774 1116 adversus
809 1050 1234 1117 Manichaeos
1280 1060 1425 1116 erat
1467 1052 1850 1134 disputatio:
1909 1055 2020 1135 qui
2065 1052 2424 1134 scripturas

461 1156 699 1213 sacras,
746 1143 813 1201 et
853 1138 1240 1219 praesertim
1281 1148 1471 1203 vetus
1515 1144 2003 1216 testamentum,
2049 1135 2227 1203 unde
2270 1157 2422 1219 pro-

460 1219 614 1285 bare
658 1224 1083 1304 oportuisset,
1140 1221 1590 1306 repudiabant.
1678 1221 1872 1289 Adde
1931 1221 2104 1307 quod
2160 1245 2244 1287 ex
2296 1222 2419 1299 1116,

463 1327 629 1390 (11166
686 1306 952 1373 adducit
995 1309 1303 1392 Pighius,
1362 1308 1558 1392 plura
1608 1330 1729 1393 per
1780 1311 2264 1375 concessionem
2323 1308 2421 1372 di-

462 1399 731 1457 cuntur:
789 1414 926 1457 non
973 1396 1144 1477 quod
1185 1396 1294 1459 Au
1424 1397 1603 1460 tinus
1659 1397 1752 1460 sic
1798 1417 1939 1460 rem
1981 1394 2225 1460 habere
2271 1415 2421 1458 sen-

463 1478 635 1557 tiret,
673 1477 790 1543 sed
833 1479 988 1562 quia
1031 1502 1194 1563 quas
1366 1481 1722 1546 vincendos
1766 1481 2180 1547 adversarios
2222 1479 2423 1544 ratio-

461 1585 578 1629 nes
614 1564 916 1643 habebat,
954 1570 1100 1645 [pag.
1140 1571 1248 1645 90]
1284 1566 1394 1630 vel
1433 1574 1698 1649 accepta
1733 1588 1964 1632 eorum
1998 1567 2420 1643 confessione,

461 1650 568 1717 vel
613 1672 688 1714 eo
730 1649 906 1733 quod
949 1652 1371 1734 postulabant
1404 1671 1726 1733 concesse,
1749 1653 2105 1736 megligere
2141 1650 2417 1717 nolebat.

460 1735 692 1819 Neque
734 1737 917 1815 volo,
978 1747 1055 1802 ut
1098 1738 1178 1803 de
1223 1738 1348 1804 1160
1393 1760 1464 1802 re
1518 1739 1682 1803 mihi
1729 1746 1845 1803 aut
1885 1737 2051 1803 meis
2091 1738 2421 1803 coniectu-

458 1822 551 1887 ris
590 1821 862 1887 credant
902 1822 1196 1903 lectores,
1237 1825 1367 1889 nisi
1403 1822 1471 1888 id
1502 1825 1721 1907 ipsum
1755 1824 1960 1890 oculis
1995 1832 2285 1889 cernant.
2336 1822 2421 1885 In

461 1908 611 1987 fine,
658 1929 786 1990 (1110
824 1908 990 1973 solet
1012 1909 1279 1992 pudore,
1328 1910 1489 1975 satis
1526 1932 1596 1975 se
1641 1910 1883 1975 habere
1916 1910 2118 1976 iactat
2157 1908 2238 1973 ad
2285 1909 2419 1974 vic-

456 1993 713 2071 toriam,
760 1994 817 2059 si
859 1994 1055 2059 modo
1091 1996 1293 2061 semel
1329 1997 1495 2060 mihi
1530 1997 1934 2061 contrarium
1967 1995 2418 2078 Augustinum

461 2079 852 2145 ostenderit:
901 2082 1057 2164 quia
1102 2082 1402 2159 dixerim,
1447 2089 1824 2147 constanter
1858 2090 2419 2162 consonanterque

464 2164 587 2230 hac
631 2164 711 2230 de
765 2188 838 2230 re
882 2187 1142 2249 semper
1194 2167 1388 2250 loqui.
1479 2169 1575 2232 At
1626 2168 1775 2251 quis
1818 2167 1917 2231 illi
1973 2166 2251 2231 daemon
2297 2165 2420 2229 hoc

465 2271 573 2314 me
617 2249 864 2316 dixisse
920 2254 1289 2318 revelavit?
1378 2254 1610 2336 Neque
1667 2254 1844 2319 enim
1896 2253 2057 2318 adeo
2116 2274 2262 2318 sum
2307 2272 2421 2315 ru-

465 2335 584 2415 dis,
629 2345 705 2401 ut
747 2360 880 2403 non
922 2340 1332 2421 perspiciam,
1374 2360 1574 2421 quam
1609 2339 1734 2403 sibi
1770 2338 2107 2405 dissimilis
2153 2338 2243 2402 sit
2278 2338 2420 2401 An-

464 2424 799 2506 gustinus,
869 2425 926 2487 si
986 2427 1132 2508 quis
1187 2427 1402 2508 prima
1454 2427 1594 2490 eius
1661 2425 1905 2508 scripta
1968 2445 2119 2490 cum
2171 2422 2420 2487 ultimis

462 2516 817 2591 comparet.
908 2509 1183 2577 Iuvenis
1239 2511 1455 2576 adhuc
1511 2519 1685 2590 erat,
1746 2519 1814 2575 et
1857 2529 1990 2575 non
2029 2510 2125 2573 ita
2168 2507 2420 2573 exerci-

458 2601 654 2672 tatus,
700 2615 904 2678 quum
938 2597 1367 2663 Manichaeos
1408 2597 1757 2662 refelleret.
1846 2594 2080 2678 Itaque
2123 2594 2276 2678 plus
2320 2594 2420 2657 in-

460 2681 667 2764 genii,
724 2683 1076 2762 acuminis,
1137 2691 1207 2747 61
1249 2682 1601 2749 saecularis
1645 2681 2095 2765 philosophiae
2137 2680 2272 2746 illic
2316 2700 2420 2745 re-

459 2767 705 2848 perias,
752 2786 953 2849 quam
999 2790 1224 2834 sacrae
1268 2778 1337 2834 et
1378 2768 1738 2851 spiritualis
1767 2767 2136 2833 *doctrinae
2228 2764 2422 2847 Quod

458 2850 541 2915 ad
598 2851 883 2920 liberum
944 2855 1318 2934 arbitrium,
1384 2854 1577 2919 modo
1633 2855 1831 2919 fuisse
1900 2853 2113 2937 primo
2163 2852 2420 2917 homini

460 2936 688 3003 datum
734 2947 801 3003 et
841 2939 998 3004 inde
1041 2942 1312 3006 fluxisse
1357 2942 1588 3005 ruinae
1633 2940 2034 3023 principium
2076 2945 2420 3022 extorque-

458 3030 593 3104 ret,
643 3023 723 3088 de
767 3024 987 3092 altiori
1028 3026 1457 3111 inquisitione
1502 3047 1636 3091 non
1678 3026 2038 3092 laborabat.
2129 3025 2260 3093 Ubi
2305 3046 2419 3089 au-

461 3118 596 3176 tem
637 3110 1030 3194 prodierunt
1086 3134 1241 3179 611111
1299 3134 1421 3178 6116
1467 3123 1648 3178 secta
1689 3112 2005 3196 Pelagius
2045 3121 2113 3177 et
2157 3110 2421 3177 Coeles-

460 3197 613 3277 tius,
639 3197 696 3281 ¹)
739 3206 884 3263 tum
927 3199 1110 3281 quasi
1155 3220 1191 3264 e
1235 3219 1464 3262 somno
1498 3198 1846 3276 excitatus,
1893 3197 2273 3282 diligentius
2316 3217 2423 3262 co-

461 3284 670 3369 gitare
705 3291 773 3348 et
812 3284 1149 3366 inquirere
1185 3284 1413 3367 coepit.
1487 3283 1669 3354 Hinc
1704 3282 1838 3362 illa,
1886 3304 2085 3366 quam
2127 3283 2244 3347 uni
2279 3282 2421 3347 Au-

460 3369 726 3454 gustino
771 3388 929 3452 prae
973 3370 1120 3434 aliis
1163 3370 1416 3448 tribu0,
1474 3390 1670 3436 verae
1716 3389 2043 3452 sanaeque
2087 3367 2423 3433 doctrinae

459 3454 833 3539 perspicua,
891 3463 1072 3521 certa
1126 3464 1485 3539 exactaque
1540 3454 1919 3538 explicatio:
1980 3453 2137 3520 hinc
2191 3461 2260 3519 et
2308 3452 2422 3517 ille

464 3561 822 3607 consensus
840 3591 855 3617 ,
910 3563 1108 3625 quem
1152 3543 1252 3608 illi
1294 3542 1637 3608 nobiscum
1680 3561 1825 3606 esse
1915 3539 2132 3605 lorior.
2223 3537 2423 3620 Quod

459 3627 590 3692 nisi
621 3625 882 3711 Pelagii
915 3627 1411 3711 importunitate
1452 3633 1714 3694 coactus
1757 3646 1880 3692 0011
1908 3647 1980 3690 06
2015 3627 2226 3710 magis
2266 3646 2422 3708 ape-

462 3713 734 3791 ruisset,
792 3714 1078 3797 gratiam
1131 3716 1262 3781 Dei
1317 3716 1388 3780 in
1443 3713 1719 3778 obscuro
1776 3711 2182 3790 delitescere,
2251 3711 2424 3777 sicut

435 3798 606 3877 6111,
670 3819 907 3882 passus
962 3800 1128 3865 forte
1198 3802 1445 3866 fuisset.
1536 3795 1856 3883 Agendae
1910 3798 2116 3881 igitur
2172 3798 2423 3882 gratiae

463 3885 610 3949 Deo
654 3894 839 3964 sunt,
896 3884 1067 3968 quod
1125 3887 1481 3969 impiorum
1529 3884 1873 3949 hominum
1928 3882 2255 3965 pravitate
2298 3883 2423 3947 mi-

466 3969 782 4048 rabiliter,
829 3981 971 4035 tum
1009 3971 1092 4036 ad
1135 3970 1599 4038 illustrandam
1725 3970 1896 4034 atiae
1936 3989 2093 4033 suae
2137 3967 2419 4046 laudem,

467 4065 609 4120 tum
654 4056 737 4121 ad
783 4057 1156 4139 superbiam
1200 4059 1417 4123 carnis
1459 4056 1638 4121 hum‘
1676 4054 1956 4132 andam,
2003 4075 2162 4119 usus
2204 4054 2418 4118 fuerit.

638 4139 956 4226 Sequitur
1009 4142 1183 4225 apud
1237 4143 1321 4208 Pi
1367 4143 1554 4207 hium
1625 4141 1794 4206 alius
1848 4141 2060 4218 locus,
2115 4159 2199 4202 ex
2254 4138 2422 4204 libro

466 4227 548 4292 de
591 4227 847 4294 duabus
890 4229 1231 4310 animabus
1359 4250 1592 4295 versus
1634 4226 2085 4292 Manichaeos:
2131 4225 2245 4291 ubi
2279 4226 2421 4290 Au-

465 4315 777 4398 gustinus
832 4312 1062 4378 definit
1116 4315 1320 4379 animi
1372 4323 1658 4392 motum,
1726 4320 2001 4396 cogente
2059 4311 2270 4390 nu110,
2339 4310 2423 4376 ad

464 4399 713 4482 aliquid
748 4398 855 4464 vel
896 4421 1030 4465 non
1065 4400 1522 4479 amittendum,
1561 4398 1666 4465 vel
1702 4396 2217 4480 adipiscendum.
2277 4397 2424 4461 Hac

467 4484 853 4550 definitione
895 4486 1321 4552 vehementer
1376 4486 1599 4571 urgeri
1642 4504 1764 4549 nos
1808 4489 2027 4565 putat:
2083 4482 2258 4565 quod
2300 4503 2422 4567 ego

466 4570 734 4653 quidem
792 4590 915 4635 nec
969 4570 1191 4650 vide0,
1249 4591 1369 4635 nec
1428 4573 1655 4636 fateor.
1745 4569 1847 4634 Ne
1894 4578 2116 4633 tamen
2160 4568 2423 4652 longius

465 4656 645 4721 inter
693 4677 814 4721 nos
872 4655 1365 4740 disceptandum
1424 4656 1505 4720 (16
1560 4657 1683 4721 1166
1740 4676 1813 4719 re
1867 4655 1954 4720 sit
2005 4655 2424 4737 Augustinus

463 4742 608 4825 ipsc
653 4742 910 4807 medius
953 4743 1384 4808 interveniat:
1422 4742 1589 4820 Hoc,
1633 4742 1864 4825 inquit,
1904 4747 2247 4823 propterea
2290 4737 2424 4804 dic-

465 4837 614 4893 tum
656 4837 788 4907 est,
848 4838 924 4892 ut
966 4829 1089 4895 1160
1147 4828 1525 4893 (166111110116
1577 4826 1809 4892 volens
1864 4832 2010 4905 [pag.
2059 4829 2165 4904 91]
2221 4848 2260 4890 6
2306 4846 2422 4890 110-

462 4914 649 4979 lente
695 4913 1206 4979 discerneretur:
1252 4924 1319 4979 et
1355 4916 1446 4980 sic
1495 4912 1580 4978 ad
1614 4912 1762 4977 illos
1805 4912 2162 4977 referretur
2205 4913 2424 4976 inten-

465 4999 593 5078 tio,
649 5001 762 5083 qui
804 5000 1001 5083 primi
1056 5001 1126 5065 in
1183 4999 1485 5083 paradiso
1537 4999 1805 5064 fuerunt
1861 4998 2149 5063 humano
2197 4996 2426 5081 generi

464 5087 654 5170 origo
691 5088 959 5169 peccati,
996 5086 1181 5151 nullo
1203 5094 1495 5171 cogente,
1532 5084 1879 5169 peccando.
1900 5083 1958 5168 ²)
2016 5082 2226 5150 Paulo
2247 5089 2423 5166 post:

615 5290 673 5355 1)
710 5289 864 5344 Besa
900 5297 952 5345 et
983 5307 1123 5361 seqq.
1157 5292 1436 5348 centunt:
1471 5289 1827 5346 Coelestinus.

613 5357 672 5425 2)
713 5359 828 5415 Lib.
867 5359 915 5413 1.
955 5360 1193 5415 Reti-act.
1229 5377 1350 5429 cap.
1388 5358 1472 5414 13.

1945 435 2073 500 DE
2119 434 2477 501 LIBERO
2525 434 2996 500 ARBITRIO.

4352 442 4480 505 298

2527 622 2613 686 In
2635 628 2899 688 tantum
2920 623 3130 688 libera
3152 632 3255 687 est
3276 622 3597 704 voluntas,
3624 626 3694 690 in
3719 634 4041 707 quantum
4061 624 4338 691 liberata
4359 635 4478 706 est,

2528 717 2594 773 et
2626 710 2695 773 in
2728 717 2986 774 tantum
3021 708 3389 792 appellatur
3435 709 3769 776 voluntas:
3811 711 4051 794 alioqui
4092 711 4309 794 potius
4344 718 4483 778 tota

2527 795 2869 877 cupiditas,
2912 794 3101 876 Quae
3146 814 3281 858 non
3331 804 3448 873 est,
3495 798 3664 863 sicut
3707 796 4083 863 Manichaei
4126 796 4480 880 desipiunt,

2527 880 2779 945 alienae
2813 888 3091 945 naturae
3126 880 3675 961 additamentum,
3713 882 3828 948 sed
3852 892 4117 948 nostrae
4142 883 4411 949 vitium:
4442 906 4482 949 a

2525 987 2653 1048 quo
2679 988 2812 1030 non
2841 986 3175 1043 sanamur,
3204 968 3329 1031 nisi
3352 969 3568 1051 gratia
3589 968 3953 1035 salvatoris.
3999 967 4193 1049 Quod
4216 969 4273 1033 si
4304 970 4482 1052 quis-

2526 1073 2724 1133 quam
2761 1052 2936 1130 dicit,
2975 1054 3172 1117 etiam
3217 1053 3644 1137 cupiditatem
3691 1054 3860 1119 nihil
3894 1076 4037 1121 esse
4067 1052 4248 1119 aliud
4281 1076 4484 1138 (1116111

2526 1137 2953 1217 voluntatem,
2992 1137 3108 1204 sed
3143 1139 3446 1203 vitiosam
3467 1149 3858 1224 peccatoque
3896 1141 4311 1219 servientem,
4347 1161 4483 1206 non

2526 1223 2969 1288 resistendum
3012 1233 3141 1288 est:
3198 1245 3318 1289 nec
3377 1223 3457 1289 de
3502 1226 3751 1305 vorbis,
3808 1247 4011 1309 quum
4056 1246 4163 1292 res
4210 1233 4484 1306 constat,

2525 1311 2973 1375 controversia
3028 1309 3326 1375 facienda
3380 1320 3496 1376 est.
3586 1312 3718 1378 Hic
3777 1311 3994 1389 audis,
4053 1312 4133 1376 de
4196 1333 4327 1394 qua
4368 1334 4488 1378 vo·

2525 1394 2780 1460 luntate
2835 1395 2961 1461 hoc
3008 1395 3255 1461 dictum
3314 1396 3475 1462 velit
3523 1398 3753 1481 accipi:
3815 1398 4003 1462 audis
4062 1397 4296 1480 quibus
4352 1396 4485 1461 ful-

2526 1480 2820 1546 minibus
2866 1489 3209 1563 corruptae
3253 1481 3612 1547 voluntatis
3656 1484 3831 1549 vires
3876 1489 4274 1566 prosternat:
4322 1482 4485 1547 adeo

2527 1578 2603 1628 ut
2655 1589 2737 1630 nc
2793 1589 2911 1632 suo
2963 1566 3228 1649 quidem
3273 1568 3537 1632 nomine
3583 1589 3728 1632 eam
3773 1567 4098 1652 dignetur.
4189 1565 4485 1633 Subiun-

2527 1651 2626 1733 git
2680 1650 2913 1718 deinde
2963 1653 3245 1736 Pighius
3294 1651 3750 1739 definitionem
3805 1655 4052 1736 peccati
4109 1654 4244 1718 illic
4311 1653 4485 1737 posi-

2527 1744 2692 1801 tam:
2750 1736 2944 1818 Quod
2990 1741 3072 1804 sit
3142 1738 3449 1803 voluntas
3503 1739 3832 1804 retinendi
3890 1739 3997 1805 vel
4046 1737 4484 1822 consequendi

2525 1821 2701 1904 quod
2746 1825 3000 1889 iustitia
3057 1834 3238 1891 vetat
3297 1836 3367 1888 et
3417 1823 3590 1890 unde
3633 1826 3914 1891 liberum
3968 1831 4070 1891 est
4123 1824 4480 1890 abstinere:

2526 1929 2899 1992 quanquam
2954 1911 3011 1974 si
3069 1910 3347 1975 liberum
3389 1931 3522 1974 non
3562 1920 3690 1987 est,
3747 1931 3959 1994 neque
4005 1918 4108 1977 est
4149 1911 4479 1976 voluntas.

2523 1993 2669 2057 Iam
2725 1996 2794 2059 in
2838 1994 2944 2060 his
2999 1997 3197 2060 etiam
3242 1995 3462 2061 verbis
3517 2008 3811 2061 mentem
3865 2017 4051 2062 suam
4106 1997 4295 2061 nobis
4338 1997 4482 2061 Au-

2525 2081 2829 2162 gustinus
2874 2079 3216 2146 edisserat:
3265 2082 3472 2159 Vera,
3519 2081 3751 2163 inquit,
3799 2090 4147 2165 propterea
4181 2089 4281 2147 est
4323 2081 4484 2147 defi-

2523 2165 2705 2243 111110,
2752 2167 2908 2249 (11116
2949 2165 3015 2230 1(1
3060 2166 3389 2243 definitur,
3434 2165 3607 2249 quod
3643 2168 4097 2233 tantummodo
4142 2174 4487 2251 peccatum

2526 2258 2659 2329 est,
2705 2272 2840 2316 non
2909 2254 3109 2316 etiam
3171 2272 3383 2335 poena
3438 2254 3703 2335 peccati.
3794 2252 3968 2317 Nam
4028 2253 4287 2335 quando
4350 2254 4483 2319 tale

2525 2342 2643 2413 est,
2690 2343 2767 2402 ut
2807 2336 2983 2402 idem
3018 2339 3105 2403 sit
3149 2346 3217 2403 et
3257 2357 3467 2421 poena
3502 2338 3771 2420 peccati,
3817 2346 4141 2421 quantum
4175 2347 4278 2403 est
4311 2337 4485 2422 quod

2526 2422 2705 2486 valet
2750 2422 3054 2489 voluntas
3097 2425 3217 2490 sub
3258 2421 3640 2489 dominante
3684 2423 4082 2506 cupiditate?
4141 2424 4273 2488 nisi
4316 2425 4487 2489 forte

2527 2509 2583 2573 si
2628 2509 2737 2590 pia
2781 2517 2898 2574 est.
2988 2510 3073 2574 In
3108 2517 3365 2575 tantum
3414 2508 3592 2574 enim
3634 2509 3846 2575 libera
3880 2517 3998 2587 est,
4043 2509 4116 2573 in
4161 2518 4487 2593 quantum

2528 2600 2628 2659 est
2681 2594 2973 2660 liberata.
3064 2595 3273 2660 Vides
3336 2595 3544 2678 ipsius
3605 2596 3852 2659 autoris
3906 2596 4312 2675 testimoniO,
4415 2597 4485 2662 ui

2527 2680 2670 2745 61116
2715 2689 2891 2746 certe
2935 2680 3110 2764 quod
3164 2681 3333 2746 dixit
3386 2677 3864 2764 interpretandi
3920 2682 4025 2747 ius
4067 2680 4309 2746 habere
4414 2703 4484 2747 e·-

2526 2764 2666 2844 bet,
2726 2788 2861 2832 non
2916 2767 3043 2832 nisi
3097 2767 3313 2849 primo
3357 2766 3545 2832 Adae
3600 2770 3863 2850 peccato
3919 2767 4266 2832 convenire
4310 2767 4484 2834 hanc

2527 2851 3019 2919 definitionem?
3077 2853 3231 2935 quia
3271 2873 3393 2936 per
3436 2854 3575 2918 eius
3628 2852 3886 2935 lapsum
3933 2875 3973 2917 a
4017 2853 4228 2936 primo
4274 2852 4483 2918 domi-

2527 2938 2638 3004 nio
2666 2938 2717 3022 ¹)
2762 2939 2836 3003 in
2879 2939 3193 3004 miseram
3236 2939 3621 3005 servitutem
3665 2938 4045 3004 excidimus.
4112 2926 4291 3003 Hinc
4326 2960 4485 3024 ergo

2526 3024 2790 3108 collige,
2847 3046 2977 3108 qua
3030 3026 3247 3091 fronte
3291 3023 3455 3088 mihi
3509 3023 3635 3089 hoc
3692 3024 3831 3089 loco
3884 3024 4150 3108 tragicis
4195 3025 4330 3089 suis
4376 3045 4484 3089 ac-

2525 3110 3028 3178 clamationibus
3083 3111 3368 3194 Pighius
3423 3111 3715 3177 insultet.
3819 3111 3914 3175 At
3964 3108 4119 3175 dicit
4160 3111 4482 3195 Augusti-

2528 3218 2685 3275 nus,
2731 3217 2873 3261 rem
2918 3217 3062 3263 esse
3105 3197 3413 3262 omnibus
3456 3196 3717 3274 tritam,
3762 3195 4097 3261 neminem
4144 3195 4481 3278 vitupera-

2527 3282 2702 3347 tione
2746 3287 2865 3346 aut
2905 3304 3117 3367 poena
3151 3304 3294 3348 esse
3330 3281 3625 3364 dignum,
3663 3281 3778 3364 qui
3820 3279 3888 3345 id
3928 3301 4061 3345 non
4095 3282 4268 3361 facit,
4307 3282 4482 3364 quod

2525 3367 2739 3432 facere
2782 3389 2919 3433 non
2970 3374 3201 3450 potest.
3291 3368 3439 3432 Hoc
3476 3375 3773 3450 pastores
3813 3366 3885 3431 in
3928 3368 4279 3445 montibus,
4371 3389 4479 3433 oe-

2527 3462 2628 3518 tas
2670 3454 2740 3518 in
2780 3453 3076 3532 theatris,
3120 3453 3414 3518 indoctos
3456 3453 3528 3517 in
3564 3452 3844 3532 circulis,
3888 3452 4109 3518 doctos
4142 3453 4215 3517 in
4250 3454 4316 3519 bi
4362 3453 4482 3518 lio-

2527 3539 2767 3618 thecis·‚
2832 3542 3183 3624 magistros
3265 3540 3337 3603 in
3415 3537 3658 3604 scholis
3674 3590 3688 3616 ,
3764 3538 4060 3605 doctores
4127 3558 4344 3604 sacros
4409 3539 4481 3603 in

2527 3630 2674 3706 [pag.
2713 3630 2820 3704 92]
2869 3624 3132 3711 templis
3186 3626 3469 3690 clamare
3527 3634 3594 3689 et
3633 3622 4006 3690 decantare.
4094 3625 4350 3690 Verum
4395 3626 4484 3692 si-

2527 3711 2668 3776 mul
2710 3717 3014 3791 testatur,
3059 3732 3445 3794 perversum
3489 3732 3634 3776 esse
3681 3712 4030 3776 verborum
4078 3732 4343 3775 suorum
4380 3712 4483 3776 in-

2529 3803 2889 3879 terpretem
2908 3848 2923 3875 ,
2979 3797 3092 3880 qui
3152 3797 3277 3862 hoc
3338 3796 3422 3861 ad
3476 3798 3697 3861 omnia
3749 3806 4017 3879 peccata
4060 3794 4299 3860 trahat.
4391 3795 4483 3862 Se

2529 3883 2707 3948 enim
2760 3904 2893 3947 non
2950 3880 3128 3947 aliud
3186 3882 3386 3960 velle,
3453 3903 3654 3965 qnam
3707 3902 3841 3947 non
3896 3881 4190 3965 potuisse
4246 3884 4483 3948 merito

2530 3967 2833 4032 damnari
2889 3967 3254 4047 hominem,
3314 3968 3443 4032 nisi
3496 3967 3704 4032 libera
3745 3966 4085 4032 voluntate
4130 3977 4479 4047 peccasset.

2527 4053 2726 4118 Nunc
2770 4075 2925 4119 vcro
2966 4061 3223 4135 partem
3275 4051 3713 4118 damnationis
3773 4073 3916 4116 6666
3971 4051 4153 4115 1116111
4198 4055 4482 4117 servitu-

2529 4146 2695 4218 tem,
2753 4140 2875 4205 sub
2919 4160 3047 4222 qua
3099 4146 3401 4204 tenemur
3453 4138 3696 4220 captivi
3755 4146 3822 4201 et
3871 4143 4093 4202 mente
4140 4143 4206 4200 et
4247 4137 4484 4203 volun-

2531 4233 2691 4304 tate,
2760 4224 2968 4290 donec
3036 4226 3326 4309 gratuito
3392 4223 3642 4288 Christi
3719 4223 4031 4288 beneficio
4106 4220 4481 4289 liberamur.

2528 4311 2722 4378 Nunc
2775 4310 2934 4393 quid
2990 4321 3318 4393 superest,
3374 4309 3504 4373 nisi
3559 4319 3635 4373 ut
3691 4309 4144 4391 Augustinum
4202 4307 4482 4373 bestiam

2529 4419 2569 4461 a
2615 4396 2842 4479 pellet,
2921 4395 3093 4479 quod
3173 4417 3305 4459 non
3376 4415 3533 4459 suae
3597 4392 3967 4459 dementiae
4032 4394 4477 4477 suffragetur?

2602 4504 2726 4548 6116
2782 4483 2959 4546 6111111
3018 4480 3450 4546 obiectionem
3506 4480 3646 4562 ipse
3703 4489 3944 4545 movet.
4037 4477 4214 4559 Quid
4258 4480 4315 4544 si
4359 4480 4479 4545 ali-

2529 4568 2679 4634 cubi
2736 4569 3140 4633 contrarium
3195 4565 3478 4631 dixerit?
3580 4565 3656 4631 Si
3708 4566 3992 4644 fecisset,
4060 4573 4175 4627 aut
4218 4566 4477 4645 faceret,

2527 4674 3068 4720 connumerarem
3114 4674 3267 4717 611111
3310 4672 3462 4716 011111
3506 4650 3930 4728 Lutheranis,
3983 4670 4058 4715 ac
4101 4649 4171 4712 in
4212 4650 4481 4717 brutum

2530 4737 2772 4804 animal
2829 4738 3261 4836 degenerasse
3318 4735 3620 4801 dicerem.
3722 4736 3850 4802 Hic
3900 4757 4033 4800 non
4094 4727 4299 4802 modo'
4325 4760 4478 4804 con-

2532 4825 2809 4890 trarium
2862 4823 3089 4908 P1ghii
3132 4824 3353 4889 sensui
3371 4826 3428 4906 2)
3486 4823 3668 4898 (11611,
3728 4822 3840 4886 66(1
3897 4822 3967 4884 111
4024 4819 4159 4884 11116
4221 4844 4480 4907 quoque

2529 4910 2748 4976 verbis
2793 4910 3193 4975 contrarium
3239 4909 3522 4974 sensisse
3566 4930 3634 4973 se
3679 4916 3971 4972 testatur.

2703 4997 2922 5060 Locus
2965 5016 3161 5079 quem
3198 4995 3441 5080 allegat
3475 5016 3558 5058 ex
3594 4993 3759 5057 libro
3796 4990 3877 5058 de
3922 4992 4103 5058 Vera
4145 4994 4477 5078 religione,

2532 5139 2573 5144 ....
2596 5139 2657 5144 --
2675 5137 2939 5144 ——.-—..-

2667 5219 2727 5285 1)
2764 5218 2991 5273 Domino
3030 5215 3166 5270 1552
3200 5231 3337 5287 seqq.
3378 5215 3475 5280 (G.
3514 5215 3886 5281 domination).

2667 5287 2727 5354 2)
2767 5285 2860 5341 Sic
2894 5287 3013 5340 sola
3128 5291 3325 5354 inceps.
3411 5284 3622 5338 Onetor-2·
3664 5285 3935 5339 scribunt:
3980 5302 4159 5340 sensu.

2530 5357 2762 5425 prendre
2799 5371 3003 5410 comme
3085 5356 3279 5424 ighius,

4236 5285 4301 5339 G.
4351 5286 4480 5341 ale
