4999 6179
2071 476 2811 547 PROLEGOMENA.
4269 485 4456 553 x111

416 670 756 732 toratense
799 665 1136 749 exemplar
1178 673 1256 731 ut
1309 666 1601 749 primum
1644 673 1713 733 et
1768 668 2224 736 authenticum
2267 668 2657 739 recudemus
2671 724 2687 752 ,
2744 672 3021 739 minime
3062 680 3289 738 tamen
3343 691 3666 757 negamus
3705 693 3900 756 posse
3943 674 4185 742 alicubi
4230 676 4453 743 Gene-

419 798 623 845 vense
667 777 885 843 adhuc
926 776 1328 858 delitescere,
1375 779 1499 858 cui,
1546 780 1601 845 si
1645 780 1795 863 quis
1838 783 2178 865 repererit,
2224 781 2514 865 palmam
2555 791 2622 848 et
2661 784 3110 869 principatum
3150 783 3435 850 libenter
3487 783 3871 851 tribuemus.
3963 784 4305 871 Quidquid
4348 790 4452 868 sit,

419 889 646 974 accipe
687 896 782 968 tu,
827 889 1147 957 benevole
1190 888 1412 969 lector,
1455 910 1625 973 quae
1667 889 1749 957 de
1786 900 2019 957 nostra
2055 892 2173 959 ina
2215 894 2556 960 rarissima
2598 897 3128 980 argentoratensi
3171 892 3457 960 editione
3501 894 3782 961 dicenda
3824 897 3956 963 huc
3998 900 4364 981 pertinent:

733 1016 1400 1085 CATECHISM'VS
1451 1020 1463 1103 Ι
1509 1016 1919 1085 ECCLESIAE
1964 1030 2448 1104 GENEVENSIS,
2499 1030 2511 1098 Ι
2561 1020 2686 1089 hoc
2730 1028 2862 1103 est,
2921 1022 3208 1089 formula
3258 1020 3604 1090 erudiendi
3656 1028 3666 1108 Ι
3712 1044 3953 1107 pueros
4004 1027 4077 1092 in
4124 1025 4452 1113 doctrina!

420 1129 693 1197 christi.
758 1130 771 1214 ι
836 1112 1184 1209 Amlwre
1243 1112 1457 1208 loun
1525 1111 1868 1209 Calue‘no
1940 1125 1952 1229 Ι
2022 1140 2323 1211 (Emblema
2348 1141 3238 1212 officinae.)1ARGENTORAT1
3273 1144 3471 1200 Arvn
3505 1144 3733 1201 vvnu-
3786 1144 3799 1215 ι
3844 1143 4087 1200 acanum
4159 1143 4455 1201 Baetim

418 1250 589 1307 Am
616 1250 628 1321 1
665 1247 849 1307 1545.

727 1354 976 1420 Forma
1013 1356 1349 1419 octonaria
1388 1356 1622 1421 minor.
1713 1353 2200 1437 Quaterniones
2245 1355 2553 1422 undecim
2597 1357 2873 1443 (A—L)
2888 1408 2903 1436 ,
2948 1357 3105 1423 folia
3147 1364 3412 1440 praeter
3453 1359 3725 1424 titulum
3770 1363 3853 1423 87
3899 1379 4037 1425 non
4080 1368 4450 1429 numerata.

415 1465 766 1533 Emblema
805 1466 1059 1533 Rihelii
1113 1464 1579 1550 descripsimus
1636 1467 1708 1532 in
1763 1466 2263 1552 Prolegomenis
2307 1467 2499 1533 Tomi
2545 1468 2600 1533 I.
2643 1488 2793 1553 pag.
2833 1467 3141 1534 XXXII.
3222 1469 3686 1535 Praemittitur
3729 1469 4150 1537 Catechismo
4186 1471 4456 1541 Calvini

418 1576 697 1662 epistola
740 1578 825 1644 ad
872 1577 1220 1645 ministros
1262 1562 1521 1644 Frisiae
1579 1577 1917 1644 orientalis
1971 1579 2042 1644 in
2100 1599 2229 1662 qua
2280 1580 2572 1661 maxime
2624 1576 2706 1644 de
2751 1601 2880 1645 usu
2934 1579 3311 1647 libellorum
3355 1581 3902 1647 catecheticorum
3942 1583 4098 1666 agit.
4185 1583 4273 1649 In
4313 1586 4456 1667 ipso

416 1684 691 1772 'corpore
743 1688 895 1756 libri
953 1689 1415 1755 annotationes
1470 1689 1876 1773 marginales
1930 1690 2184 1771 nullae,
2241 1711 2327 1756 ne
2382 1690 2659 1757 biblicae
2715 1690 2980 1774 quidem
3048 1690 3492 1777 allegationes.
3594 1690 3901 1774 Quatuor
3954 1694 4109 1760 illae
4163 1697 4456 1779 capitum

418 1799 718 1868 rubricae
770 1800 866 1867 de
920 1800 1114 1882 fide,
1169 1800 1263 1867 de
1314 1799 1526 1886 lege,
1586 1800 1681 1867 de
1739 1803 2148 1882 oratione,
2209 1800 2301 1867 de
2346 1804 2885 1869 sacramentis
2937 1803 3010 1868 in
3063 1800 3189 1869 hoc
3246 1811 3314 1869 et
3367 1805 3643 1870 caeteris
3698 1804 4183 1890 exemplaribus
4225 1805 4454 1872 latinis

416 1910 562 1998 ipso
615 1912 833 1979 textui
887 1934 1010 1978 suo
1066 1933 1363 1996 quaeque
1408 1912 1556 1979 loco
1614 1914 1903 1979 insertae
1955 1912 2286 1998 leguntur.
2376 1913 2803 2005 Precationes
2847 1913 3291 1980 subiiciuntur
3332 1912 3604 1981 eaedem
3647 1936 3724 1982 ac
3777 1918 3851 1981 in
3903 1916 4122 2001 prima
4165 1915 4453 1983 editione

417 2024 675 2112 gallica.
766 2025 940 2109 Typi
983 2022 1389 2109 grandiores.
1478 2024 1845 2107 Exemplar
1885 2033 2192 2090 nostrum
2229 2023 2387 2091 olim
2431 2025 2601 2090 Tim.
2650 2023 2830 2090 Guil.
2883 2024 3273 2091 Roehrichii
3320 2026 3477 2108 fuit,
3524 2026 3652 2092 viri
3689 2025 3778 2091 'de
3823 2027 4110 2094 historia
4156 2028 4456 2115 Alsatiae

416 2135 859 2205 ecclesiastica
899 2137 1146 2219 optime
1189 2136 1431 2217 meriti,
1476 2135 1668 2205 nobis
1713 2135 2039 2202 amicitiae
2077 2136 2345 2203 vinculo
2392 2136 2932 2203 coniunctissimi.
3039 2199 3050 2209 ,

568 2242 579 2251 ’
726 2245 1061 2333 Sequutae
1110 2254 1271 2314 sunt
1327 2245 1649 2313 editiones
1702 2230 1930 2335 plures
1983 2269 2147 2331 quas
2201 2267 2338 2313 non
2391 2268 2624 2313 omnes
2681 2249 2809 2332 ipsi
2853 2245 3161 2315 vidimus.
3251 2247 3570 2313 Proxima
3610 2248 3812 2315 fuisse
3856 2250 4122 2317 videtur
4164 2271 4245 2317 ea
4286 2272 4455 2334 quae

422 2363 581 2425 1547
631 2358 877 2445 prodiit
915 2360 1263 2444 Aug-ustae
1306 2357 1803 2425 Vindelicorum
1844 2359 2196 2441 impressa,
2255 2379 2453 2442 quam
2505 2357 2801 2443 possidet
2858 2357 3256 2425 bibliotheca
3296 2358 3735 2425 Monacensis.
3827 2360 4002 2425 Tum
4042 2381 4312 2428 recusus
4355 2369 4457 2428 cst

414 2472 526 2539 hic
566 2470 831 2537 libellus
874 2470 959 2536 ad
1001 2469 1246 2537 calcem
1289 2470 1735 2536 Institutionis
1792 2492 1850 2537 a.
1902 2476 2070 2536 1550
2114 2469 2429 2537 Genevae
2468 2471 2644 2552 apud
2690 2469 3071 2537 Gerardum
3110 2471 3507 2554 impressae,
3567 2468 3649 2535 de
3692 2489 3822 2553 qua
3862 2470 4019 2536 vide
4062 2491 4232 2555 quae
4275 2473 4351 2539 Τ.
4395 2471 4452 2539 I.

411 2603 563 2669 pag.
609 2580 932 2649 XXXVI
975 2602 1105 2666 seq.
1167 2581 1471 2647 diximus.
1560 2580 1815 2647 Eodem
1870 2602 2044 2647 anno
2103 2580 2598 2648 Catechismum
2642 2583 2823 2648 hunc
2877 2581 3084 2648 edidit
3125 2582 3220 2647 Io.
3270 2579 3620 2664 Crispinus
3635 2629 3653 2661 ‚
3713 2602 3908 2665 quem
3950 2580 4197 2648 librum
4240 2584 4456 2649 rarius

414 2694 687 2763 obvium
728 2715 814 2760 ex
853 2691 1254 2760 bibliotheca
1296 2693 1820 2778 Guelferbytana
1862 2700 2203 2776 acceptum
2248 2691 2474 2758 sedulo
2518 2713 2673 2759 cum
2718 2703 2940 2760 nostro
2984 2693 3349 2777 exemplari
3391 2693 3815 2759 contulimus:

730 2807 1594 2895 OATEOHISMVS
1663 2807 1677 2915 Ι
1744 2807 2184 2893 Ecclesiae
2247 2808 2809 2915 Geneuensis‚
2881 2809 2893 2912 Ι
2960 2818 3156 2888 Hoc
3219 2818 3429 2901 Esr,
3506 2819 3971 2889 FoRmA
4037 2822 4047 2909 ι
4111 2821 4455 2890 erudiendi

415 2955 656 3018 pueros
699 2935 772 2999 in
816 2933 1114 2999 doctrina
1157 2931 1432 2999 Christi
1485 2938 1495 3009 ι
1543 2933 1665 2999 10.
1711 2930 2133 2999 0221.va
2171 2931 2698 3010 umens..
3086 2937 3096 3015 ι
3148 2930 3619 2998 enNnvAn.
3667 2933 3680 3016 ι
3729 2933 3825 2998 Μ.
3848 2934 3933 2999 n.
3959 2935 4040 3001 L.

726 3045 813 3111 In
854 3046 989 3111 fine
1032 3043 1308 3130 legitur:
1353 3043 1701 3111 Excusum
1735 3043 2050 3112 Genevae
2086 3043 2262 3129 apud
2294 3044 2619 3111 Ioannem
2653 3043 3038 3129 Crispinum
3075 3041 3368 3110 Conradi
3401 3043 3599 3110 Badii
3633 3064 3849 3128 opera.
3920 3046 4120 3113 Anno
4156 3048 4250 3115 M.
4267 3045 4354 3114 Ι).
4371 3049 4452 3114 L.

416 3157 628 3243 pridie
671 3157 843 3223 Non.
889 3156 1089 3222 Iunii.
1179 3156 1429 3221 Forma
1471 3157 1807 3222 octonaria
1850 3156 2085 3222 minor.
2176 3155 2665 3239 Quaterniones
2709 3165 2855 3223 octo
2898 3178 3049 3223 cum
3104 3163 3294 3240 parte
3339 3157 3502 3221 noni
3541 3155 3791 3241 (A—I)
3809 3208 3825 3236 ,
3881 3158 4163 3241 paginae
4219 3180 4455 3225 nume-

418 3277 604 3336 ratae
654 3273 793 3335 132.
883 3269 1061 3353 Typi
1102 3267 1394 3334 Badiani
1435 3267 1888 3351 elegantiores,
1933 3267 2169 3334 charta
2210 3268 2440 3333 nitida.
2529 3268 2782 3336 Ultimo
2825 3269 3000 3349 folio,
3045 3276 3198 3350 post
3238 3268 3647 3350 precationes
3665 3319 3679 3344 ,
3725 3269 3799 3333 in
3842 3267 4069 3352 fugam
4113 3269 4307 3336 vacui
4351 3272 4455 3336 in-

420 3383 669 3464 scripta
710 3387 814 3447 est
858 3380 1149 3446 Oratio
1191 3380 1452 3445 Mosis
1498 3378 1666 3445 viri
1709 3376 1899 3458 Dei,
1943 3380 2085 3445 sive
2129 3378 2441 3445 Psalmus
2485 3381 2976 3464 nonagesimus.

731 3495 971 3582 OAT
980 3493 1597 3580 EOHISMVS
1669 3491 1681 3596 Ι
1753 3503 2283 3573 EOOLESIAE
2331 3506 2621 3573 GENE-
2648 3496 2996 3602 1uensis,
3057 3496 3217 3581 hoc
3282 3511 3443 3607 est,
3506 3496 3920 3580 Formula
3982 3494 4451 3606 erudiendi!

417 3663 733 3749 pueros
793 3634 883 3716 in
947 3632 1333 3717 doctrina.
1394 3630 1738 3714 Christi.
1812 3635 1824 3741 Ι
1901 3652 2186 3708 ῙΟΑΝΝΕ
2231 3653 2552 3710 GALvmo
2596 3655 2963 3711 AvTHoRE.
3014 3646 3025 3730 ι
3424 3648 3432 3732 Ι
3476 3632 3849 3724 amun,
3900 3652 3909 3721 ι
3962 3627 4096 3722 Ex
4130 3629 4453 3749 officina

419 3765 746 3863 Iocmm'.‹›²
798 3764 1161 3886 Crispini.
1231 3775 1243 3880 Ι
1309 3791 1386 3846 Μ.
1408 3789 1475 3844 1>-
1501 3790 1592 3844 m-

732 3895 930 3962 Hanc
974 3893 1389 3960 rarissimam
1434 3891 1788 3957 editionem
1840 3893 2183 3959 nobiscum
2237 3894 2750 3959 communicavit
2794 3893 2922 3959 Vir
2963 3895 3370 3960 clarissimus
3413 3894 3498 3960 G.
3545 3891 3671 3960 Ed.
3716 3891 3929 3960 Steitz
3948 3942 3963 3972 ,
4022 3891 4207 3958 verbi
4248 3892 4457 3960 divini

424 4005 606 4092 apud
642 4005 1238 4073 Francofurtenses
1272 4001 1597 4083 minister,
1644 4023 1727 4067 ex
1771 4001 2169 4069 bibliotheca
2212 4004 2395 4070 urbis
2440 4026 2599 4071 suae
2643 4004 3118 4090 depromptam.
3175 4005 3424 4072 Forma
3458 4014 3563 4072 est
3598 4003 3828 4071 eadem
3864 4025 3940 4069 ac
3980 4002 4455 4088 praecedentis.

425 4116 919 4200 quaterniones
962 4123 1122 4183 sunt
1162 4123 1310 4184 octo
1354 4114 1656 4199 (A-H),
1701 4113 1985 4197 paginae
2037 4123 2426 4182 numeratae
2477 4120 2617 4196 127,
2662 4116 2898 4183 ultima
2941 4136 3170 4184 vacua.
3260 4116 3369 4183 Ad
3426 4114 3961 4182 constituendum
4003 4121 4267 4181 textum
4307 4136 4459 4184 cum

425 4236 658 4296 nostra
697 4228 995 4313 principe
1040 4227 1454 4293 contulimus.

737 4341 970 4424 Neque
1027 4338 1594 4423 praetermisimus
1656 4342 1795 4402 tres
1849 4335 2010 4402 alios
2063 4336 2265 4403 libros
2322 4336 2403 4404 de
2455 4337 2693 4420 quibus
2746 4339 2855 4406 hic
2912 4337 3211 4422 pluribus
3265 4360 3462 4424 agere
3505 4358 3642 4403 non
3690 4336 3962 4418 attinet,
4014 4337 4255 4420 quippe
4296 4357 4459 4420 quos

428 4452 592 4520 alibi
635 4452 798 4519 satis
843 4457 1145 4518 accurate
1189 4448 1732 4528 recensuerimus,
1778 4468 2017 4531 nempe
2061 4447 2343 4515 Gallasii
2397 4448 2657 4533 Corpus
2700 4451 3130 4516 Tractatuum
3191 4449 3456 4519 Calvini
3508 4447 4025 4533 theologicorum
4069 4447 4300 4534 (1552)
4344 4448 4460 4513 ubi

428 4563 893 4632 Catechismus
950 4561 1232 4628 habetur
1281 4581 1343 4644 p.
1388 4563 1778 4636 152—2053
1836 4566 1906 4625 et
1961 4559 2291 4643 duplicem
2339 4560 2789 4629 Institutionis
2847 4561 3206 4629 editionem
3266 4565 3430 4628 1553
3487 4569 3555 4627 et
3616 4564 3815 4640 1554,
3866 4559 3947 4625 de
4003 4579 4134 4643 qua
4174 4564 4460 4642 utraque

429 4674 651 4755 adeas,
696 4694 1111 4759 quaesumus,
1166 4671 1644 4757 Prolegomena
1698 4671 1893 4735 Tomi
1945 4672 2157 4737 nostri
2206 4672 2420 4754 primi.
2527 4673 2632 4737 De
2686 4671 3082 4740 editionibus
3139 4673 3541 4740 Catechismi
3598 4669 4004 4755 bilinguibus
4059 4692 4115 4734 a.
4169 4674 4332 4735 1554
4393 4677 4462 4735 et

436 4791 600 4853 1561
652 4806 855 4869 snpra
908 4785 1157 4851 dictum
1209 4783 1282 4848 in
1337 4781 1606 4866 gallicis.
1708 4778 2156 4848 Adhibuimus
2209 4804 2404 4867 porro
2459 4782 2813 4849 editionem
2870 4786 3086 4851 Bezae
3146 4786 3458 4870 (Tractat.
3513 4784 3675 4847 1576
3727 4802 3789 4864 p.
3832 4784 4122 4862 18-55;
4184 4782 4349 4845 1597
4395 4804 4458 4866 p.

437 4901 728 4979 14-43;
787 4901 944 4962 1611
1003 4917 1065 4979 p.
1111 4896 1417 4979 12—37)
1466 4902 1535 4959 et
1586 4890 2275 4970 Amstelodamcnsem
2320 4894 2413 4981 (p.
2458 4899 2745 4976 11—323
2800 4894 3080 4979 denique
3133 4894 3453 4962 editiones
3518 4893 3743 4977 plures
3811 4893 4155 4960 manuales
4213 4895 4460 4979 partim
4553 4943 4564 4952 .

433 5009 975 5097 graeco-latinas,
1030 5008 1273 5091 partim
1329 5026 1511 5071 mere
1564 5003 1833 5084 latinas,
1893 5024 2058 5087 quae
2101 5005 2172 5070 in
2214 5014 2442 5074 nostra
2480 5006 2862 5072 collectione
2906 5012 3200 5087 exstant,
3254 5016 3324 5073 et
3366 5026 3650 5091 quarum
3692 5024 3898 5070 unam
3955 5012 4251 5084 tantum,
4306 5011 4460 5070 ante

433 5121 706 5190 Calvini
747 5122 885 5187 fata
924 5138 1253 5198 excusam,
1299 5117 1408 5183 hic
1451 5115 1792 5199 speciatim
1833 5135 2202 5182 memorare
2239 5116 2415 5183 libet.
2506 5117 2771 5183 Titulus
2816 5123 2947 5182 est:

750 5234 810 5296 Σ
820 5230 1337 5296 Toum-:1922
1389 5227 1568 5312 THE
1620 5225 1631 5313 Ι
1678 5227 2071 5312 Χριστιανῶν
2122 5223 2417 5308 πίστεως,
2440 5223 2508 5307 ἢ
2559 5223 2967 5312 Κατηχισμός,
3017 5229 3044 5313 Ι
3076 5229 3225 5293 κατὰ
3296 5228 3402 5308 τῆν
3453 5227 3723 5311 παλαιὰν
3781 5228 4126 5308 ὀνομασίαν.
4184 5226 4192 5310 Ι
4254 5225 4462 5312 Τούτῳ

434 5348 547 5412 καὶ
586 5335 775 5419 αἶπος
810 5345 930 5409 ταῖν
974 5346 1474 5422 ἐκκλησιαστικῶν
1516 5337 1923 5426 προσε·Ιτέθη
1978 5337 2182 5422 εὔχῶν.
2234 5346 2246 5423 Ι
2293 5340 2862 5408 RVDIMEN'PA
2911 5339 3179 5406 FIDEI
3227 5341 3237 5424 Ι
3291 5338 3742 5423 Christianae,
3797 5337 3907 5408 vel
3951 5336 4166 5403 Rudis
4224 5345 4290 5402 et
4331 5336 4466 5403 ele-
