4999 6179
490 429 615 493 313

493 618 574 684 de
629 626 1048 702 peccatorum
1098 620 1351 685 meritis
1409 630 1477 685 et
1531 620 1913 685 remissione
1931 671 1947 699 ,
2003 618 2159 703 quid
2203 620 2274 684 in
2319 620 2447 685 Pe-

487 706 772 788 lagianis
813 704 1255 787 reprehendat
1298 707 1744 791 Augustinus:
1793 725 2060 789 nempe,
2097 705 2449 805 non-quod

1975 428 2104 494 DE
2149 428 2506 497 LIBERO
2550 429 3024 497 ARBI'PRIO.

4383 442 4512 504 314

2726 618 2918 702 Quae
2963 642 3043 685 ex
3090 620 3257 685 libro
3295 621 3374 686 de
3419 620 3675 704 Spiritu
3718 632 3786 688 et
3819 624 4013 688 litera
4048 624 4330 705 adducit,
4376 648 4513 692 non

2549 705 2751 789 longa
2791 706 3195 789 expositione
3238 706 3556 791 indigent,
3600 709 3657 773 si
3692 707 4045 775 candidum
4086 710 4374 776 habeant
4405 713 4513 778 in-

487 791 771 855 liberum
815 792 1163 856 arbitrium
1199 800 1517 870 statuant,
1563 791 1682 858 sed
1716 791 1890 874 quod
1927 792 2125 857 nimis
2171 800 2444 875 erigant.
2496 816 2503 837 ·
2552 797 2936 874 terpretem,
2994 791 3118 857 hoc
3161 803 3278 873 est,
3327 792 3715 860 dissimilem
3759 795 4026 879 Pighio‚
4074 799 4201 896 ‘qui
4244 798 4510 864 nullum

489 878 745 942 Verum
795 877 931 941 iam
986 878 1248 959 saepius
1304 876 1554 943 dictum
1608 886 1737 957 est,
1797 898 1993 961 quam
2038 886 2113 942 ut
2154 887 2448 959 repetere
2495 860 2503 939 l
2553 897 2689 941 11011
2726 888 2950 942 movet
2992 879 3308 961 lapidem,
3364 888 3443 943 ut
3493 881 3659 946 bene
3701 881 3874 946 dicta

489 984 652 1046 opus
695 963 799 1039 sit,
846 961 993 1027 ideo
1036 962 1230 1028 liberi
1272 964 1527 1030 arbitrii
1566 985 1802 1028 nomen
1839 962 2195 1029 concedere
2242 963 2445 1027 hosti-

489 1049 612 1113 bus
647 1048 916 1113 solitum
932 1099 946 1124 ‚
1010 1070 1098 1114 ne
1151 1049 1234 1114 ob
1273 1070 1503 1115 vocem
1557 1050 1800 1132 passim
1855 1058 2188 1132 receptam
2230 1067 2447 1112 moro-

490 1135 702 1199 sitatis
758 1133 1078 1200 invidiam
1133 1136 1399 1200 subiret.
1503 1134 1706 1200 Aliud
1758 1155 1916 1218 ergo
1970 1135 2206 1199 afferat
2256 1155 2445 1218 opor-

489 1230 599 1298 tet,
646 1221 702 1285 si
757 1239 1058 1302 premere
1111 1241 1231 1285 nos
1275 1220 1453 1286 velit.
1543 1221 1607 1286 N
1608 1242 1683 1286 ec
1734 1242 1831 1299 se,
1890 1242 2009 1286 nec
2054 1241 2446 1303 quemquam

489 1305 821 1371 dubitasse
876 1305 1390 1371 orthodoxorum
1445 1314 1731 1372 testatur
1745 1357 1761 1384 ,
1822 1307 1982 1388 quin
2040 1326 2237 1372 nemo
2296 1310 2446 1387 [pag.

496 1407 521 1455 1
539 1396 645 1471 12]
689 1398 944 1474 peccet,
1004 1391 1133 1456 nisi
1187 1390 1389 1457 libere
1444 1392 1690 1458 volens.
1790 1392 1918 1457 His
1974 1390 2445 1458 subscribimus

488 1497 610 1542 nos
652 1497 938 1560 quoque,
986 1479 1041 1542 si
1090 1476 1292 1543 libere
1336 1499 1455 1561 pro
1499 1487 1730 1561 sponte
1787 1478 2074 1561 positum
2120 1480 2444 1560 interpre-
2495 1476 2502 1505 '

487 1564 679 1640 teris,
746 1573 826 1626 ut
884 1583 1074 1628 mens
1137 1565 1478 1647 scriptoris
1532 1566 1656 1628 fuit
1711 1563 2023 1646 accipere.
2128 1564 2219 1628 Se
2266 1563 2446 1628 uitur

487 1658 739 1731 postea:
796 1656 866 1712 et
921 1649 1097 1732 quod
1153 1650 1338 1716 Deus
1392 1650 1564 1714 nihil
1620 1651 2043 1734 praeceperit,
2091 1670 2220 1732 quo
2311 1668 2443 1713 non

487 1736 575 1800 sit
616 1736 688 1799 in
730 1742 1051 1817 potestate
1095 1745 1321 1801 nostra
1360 1739 1577 1801 situm.
1645 1736 1918 1818 Nempe,
1963 1735 2022 1800 si
2066 1756 2230 1800 sana
2272 1746 2447 1800 esset

486 1820 792 1886 voluntas
809 1872 825 1899 ,
873 1830 950 1885 ut
992 1820 1309 1904 quidquid
1354 1822 1554 1887 habet
1595 1821 1841 1887 virium
1883 1819 1969 1886 ad
2011 1821 2179 1905 legis
2223 1821 2445 1886 obser-

484 1908 780 1971 vantiam
837 1905 1220 1988 applicaret:
1278 1909 1450 1973 sicut
1507 1909 1648 1991 ipse
1689 1907 1861 1972 idem
1921 1905 2307 1990 respondet,
2366 1906 2446 1971 de

481 1993 894 2058 Perfectione
950 1993 1263 2058 iustitiae.
1289 1996 1336 2070 ¹)
1439 1994 1634 2060 Nunc
1702 2012 1860 2058 vero
1915 2014 2115 2075 quum
2175 2013 2446 2076 prorsus

488 2084 838 2228 corrudptae
881 2078 1020 2143 sint
1071 2081 1272 2143 totius
1313 2081 1576 2145 animae
1617 2079 1995 2156 facultates,
2042 2090 2110 2144 et
2151 2078 2234 2142 ad
2282 2080 2447 2144 bene

486 2185 655 2248 agen

701 2185 814 2228 um
857 2164 1157 2243 inutiles,
1204 2185 1337 2229 non
1376 2166 1660 2247 amplius
1702 2166 1773 2229 in
1819 2165 2007 2230 uobis
2053 2165 2445 2249 quaerenda,
2494 2164 2502 2239 Ι
2553 2176 2621 2229 01
2677 2164 2807 2230 fide
2873 2164 3162 2248 loquens.

486 2250 601 2316 sed
636 2272 674 2315 e
709 2250 886 2315 coelo
931 2251 1215 2333 petenda
1253 2258 1356 2315 est
1397 2261 1686 2333 potestas
1728 2250 1870 2330 illa,
1933 2271 2099 2334 quae
2141 2250 2306 2335 legis
2347 2252 2445 2316 iu-

487 2337 706 2402 stitiae
763 2336 1067 2401 sufficiat.
1157 2336 1344 2402 Haec
1389 2357 1526 2401 non
1574 2357 1751 2413 mea,
1810 2337 1925 2401 sed
1965 2337 2171 2419 ipsius
2218 2340 2449 2420 Augu-

488 2423 646 2488 stini
688 2422 901 2487 verba
944 2432 1119 2487 sunt.
1212 2426 1307 2486 At
1349 2443 1612 2505 semper
1656 2421 2014 2487 adiuvandi
2069 2423 2270 2488 verbo
2316 2423 2446 2487 uti-

485 2518 622 2573 tur:
683 2529 810 2591 quo
854 2507 1118 2573 videtur
1158 2509 1430 2573 innuere
1446 2561 1460 2585 ,
1521 2530 1654 2573 nou
1698 2509 1916 2591 ipsum
1962 2529 2158 2591 agere
2203 2509 2443 2585 omnia,

483 2594 598 2659 sed
643 2592 831 2659 nobis
874 2602 1096 2677 partes
1139 2594 1205 2657 in
1255 2591 1508 2677 agendo
1551 2594 1803 2677 aliquas
1838 2593 2229 2677 relinquere.
2295 2594 2445 2659 Pri-

482 2700 694 2757 mum,
753 2687 871 2744 aut
911 2701 1048 2744 non
1090 2678 1591 2757 animadvertit,
1650 2689 1766 2745 aut
1805 2679 2330 2745 animadvertere
2373 2701 2445 2745 se

483 2765 856 2831 dissimulat
912 2765 1018 2830 hic
1072 2774 1384 2849 nugator,
1443 2767 1894 2849 Augustinum
1951 2766 2024 2829 in
2079 2765 2212 2831 illis
2255 2766 2443 2831 libris

481 2872 613 2915 non
674 2872 757 2915 ex
811 2851 1115 2915 instituto
1174 2858 1489 2925 tractare,
1547 2851 1702 2933 quid
1757 2856 1871 2928 sit,
1949 2860 2068 2916 aut
2123 2850 2442 2934 quidnam

481 2935 700 3001 valeat
757 2936 1038 3001 liberum
1095 2938 1475 3013 arbitrium,
1545 2938 1661 3002 sed
1737 2937 1950 3002 obiter
2016 2938 2160 3002 eius
2226 2940 2441 3004 facere

479 3022 901 3086 mentionem.
1004 3022 1151 3087 Illic
1207 3022 1386 3087 enim
1443 3024 1731 3106 primum
1786 3025 2159 3106 quaeritur,
2213 3034 2441 3088 utrum

482 3130 566 3174 ex
631 3116 910 3173 naturae
986 3110 1375 3173 necessitate
1452 3111 1541 3174 sit
1601 3129 1807 3188 mors,
1883 3130 1968 3174 an
2041 3131 2124 3174 ex
2189 3110 2441 3192 peccati

480 3215 713 3278 poena.
823 3193 1116 3272 Deinde,
1202 3216 1286 3258 an
1353 3194 1639 3259 inveniri
1704 3194 2028 3278 quispiam
2095 3194 2441 3259 hominum

483 3281 691 3363 possit
734 3278 1160 3361 ἀναμάρτητος,
1197 3278 1265 3343 id
1310 3291 1427 3356 ost,
1473 3281 1616 3344 sine
1660 3288 1941 3362 peccato.
2010 3279 2206 3347 Unde
2249 3285 2317 3344 01
2358 3280 2440 3345 (10

481 3379 750 3449 peccato
806 3365 1116 3449 originali
1174 3367 1466 3430 nascitur
1521 3365 1718 3429 tortia
1771 3367 2084 3447 quaestio.
2188 3365 2292 3430 De
2359 3364 2437 3428 li-

481 3450 638 3516 bero
681 3452 886 3535 igitur
931 3451 1231 3529 arbitrio,
1291 3472 1428 3517 non
1470 3461 1794 3534 quantum
1835 3448 1920 3514 ad
1962 3448 2442 3534 expediendam

480 3545 689 3603 totam
734 3536 1186 3622 quaestionem
1240 3536 1403 3603 satis
1459 3539 1573 3614 sit,
1638 3535 1753 3602 sed
1809 3545 2131 3619 quantum
2187 3537 2439 3603 occasio

477 3622 734 3689 ferebat
773 3622 848 3687 in
890 3622 1163 3688 alterius
1207 3624 1584 3707 argumenti
1628 3623 2038 3701 tractatione,
2080 3621 2215 3688 illic
2261 3621 2436 3689 dicit.

465 3701 590 3775 ”Ad
633 3708 778 3786 hoc,
821 3709 878 3772 si
921 3707 1286 3773 clausulam
1341 3709 1683 3790 inspicias,
1740 3706 1951 3772 nihilo
1995 3709 2217 3772 minus
2261 3729 2438 3774 com-

477 3792 857 3879 prehendit,
914 3814 1111 3877 quam
1162 3793 1337 3876 quod
1391 3793 1741 3859 tradimus:
1799 3791 1930 3858 Dei
1984 3792 2234 3860 scilicet
2273 3815 2439 3873 esse,

478 3879 756 3964 implere
813 3900 934 3963 per
990 3881 1300 3963 gratiam,
1359 3878 1534 3963 quod
1579 3899 1702 3963 per
1756 3879 1970 3962 legem
2015 3879 2254 3945 iubeat.
2349 3882 2442 3944 At

477 3975 704 4051 postea
738 3967 1001 4048 excipit,
1039 3987 1173 4031 non
1198 3966 1354 4032 solis
1389 3967 1562 4032 votis
1586 3962 1911 4048 agendum
1934 3985 2100 4030 esse.
2165 3965 2439 4050 Nempe,

479 4065 562 4117 ut
614 4050 861 4117 delirae
915 4061 985 4116 et
1037 4052 1277 4135 impiae
1320 4072 1549 4117 eorum
1605 4050 2062 4134 imaginationi
2119 4062 2438 4129 occurrat,

479 4138 592 4222 qui
635 4136 859 4202 Deum
905 4138 974 4202 in
1018 4137 1286 4202 homine
1329 4139 1498 4204 sicut
1531 4136 1610 4205 -111
1655 4135 1875 4219 lapide
1890 4188 1906 4215 ,
1951 4136 2075 4200 1100
2119 4147 2249 4213 081,
2296 4137 2440 4202 81110

479 4226 855 4298 intrinseco,
904 4233 978 4289 ut
1011 4224 1104 4288 ita
1146 4222 1405 4307 loquar,
1453 4222 1819 4288 voluntatis
1854 4223 1998 4287 eius
2039 4233 2249 4301 motu,
2286 4243 2439 4306 ope-

479 4310 614 4376 rar-i
677 4311 959 4392 fingunt.
1069 4309 1413 4375 Postremo
1427 4361 1442 4387 ,
1522 4310 1579 4374 si
1656 4309 2077 4372 meminerint
2141 4307 2438 4388 lectores,

479 4416 645 4480 quas
702 4416 787 4459 ex
840 4393 1072 4460 eodem
1123 4393 1286 4460 libro
1330 4394 1697 4461 sententias
1754 4414 1967 4475 nuper
2010 4393 2208 4459 retuli
2229 4446 2245 4472 ,
2300 4396 2437 4458 Au-

481 4482 824 4567 gustinum
866 4491 1225 4564 agnoscent
1264 4482 1460 4565 longe
1501 4480 1654 4563 plus
1708 4480 1779 4543 in
1825 4500 2176 4562 progressu
2220 4481 2440 4562 expri-

477 4589 676 4646 mere,
723 4586 923 4649 quam
969 4566 1074 4632 hic
1116 4567 1418 4650 attingat.
1507 4566 1736 4649 Neque
1777 4565 1954 4629 enim
1991 4564 2073 4629 de
2115 4564 2439 4630 adiutorio

477 4655 610 4719 Dei
654 4652 868 4719 solum
912 4652 1221 4735 loquitur,
1267 4653 1454 4735 quasi
1497 4653 1592 4716 ita
1635 4671 1758 4715 nos
1800 4649 2076 4717 adiuvet
2113 4651 2317 4729 Deus,
2366 4659 2441 4715 ut

478 4747 939 4806 convertamus
985 4743 1133 4816 [pag.
1179 4743 1325 4816 113]
1373 4758 1492 4802 nos
1535 4737 1682 4820 ipsi,
1728 4735 1891 4801 dum
1927 4735 2009 4801 ab
2053 4757 2128 4801 eo
2163 4757 2437 4802 conver-

479 4828 701 4902 timur,
748 4824 921 4889 sicut
959 4824 1245 4907 Pighius
1288 4823 1634 4899 mentitur,
1693 4822 1810 4887 sed
1860 4823 2057 4887 unius
2101 4820 2230 4886 Dei
2275 4843 2437 4904 opus

479 4914 552 4976 in
594 4908 878 4975 solidum
921 4930 1064 4975 esse
1109 4909 1371 4987 asserit,
1432 4917 1568 4972 tam
1611 4909 1850 4974 mentis
1894 4929 2092 4990 quam
2133 4907 2436 4972 volunta-

479 4999 562 5058 tis
611 4993 1102 5074 amaritudinem,
1152 5015 1349 5077 seque
1402 4994 1647 5058 fatetur
1699 4993 2034 5077 ignorare,
2096 4991 2256 5076 quid
2298 5013 2438 5057 om-

477 5086 637 5148 nino
687 5084 890 5162 possit
931 5083 1000 5144 in
1046 5079 1334 5145 hominis
1380 5079 1719 5144 voluntate
1764 5078 1916 5143 boni
1961 5078 2262 5143 inveniri.

477 5247 634 5256 *ῆι-.-
847 5247 888 5252 .-

618 5355 679 5422 1)
719 5352 769 5406 1.
807 5369 849 5406 e.
888 5357 950 5406 ia
984 5353 1125 5407 libro
1159 5368 1260 5424 nco
1293 5353 1439 5409 hunc
1474 5352 1689 5407 titulum
1720 5368 1861 5420 prae
1896 5367 1953 5405 se
1983 5352 2206 5418 ferente.

4161 884 4219 948 is
4261 884 4511 949 calum·

2551 964 2681 1028 niis
2737 962 3066 1046 depravet.
3171 967 3588 1049 Augustinus
3642 965 3843 1032 fidem
3897 968 3967 1032 in
4037 967 4237 1033 libera
4279 978 4510 1035 nostra

2552 1057 2877 1132 potestate
2921 1052 3289 1131 constituit,
3346 1060 3573 1135 utpote
3608 1073 3774 1137 quae
3820 1075 3860 1118 a
3903 1053 4243 1119 voluntate
4286 1066 4514 1121 nostra

2552 1133 2868 1217 pendeat:
2929 1137 3082 1218 quia
3124 1137 3328 1202 libero
3372 1138 3644 1203 arbitrio
3660 1192 3677 1219 ,
3721 1148 3835 1204 aut
3878 1137 4150 1204 tendere
4185 1138 4269 1204 ad
4311 1142 4511 1207 fidem

2552 1222 2906 1304 possimus,
2961 1231 3075 1285 aut
3131 1222 3214 1287 ad
3284 1223 3739 1289 infidelitatem
3808 1225 4143 1289 inclinare.
4246 1223 4322 1291 Si
4375 1235 4517 1293 tota

2554 1306 2911 1388 disputatio
2969 1309 3062 1372 810
3112 1308 3554 1389 clauderetur,
3615 1309 3885 1377 haberet
3899 1361 3913 1387 ‚
3961 1312 4183 1389 fateor,
4230 1312 4513 1397 Pighius

2554 1393 2988 1458 insolesceudi
3032 1397 3397 1460 materiam.
3484 1394 3620 1461 Sed
3666 1417 3871 1479 quum
3914 1405 4303 1478 potestatem
4340 1397 4513 1466 hanc

2552 1478 2875 1563 singulari
2940 1481 3067 1545 Dei
3134 1479 3301 1545 dono
3350 1483 3631 1547 conferri
3688 1482 3904 1560 nobis,
3973 1503 4106 1547 non
4163 1505 4246 1547 ex
4304 1484 4513 1551 libero

2554 1565 2825 1629 arbitrio
2898 1586 3169 1649 surgere
3236 1568 3433 1632 simul
3502 1576 3809 1633 testetur:
3864 1567 4197 1634 credendi
4251 1591 4513 1653 quoque

2551 1650 2993 1731 voluntatem,
3050 1673 3179 1716 non
3226 1664 3505 1718 naturae
3539 1652 3831 1719 bonitate
3876 1655 4160 1737 concipi,
4208 1655 4323 1719 sed
4366 1657 4513 1721 fieri

2551 1756 2626 1801 ac
2686 1736 2950 1801 formari
3006 1758 3128 1820 per
3195 1739 3501 1821 spiritum
3558 1748 3890 1805 sanctum:
3948 1760 4168 1805 11011110
4214 1741 4346 1804 18111
4392 1742 4511 1806 011-

2552 1841 2700 1887 cere
2751 1834 3131 1905 promptum
3185 1834 3317 1898 est.
3386 1823 3542 1907 quid
3606 1826 4050 1907 superioribus
4103 1826 4234 1891 illis
4289 1826 4514 1892 verbis

2554 1908 2679 1972 sibi
2738 1908 2938 1972 velit?
3041 1909 3324 1993 Nempe,
3382 1920 3543 1977 tuuc
3587 1923 3880 1977 nostram
3928 1932 4072 1977 esse
4117 1923 4186 1975 et
4224 1919 4513 1995 potesta-

2552 2002 2707 2073 tem,
2753 2002 2821 2057 et
2876 1993 3317 2075 voluntatem,
3374 2018 3576 2078 quum
3622 2006 3899 2079 utraque
3946 1997 4128 2062 nobis
4173 1996 4328 2063 data
4368 1999 4511 2064 fue-

2554 2079 2667 2143 rit:
2714 2080 2883 2143 sicut
2927 2080 3134 2158 docet,
3181 2083 3321 2146 eius
3365 2083 3581 2164 operis
3617 2084 3827 2165 capite
3871 2102 4075 2161 110110,
4135 2082 4218 2148 (10
4260 2084 4543 2149 iustitia

3262 2166 3664 2249 Utrumque,
3722 2168 3964 2250 inquit,
4036 2178 4327 2234 nostrum
4376 2181 4513 2235 est:

2554 2251 2670 2316 sed
2735 2250 2881 2316 ideo
2949 2253 3077 2317 Dei
3124 2262 3194 2317 et
3258 2253 3509 2318 Christi
3577 2252 3842 2331 dicitur,
3898 2254 4067 2337 quod
4126 2258 4266 2320 eius
4320 2257 4509 2321 nobis

2552 2336 2856 2420 largitate
2902 2337 3198 2402 donatur.
3265 2337 3457 2420 Quod
3494 2345 3734 2417 autem,
3774 2337 4067 2405 adhibita
4111 2343 4285 2405 inter
4318 2361 4511 2424 posse

2553 2432 2620 2485 et
2664 2422 2836 2488 velle
2870 2423 3311 2500 distinctione,
3358 2425 3531 2489 hanc
3561 2425 3915 2490 formulam
3950 2432 4150 2509 negat
4193 2427 4264 2490 in
4302 2428 4510 2510 scrip-

2553 2517 2704 2573 tura
2760 2507 3073 2587 inveniri,
3132 2508 3305 2591 quod
3360 2532 3493 2575 non
3550 2512 3637 2575 sit
3693 2510 4001 2576 voluntas
4060 2512 4191 2577 nisi
4247 2534 4285 2577 a
4329 2511 4508 2578 Deo:

2551 2595 2717 2658 sicut
2763 2592 2845 2658 de
2882 2602 3204 2676 potestate
3249 2595 3566 2677 loquitur,
3613 2598 3802 2661 nobis
3847 2618 3965 2679 per
4006 2599 4227 2661 omnia
4268 2599 4507 2664 suffra·

2551 2690 2765 2762 gatur.
2870 2680 3156 2746 Causam
3198 2681 3377 2746 enim
3434 2702 3590 2746 mox
3635 2682 4005 2766 subiungit:
4061 2704 4144 2747 ne
4191 2683 4339 2765 quis
4384 2685 4509 2751 sci-

2548 2764 2706 2830 licet
2771 2766 2978 2831 malas
3037 2766 3412 2833 voluntates
3474 2766 3620 2832 Deo
3688 2767 4035 2834 adscribat.
4129 2767 4506 2849 Caeterum,

2549 2850 2787 2916 bonam
2849 2850 2994 2917 Deo
3060 2852 3500 2932 voluntatem,
3555 2855 3729 2920 sicut
3771 2876 3811 2919 a
3852 2854 3997 2919 Deo
4056 2854 4363 2932 efficitur,
4416 2857 4509 2920 ita

2492 2996 2496 3011 ,
2550 2937 2678 3001 rite
2735 2960 2809 3004 ac
2865 2939 3100 3003 merito
3169 2938 3267 3003 illi
3322 2938 3553 3017 tribui,
3612 2939 3924 3007 concedit.
4016 2942 4117 3005 Ac
4168 2942 4264 3007 810
4336 2942 4514 3007 inter

3361 3026 3628 3106 artitur,
3686 3036 3758 3091 ut
3802 3026 4170 3092 consentire
4216 3025 4350 3092 Dei
4390 3049 4511 3094 vo-

3358 3112 3693 3191 issentire,
3754 3114 3823 3177 in
3881 3111 4085 3178 libero
4142 3112 4511 3190 voluntatis

2548 3205 2732 3260 motu
2790 3196 2995 3258 situm
3050 3216 3194 3260 esse
3253 3195 3443 3262 dicat.
3543 3197 3843 3263 Contexe
3895 3196 4069 3280 quod
4122 3200 4348 3264 statim
4405 3221 4508 3265 se-

2546 3280 2773 3360 quitur
2818 3281 2993 3361 apud
3054 3284 3536 3364 Augustinum,
3608 3282 3779 3367 quod
3831 3283 4159 3350 malitiose
4225 3286 4507 3352 subticet

2547 3364 2849 3450 Pighius,
2895 3378 2960 3430 et
3005 3367 3257 3433 solutus
3303 3369 3429 3432 erit
3471 3370 3698 3434 nodus.
3792 3369 3867 3435 Si
3911 3371 4058 3453 quis
4093 3392 4218 3442 me,
4267 3373 4500 3453 inquit,

2548 3449 2631 3515 ad
2722 3449 3190 3517 refunditatem
3247 3453 3429 3518 illam
3476 3459 3624 3534 [pag.
3672 3460 3816 3534 114]
3862 3465 4182 3536 coarctet,
4238 3478 4356 3523 cur
4413 3460 4506 3523 ita

2544 3557 2578 3600 s
2709 3545 2900 3602 eatur
2922 3538 3075 3604 huic
3108 3547 3184 3602 ut
3206 3540 3696 3621 persuadeatur,
3742 3542 3935 3606 alteri
3970 3551 4190 3607 autem
4212 3564 4346 3607 non
4391 3545 4503 3623 ita,

2547 3620 2674 3686 duo
2732 3621 2939 3688 habeo
2996 3645 3163 3706 quae
3225 3625 3672 3708 respondeam.
3784 3627 3845 3692 Ο
3903 3627 4180 3693 altitudo
4241 3628 4509 3695 divitia-

2545 3728 2698 3772 rum
2752 3708 2972 3790 (Rom.
3022 3716 3130 3788 11,
3172 3710 3303 3794 33),
3350 3719 3472 3777 010.
3572 3713 3726 3778 Non
3792 3722 3894 3780 est
3962 3714 4278 3796 iniquitas
4331 3715 4507 3798 apud

2545 3791 2769 3857 Deum
2813 3795 3035 3878 (Rom.
3078 3805 3136 3875 9,
3180 3799 3308 3966 ΜΞ.
3399 3799 3539 3863 Cur
3592 3799 3714 3863 hoc
3761 3798 3971 3876 addit,
4018 3801 4148 3863 nisi
4192 3800 4347 3882 quia
4392 3800 4510 3864 ille

2547 3899 2807 3963 quoque
2830 3902 3207 3959 consensus,
3236 3885 3253 3923 ¹
3333 3904 3527 3965 quem
3556 3885 3626 3948 in
3652 3884 3935 3948 hominis
3959 3893 4281 3966 potestate
4304 3885 4504 3951 collo-

2548 3022 2770 3087 Deum
2812 3032 2880 3088 et
2924 3024 3259 3088 hominem

2548 3111 2791 3173 cationi
2812 3162 2825 3186 ,
2899 3110 3005 3174 vel
3051 3110 3134 3175 ab
3192 3133 3272 3176 ea

2548 3972 2833 4043 caverat,
2874 3986 3037 4048 opus
3082 3987 3224 4033 esse
3268 3968 3397 4032 Dei
3440 3968 3779 4051 agnoscit?
3849 3970 4096 4034 Parum
4140 3991 4317 4034 emm
4352 3993 4505 4055 pro-

2548 4052 2775 4115 ficeret
2837 4053 3024 4118 Deus
3077 4054 3486 4118 voluntatem
3561 4061 3854 4118 nostram
3933 4054 4307 4133 e'xcitando,
4376 4059 4503 4123 nisi

2548 4156 2697 4200 eam
2740 4134 2826 4200 ad
2870 4138 3132 4202 firmum
3177 4159 3385 4219 usque
3442 4158 3835 4203 consensum
3879 4138 4191 4224 dirigeret
4234 4160 4309 4207 ac
4354 4163 4503 4227 per-

2549 4221 2835 4288 duceret.
2928 4220 3325 4306 Quanquam
3383 4244 3503 4287 nec
3546 4245 3616 4289 se
3662 4223 3928 4288 tandem
3982 4227 4314 4292 continere
4357 4241 4502 4312 pot-

2548 4317 2651 4371 est
2684 4308 2986 4391 Pighius,
3024 4311 3185 4391 quin
3208 4331 3325 4373 nos
3360 4310 3500 4391 ipse
3523 4329 3779 4391 quoque
3816 4310 4133 4376 sublevet.
4201 4312 4505 4390 Errasse,

2546 4394 2779 4475 inquit,
2824 4415 2895 4458 se
2940 4395 3183 4459 fatetur
3225 4394 3672 4477 Augustinus,
3719 4396 3871 4478 quia
3914 4403 4176 4462 nostrae
4221 4419 4363 4464 esse
4406 4401 4505 4464 fa-

2548 4479 2809 4543 cultatis
2853 4489 3221 4562 putaverat,
3268 4479 3609 4563 evangelio
3653 4484 4045 4546 consentire.
4127 4480 4304 4563 Quid
4342 4504 4498 4569 ergo

2547 4585 2781 4629 causae
2827 4574 2941 4641 cst,
2989 4586 3106 4628 cur
3150 4585 3231 4627 ne
3318 4565 3485 4627 tium
3521 4566 3708 4631 nobis
3750 4566 4069 4632 facessat?
4159 4569 4303 4633 uasi
4346 4590 4498 4651 pro-

2546 4651 2691 4731 pria
2747 4649 2911 4714 haec
2968 4659 3138 4714 esset
3191 4646 3237 4712 li
3320 4651 3371 4712 ri
3414 4651 3691 4716 arbitrii
3735 4652 4027 4717 facultas.
4171 4654 4495 4720 ecundum

2552 4736 2725 4799 hanc
2769 4736 2974 4819 igitur
3016 4734 3490 4800 confessionem
3527 4736 3805 4802 inclinat
3829 4759 3940 4802 cor
3972 4749 4275 4802 nostrum
4310 4741 4495 4805 Deus

2549 4828 2626 4885 ut
2669 4822 3146 4885 consentiamus
3215 4822 3573 4905 evangelio.
3666 4821 4038 4886 Consensus
4096 4823 4206 4888 ille
4258 4827 4499 4891 merito

2546 4915 2773 4972 noster
2831 4905 3093 4984 dicitur,
3160 4905 3275 4970 sed
3331 4927 3464 4970 non
3518 4908 3641 4984 ita,
3703 4915 3778 4971 ut
3818 4906 4227 4991 intelligatur
4269 4931 4411 4976 esse
4456 4933 4498 4975 a

2548 4992 2751 5057 nobis.
2855 4989 2966 5056 Sic
3021 4991 3202 5056 alibi:
3235 4993 3292 5074 ²)
3360 4992 3503 5057 Ista
3557 5001 3658 5057 est
3709 4993 3873 5058 fides
3920 5014 4117 5076 quam
4184 4998 4289 5060 exi
4344 4997 4393 5059 ‘t
4455 5018 4495 5060 a

2547 5077 2733 5142 nobis
2777 5078 2991 5153 Deus;
3042 5087 3109 5141 et
3147 5099 3282 5141 non
3326 5079 3580 5143 invenit
3622 5078 3791 5160 quod
3836 5079 4070 5162 exigit,
4120 5081 4247 5144 nisi
4336 5101 4492 5145 ona-

2554 5243 2901 5251 ·-———-——-—
2940 5245 2945 5248 -

2685 5351 2742 5415 1)
2785 5349 2877 5404 Sic
2910 5351 3040 5404 libri
3072 5353 3251 5404 nost-ri
3283 5366 3480 5405 omnes,
3620 5350 3679 5418 2)
3718 5351 3897 5406 Tract.
3934 5351 4018 5407 29.
4054 5355 4106 5408 in
4142 5354 4327 5408 Ioaun.
