4999 6179
462 439 584 501 353
1944 442 2072 507 DE
2117 439 2472 507 LIBERO
2516 441 2990 508 ARBITRIO.
4359 451 4488 515 354

458 629 803 712 refragari:
862 648 1030 712 nego
1075 636 1339 692 tantum
1379 628 1452 692 in
1490 629 1613 694 hoc
1654 628 1824 709 dari,
1882 638 1958 694 ιιι
2001 631 2411 697 imbecillita-
2518 638 2783 715 peccato
2827 632 3135 716 originali
3177 632 3524 718 obligatos:
3572 633 3688 699 illa
3729 634 3904 699 omni
3942 635 4207 701 vinculo
4242 637 4483 702 libera-

459 725 591 779 tem
646 723 939 780 nostram
993 713 1286 779 subsidio
1346 735 1465 781 suo
1518 715 1819 794 adiuvet,
1877 717 2063 799 quasi
2107 715 2179 781 in
2223 716 2412 782 nobis
2520 728 2641 782 tos.
2731 718 2929 782 Item:
2976 719 3022 801 ¹)
3079 718 3382 785 Dicimus
3441 740 3607 803 opus
3651 719 3781 784 Dei
3828 740 3969 785 esse
4025 721 4352 799 homines,
4408 723 4479 787 in

459 801 619 865 alias
663 799 1018 883 quidquam
1064 801 1152 865 sit
1195 800 1425 865 situm:
1473 801 1588 867 sed
1634 802 1759 868 hoc
1802 802 1871 868 in
1907 801 2190 867 solidum
2232 802 2413 869 illius
2520 814 2843 886 quantum
2901 803 3203 870 homines
3271 812 3459 871 sunt:
3542 804 3658 871 sed
3710 827 3857 872 esso
3914 806 4034 871 sub
4092 807 4346 874 diabolo
4411 812 4477 874 in

457 908 623 970 opus
677 907 752 952 ac
805 887 1194 952 beneficium
1250 907 1393 953 esse
1437 889 1752 953 confirmo
1771 939 1786 965 ,
1843 898 1919 953 ut
1960 909 2070 953 cor
2114 896 2412 953 nostrum
2520 898 2840 972 quantum
2894 899 3051 955 sunt
3095 899 3488 974 peccatores.
3578 891 3765 956 Adeo
3821 899 4042 957 autem
4096 899 4310 958 totum
4364 896 4483 960 ho-

458 995 540 1039 ex
597 973 852 1056 lapideo
909 972 979 1036 in
1034 992 1347 1038 carneum
1407 983 1735 1054 vertatur,
1794 986 1867 1039 ut
1923 973 2232 1040 voluntas
2296 975 2416 1039 fiat
2520 975 2767 1039 minem
2813 997 3200 1058 perversum
3244 998 3387 1043 esse
3424 986 3718 1055 testatur,
3766 986 3842 1042 ut
3877 977 4192 1062 quidquid
4237 979 4482 1046 habere

458 1080 645 1135 nova,
684 1068 761 1123 ut
801 1079 921 1123 nos
966 1057 1244 1142 denique
1287 1059 1481 1125 corde
1526 1067 1592 1123 et
1646 1062 1865 1124 animo
1921 1061 2258 1125 reformati
2301 1080 2414 1125 ve-
2522 1061 2841 1126 bonorum
2886 1062 3150 1127 videtur
3194 1084 3233 1127 a
3277 1084 3346 1128 se
3389 1064 3558 1148 ips0‚
3617 1063 3804 1129 cedat
3856 1064 3954 1128 illi
4002 1066 4075 1128 in
4116 1076 4480 1148 peccatum.

457 1146 654 1211 limus
685 1142 862 1228 quod
885 1144 1056 1210 velle
1092 1153 1364 1228 oportet.
1424 1146 1650 1228 Neque
1685 1147 1862 1210 enim
1899 1146 2156 1212 efficere
2192 1144 2416 1211 Deum
2464 1144 2470 1235 Ι
2522 1146 2836 1213 Gratuita
2868 1148 3000 1213 Dei
3046 1151 3260 1233 gratia
3295 1149 3438 1214 dico
3475 1149 3811 1215 hominem
3847 1150 4221 1234 praeveniri
4232 1177 4249 1231 3
4294 1152 4478 1218 nullo

457 1231 527 1296 in
581 1231 768 1297 nobis
820 1239 1102 1296 testatur
1154 1230 1437 1309 Paulus,
1496 1244 1571 1296 ut
1625 1232 1952 1314 possimus
2001 1231 2168 1296 bene
2216 1231 2414 1297 velle:
2465 1242 2470 1297 l
2522 1255 2640 1297 suo
2684 1234 2918 1298 merito
2963 1234 3046 1298 ad
3090 1256 3237 1300 eam
3280 1236 3625 1319 pervenire
3638 1259 3654 1315 ;
3699 1236 3832 1300 imo
3876 1258 3959 1301 ne
3994 1246 4301 1319 appetere
4337 1240 4478 1320 qui·

458 1317 570 1383 sed
618 1318 742 1382 hoc
786 1337 1045 1400 quoque
1087 1317 1335 1400 ipsum,
1381 1326 1456 1383 ut
1499 1317 1805 1393 velimus,
1850 1316 1934 1383 ad
1977 1318 2414 1400 complemen-
2464 1326 2470 1405 ξ
2521 1317 2669 1383 dem
2714 1339 2861 1383 eam
2903 1340 3113 1403 posse,
3157 1320 3362 1386 donec
3406 1323 3765 1387 excitatum
3808 1323 3879 1386 in
3930 1323 4124 1388 corde
4167 1325 4310 1389 eius
4356 1324 4480 1389 hoc

458 1418 599 1468 tum
656 1423 862 1486 usque
917 1404 1148 1487 operis.
1255 1402 1600 1485 Quantum
1658 1405 1932 1469 interest
1989 1405 2166 1469 inter
2221 1404 2415 1470 effec-

459 1502 602 1554 tum
648 1500 716 1553 et
759 1489 1210 1555 voluntatem?
1271 1489 1560 1555 Proinde
1596 1490 1950 1557 efficaciter
1984 1490 2252 1555 formari
2300 1511 2414 1555 vo·
2518 1512 2693 1575 ergn,
2739 1492 2962 1557 Deum
3007 1494 3224 1576 gratia
3263 1515 3384 1559 sua
3428 1494 3685 1558 auferre
3739 1493 4118 1560 infidelibus
4157 1517 4269 1562 cor
4310 1496 4477 1580 lapi-

458 1576 782 1641 luntatem
829 1583 1122 1641 nostram
1165 1577 1524 1655 constitue,
1582 1585 1660 1641 ut
1697 1577 1968 1659 spiritus
2005 1577 2214 1643 sancti
2260 1574 2415 1642 duc—
2520 1576 2742 1655 deum,
2792 1586 2859 1642 et
2901 1580 3287 1661 praevenire
3333 1580 3403 1644 in
3450 1578 3826 1645 hominibus
3871 1580 4197 1646 bonarum
4240 1583 4478 1647 merita

461 1671 602 1727 tum
659 1668 970 1743 sequatur
1026 1663 1424 1741 necessari0‚
1475 1685 1608 1727 uon
1669 1672 1890 1728 autem
1940 1664 2201 1728 incitari
2248 1661 2416 1727 dun—
2463 1630 2470 1711 l
2518 1663 2953 1743 voluntatum,
3000 1664 3094 1729 ita
3135 1674 3212 1729 ιιι
3252 1666 3567 1731 voluntas
3622 1687 3740 1748 per
3786 1665 4279 1733 antecedentem
4324 1689 4476 1752 gra-

460 1758 663 1826 taxat‚
708 1762 784 1813 ut
829 1748 1062 1825 valeat,
1109 1750 1163 1812 si
1208 1749 1386 1814 velit.
1446 1747 1640 1830 Quod
1684 1768 1878 1831 porro
1922 1746 2004 1813 de
2047 1769 2181 1813 uno
2218 1768 2416 1830 opere
2464 1716 2470 1815 l
2517 1750 2680 1813 tiam
2737 1757 3196 1833 praeparetur:
3254 1773 3385 1817 non
3441 1759 3516 1815 ut
3569 1753 3780 1835 gratia
3835 1754 4073 1818 merito
4117 1753 4476 1819 voluntatis

461 1832 773 1913 dicimus,
827 1834 894 1898 id
940 1833 1022 1898 ad
1067 1836 1276 1900 totam
1321 1837 1528 1900 vitam
1574 1835 1841 1900 extendi
1886 1833 2093 1899 debet.
2185 1834 2415 1916 Neque
2463 1822 2472 1975 ι
2519 1835 2943 1900 antecedente
3010 1836 3305 1902 donetur.
3417 1837 3618 1902 Item:
3710 1837 3841 1923 Hic
3922 1846 4024 1905 est
4086 1840 4476 1923 praecipuus

461 1921 636 1986 enim
695 1920 894 1985 fuerit
948 1922 1139 1999 satis,
1212 1923 1268 1986 si
1322 1942 1434 1987 cor
1490 1921 1780 1986 hominis
1844 1921 2043 1986 semel
2101 1918 2418 1985 direxerit
2520 1921 2921 2003 quaestionis
2966 1920 3180 2001 carde,
3226 1933 3453 1988 utrum
3499 1923 3851 2004 praecedat
3893 1924 4057 1991 haec
4099 1926 4340 2009 gratia,
4388 1948 4474 1991 an

460 2008 677 2084 Deus,
724 2006 852 2071 nisi
909 2014 1225 2090 perpetuo
1271 2008 1575 2072 similiter
1629 2008 1912 2073 retineat
1956 2016 2024 2071 et
2065 2007 2139 2070 in
2196 2027 2416 2090 perse-
2520 2006 2956 2090 subsequatur
3010 2007 3297 2074 hominis
3363 2008 3814 2074 voluntatem:
3880 2010 3981 2075 vel
4000 2062 4014 2090 ,
4074 2019 4152 2075 ut
4214 2011 4476 2094 planius

459 2092 758 2158 verantia
799 2094 1162 2159 confirmet.
1251 2094 1394 2158 Iam
1439 2094 1512 2158 in
1555 2094 2048 2177 perseverantia
2083 2092 2213 2157 duo
2256 2092 2418 2158 haec
2520 2093 2803 2176 eloquar,
2849 2102 3075 2157 utrum
3119 2093 3264 2165 ideo
3307 2094 3497 2159 nobis
3541 2093 3761 2172 detur,
3816 2097 3970 2179 quia
4013 2097 4318 2163 volumus
4326 2120 4343 2176 3
4389 2118 4479 2162 an

460 2177 867 2245 observanda
909 2199 1050 2244 esse
1093 2178 1433 2255 admone0,
1478 2202 1562 2245 ne
1607 2180 1941 2246 hominem
1976 2179 2419 2263 imaginemur
2519 2200 2637 2261 per
2702 2179 2915 2262 ipsam
2969 2176 3156 2245 Deus
3206 2179 3330 2244 hoc
3392 2200 3648 2263 quoque
3701 2182 3969 2258 efficiat,
4038 2190 4113 2247 ut
4174 2184 4475 2249 velimus.

461 2266 608 2331 Deo
647 2266 998 2348 cooperari,
1043 2268 1310 2349 propria
1352 2266 1572 2349 aliqua
1613 2267 1895 2345 virtute,
1944 2263 2101 2329 dum
2145 2265 2418 2346 spiritus
2518 2270 2665 2344 [pag.
2718 2270 2864 2344 169]
2906 2264 3106 2329 Item:
3166 2264 3341 2346 Quia
3392 2264 3673 2331 liberum
3733 2265 4075 2332 arbitrium
4130 2266 4211 2333 ad
4256 2267 4479 2334 Deum

461 2351 920 2435 gubernationi
953 2352 1333 2435 obsequitur
1347 2376 1363 2431 3
1401 2374 1484 2417 ne
1508 2353 1937 2435 posteriorem
1966 2352 2251 2436 gratiam
2274 2352 2415 2417 loco
2523 2349 2928 2435 diligendum
2984 2350 3181 2434 primi
3240 2352 3492 2434 peceati
3551 2351 4007 2435 magnitudine
4051 2353 4473 2435 perdidimus,

461 2437 782 2503 mercedis
837 2437 933 2502 illi
990 2438 1269 2504 retribui
1327 2447 1663 2522 putemus,
1733 2440 1916 2521 quasi
1975 2440 2192 2522 priore
2248 2439 2415 2503 bene
2520 2445 2595 2501 ut
2632 2438 2705 2501 in
2747 2439 2969 2503 Deum
3011 2437 3374 2517 credamus,
3421 2448 3488 2502 et
3529 2440 3635 2520 pie
3678 2439 3999 2514 vivamus,
4044 2459 4181 2503 non
4225 2447 4327 2505 est
4362 2458 4478 2505 vo-

459 2523 701 2588 utendo
762 2523 885 2591 hoc
941 2526 1335 2606 promeritus
1392 2525 1606 2590 fuerit.
1710 2524 1943 2608 Neque
1996 2524 2176 2589 enim
2237 2522 2415 2590 aliud
2518 2523 2717 2588 lentis
2776 2543 2988 2606 neque
3045 2524 3407 2589 currentis:
3466 2543 3601 2587 non
3648 2523 3802 2604 quia
3854 2544 3986 2588 non
4031 2523 4198 2589 velle
4244 2522 4477 2590 debea-

456 2631 646 2692 posse
691 2610 989 2675 homines
1033 2608 1333 2690 conced0,
1375 2630 1572 2693 quam
1617 2611 1789 2693 quod
1832 2610 1965 2675 illis
2007 2610 2232 2675 datum
2273 2611 2415 2675 fue-
2519 2631 2667 2675 mus
2712 2622 2780 2675 et
2821 2628 3116 2675 currere:
3165 2610 3280 2676 sed
3325 2610 3479 2692 quia
3521 2609 3593 2673 in
3637 2608 3824 2674 nobis
3868 2618 4221 2692 utrumque
4256 2611 4473 2675 efficit.

458 2696 576 2773 rit,
626 2706 695 2762 et
742 2694 963 2761 Deum
1019 2709 1335 2780 perpetuo
1390 2708 1618 2762 tenore
1663 2699 1756 2763 sic
1809 2697 2114 2780 persequi
2169 2698 2238 2761 in
2282 2696 2414 2762 illis
2464 2644 2470 2743 i
2517 2695 2719 2760 Item:
2749 2697 2806 2781 ⁸)
2852 2697 2948 2763 Ut
2989 2695 3147 2780 quid
3182 2695 3511 2761 Dominus
3553 2694 3751 2760 iussit
3786 2716 3906 2760 nos
3940 2715 4061 2777 pro
4101 2695 4478 2761 infidelibus

456 2802 622 2864 opus
657 2803 870 2859 suum,
908 2793 984 2848 ut
1018 2785 1386 2867 gratuitum
1421 2784 1525 2861 sit,
1571 2783 1892 2867 quidquid
1934 2782 2066 2848 illis
2095 2782 2180 2847 ad
2214 2785 2415 2848 finem
2464 2750 2470 2817 Ι
2518 2782 2744 2848 orare?
2835 2785 2948 2848 An
2992 2790 3068 2848 ut
3110 2784 3204 2848 eis
3247 2802 3367 2867 pro
3411 2780 3582 2845 bona
3615 2801 3843 2846 eorum
3887 2780 4224 2847 voluntate
4267 2782 4481 2865 gratia

458 2888 664 2950 usque
710 2870 986 2934 confert:
1045 2869 1169 2934 nisi
1215 2870 1383 2935 forte
1426 2891 1580 2935 cum
1625 2870 2001 2955 Augustino
2045 2869 2415 2936 mercedem
2521 2867 2966 2935 retribuatur?
3032 2891 3108 2935 ac
3165 2890 3297 2933 non
3355 2867 3576 2951 potius
3633 2878 3708 2931 ut
3762 2888 3845 2931 ex
3900 2867 4078 2932 mala
4120 2867 4193 2931 in
4236 2865 4478 2932 bonam

456 2974 691 3019 vocare
733 2954 950 3033 libeat,
995 2955 1151 3037 quia
1194 2957 1282 3021 sit
1323 2957 1538 3041 gratia
1580 2977 1698 3038 pro
1742 2958 1982 3041 gratia:
2030 2957 2183 3040 quia
2226 2976 2416 3021 suam
2519 2964 2813 3020 mutetur
2856 2975 3088 3021 eorum
3142 2951 3495 3021 voluntas?
3585 2953 3770 3017 Dicit
3814 2952 4015 3017 enim:
4076 2952 4288 3018 Nemo
4334 2962 4477 3036 pot-

454 3040 527 3104 in
571 3040 807 3106 electos
851 3039 1350 3108 beneficentiam
1391 3043 1585 3107 novis
1630 3042 1908 3109 subinde
1953 3042 2141 3110 donis
2186 3064 2415 3109 eumu-
2520 3048 2622 3107 est
2678 3039 2762 3106 ad
2823 3062 2930 3106 me
2994 3042 3251 3121 venire,
3307 3041 3435 3106 nisi
3489 3046 3676 3123 pater
3733 3059 3918 3104 meus
3972 3039 4253 3104 traxerit
4305 3059 4476 3105 eum.

455 3127 548 3191 let
589 3128 790 3192 Deus.
882 3126 1028 3194 Hoc
1075 3137 1319 3206 totum,
1368 3128 1424 3194 si
1469 3129 1625 3212 quid
1665 3129 1993 3214 intelligo,
2041 3151 2172 3195 uno
2216 3129 2416 3195 verbo
2520 3127 2673 3193 Non
2719 3129 2810 3193 ait
2852 3127 3007 3206 illic,
3051 3127 3341 3193 duxerit:
3410 3137 3486 3191 ut
3528 3125 3749 3208 aliquo
3792 3122 3986 3190 modo
4028 3125 4478 3210 intelligamus

458 3212 913 3296 complectitur
965 3213 1253 3292 Paulus,
1314 3235 1520 3297 quum
1559 3213 1780 3281 Deum
1835 3230 2046 3281 unum
2099 3237 2241 3281 esse
2300 3216 2414 3281 do-
2520 3213 2910 3297 praecedere
2964 3213 3101 3278 illic
3145 3213 3569 3278 voluntatem.
3663 3209 3833 3292 Quis
3878 3209 4196 3291 trahitur,
4243 3212 4298 3278 si
4341 3213 4478 3277 iam

457 3309 581 3377 cet,
623 3300 735 3382 qui
779 3311 849 3364 et
895 3298 1061 3364 velle
1105 3309 1416 3382 operetur
1469 3301 1538 3365 in
1587 3303 1775 3367 nobis
1820 3310 1886 3367 et
1937 3303 2252 3385 perficere
2296 3320 2414 3385 pro
2520 3299 2825 3365 volebat?
2915 3299 3009 3365 Et
3063 3308 3285 3364 tamen
3344 3319 3535 3363 nemo
3590 3298 3807 3377 venit,
3863 3297 3993 3363 nisi
4039 3296 4219 3362 velit.
4311 3299 4476 3363 Tra·

461 3387 607 3463 [pag.
667 3391 812 3464 168]
880 3406 998 3450 suo
1056 3384 1465 3468 beneplacito
1526 3387 1731 3470 (Phil.
1786 3392 1843 3466 2,
1903 3389 2030 3470 13).
2129 3387 2281 3452 Non
2336 3387 2415 3453 de
2522 3386 2704 3450 hitur
2748 3406 2904 3469 ergo
2944 3386 3131 3450 miris
3172 3384 3412 3464 modis,
3459 3392 3533 3448 ut
3577 3383 3768 3463 velit,
3815 3383 3896 3449 ab
3936 3383 4082 3462 ille,
4127 3384 4242 3467 qui
4289 3384 4477 3449 novit

456 3492 589 3535 uno
644 3469 751 3535 die
806 3470 1120 3554 loquitur:
1177 3471 1293 3537 sed
1351 3472 1433 3538 de
1488 3474 1800 3539 continuo
1854 3473 2130 3539 actionis
2196 3495 2414 3552 cursu,
2466 3471 2473 3552 Ι
2521 3473 2705 3537 intus
2758 3474 2830 3537 in
2886 3471 3046 3554 ipsis
3112 3470 3455 3536 hominum
3513 3469 3815 3536 cordibus
3869 3469 4153 3552 operari:
4212 3490 4347 3535 non
4404 3483 4480 3534 ut

457 3557 644 3622 cuius
686 3558 950 3624 unicam
995 3578 1261 3624 causam
1304 3559 1524 3641 ponit,
1569 3558 1700 3623 Dei
1745 3557 2244 3641 beneplacitum,
2293 3560 2417 3624 hoc
2524 3557 2826 3623 nolentes
2868 3558 3164 3636 credant,
3227 3556 3341 3622 sed
3395 3578 3477 3621 ex
3533 3554 3905 3622 nolentibus
3951 3556 4250 3622 volentes
4293 3558 4476 3621 fiant.

456 3657 587 3721 ost,
643 3645 1002 3726 gratuitam
1043 3645 1187 3709 sine
1246 3643 1444 3710 ullius
1497 3646 1715 3710 meriti
1773 3655 2076 3727 respectu
2118 3644 2416 3729 benigni·
2522 3643 2725 3709 Item:
2754 3645 2813 3728 ⁴)
2860 3643 3179 3711 Liberum
3221 3642 3567 3709 arbitrium
3606 3664 3738 3708 non
3780 3642 3911 3708 nisi
3946 3642 4029 3707 ad
4072 3640 4480 3724 peccandum

456 3735 678 3794 tatem.
2522 3729 2716 3809 valet,
2760 3730 3071 3813 quamdiu
3114 3737 3218 3795 est
3271 3729 3626 3812 captivum.
3715 3729 3917 3794 Item:
3976 3726 4317 3809 Quomodo
4360 3727 4478 3793 ho-

628 3815 758 3881 His
803 3816 1109 3882 omnibus
1152 3816 1325 3898 quod
1372 3816 1582 3883 dicam
1628 3817 2085 3899 Augustinum
2132 3817 2415 3884 subscri·
2519 3817 2720 3881 minis
2761 3816 3007 3882 bonum
3051 3817 3485 3899 propositum,
3546 3816 3673 3879 nisi
3717 3816 4072 3879 miserante
4111 3816 4295 3896 prius
4338 3815 4477 3879 Do-

459 3900 627 3978 bere,
674 3903 966 3967 suaviter
1011 3922 1118 3965 me
1162 3900 1527 3968 subsannat
1569 3902 1868 3986 Pighius.
1950 3903 2202 3968 Verum
2248 3903 2417 3969 nihil
2522 3903 2718 3980 minc,
2767 3923 2969 3985 quum
3014 3903 3159 3985 ipsa
3197 3903 3283 3967 sit
3328 3902 3501 3967 bona
3543 3901 3870 3974 voluntas,
3916 3920 4084 3981 quae
4127 3919 4478 3983 praepara-

457 3987 630 4064 dieo,
691 3987 863 4069 quod
920 4008 1053 4051 non
1111 3990 1294 4071 prius
1351 3999 1507 4054 ante
1558 3988 1877 4055 lectorum
1921 3989 2139 4055 oculos
2229 4011 2414 4055 osue-
2520 3998 2631 4053 tur
2687 4011 2726 4054 a
2778 3987 3106 4054 Domino?
3198 3988 3396 4053 Item:
3456 3986 3767 4053 Ostendit
3824 3985 4039 4063 Deus,
4102 3985 4302 4051 nullis
4356 3985 4476 4050 ho-

458 4075 617 4152 rim,
665 4085 732 4138 et
775 4072 1032 4138 nullum
1077 4083 1180 4139 est
1221 4086 1446 4157 caput,
1502 4073 1676 4158 quod
1718 4097 1848 4140 non
1892 4096 2095 4158 prope
2139 4097 2178 4139 a
2265 4097 2413 4143 ver·
2517 4075 2778 4140 minum
2823 4076 3009 4141 bonis
3051 4075 3308 4139 meritis
3342 4072 3702 4156 provocari,
3747 4079 3822 4138 ut
3864 4094 3972 4138 eos
4010 4072 4212 4137 bonos
4246 4073 4472 4138 faciat:

383 4222 402 4231 ,
455 4158 616 4223 bum
662 4160 927 4243 saepius
973 4159 1147 4243 apud
1183 4162 1632 4245 Augustinum
1671 4170 2001 4240 occurrat3
2046 4171 2221 4228 certe
2262 4162 2413 4227 nul-
2521 4160 2636 4227 sed
2681 4161 2903 4245 potius
2941 4162 3036 4225 eis
3079 4160 3443 4225 retribuere
3488 4158 3661 4223 bona
3705 4178 3822 4240 pro
3862 4157 4058 4222 malis
4101 4167 4371 4241 propter
4407 4179 4477 4225 se

457 4244 597 4309 lum
642 4259 759 4322 ost,
806 4244 976 4327 quod
1021 4268 1152 4312 non
1195 4247 1532 4313 luculento
1577 4250 1716 4314 eius
1765 4247 2134 4313 testimonio
2179 4250 2413 4314 confir·
2517 4249 2741 4332 ipsum
2780 4248 2906 4312 hoc
2951 4246 3266 4324 faciendO,
3314 4265 3449 4311 non
3493 4252 3760 4327 propter
3794 4243 3961 4310 illos.
4019 4243 4221 4310 Item:
4250 4244 4309 4394 δὲ
4352 4243 4475 4311 Se-

455 4351 639 4396 mare
681 4331 895 4398 liceat.
979 4333 1212 4398 Totam
1258 4333 1543 4400 hominis
1589 4344 1896 4400 naturam
1931 4334 2238 4399 vitiosam
2275 4356 2417 4401 esse
2518 4335 2807 4401 cundum
2854 4333 3171 4418 placitum
3215 4331 3574 4397 voluntatis
3609 4350 3783 4410 suae,
3829 4351 3915 4395 ne
3956 4330 4195 4413 placito
4238 4352 4283 4415 g
4310 4333 4476 4397 orie-

458 4416 671 4482 doceo.
763 4416 944 4500 Quid
995 4420 1455 4504 Augustinus?
1545 4421 1729 4498 Noli,
1774 4422 2018 4504 inquit,
2074 4428 2307 4503 putare
2350 4431 2414 4487 te
2517 4442 2670 4486 mur
2713 4420 3076 4487 voluntatis
3119 4431 3399 4485 nostrae.
3488 4417 3639 4484 Non
3684 4417 4016 4501 optionem
4050 4425 4311 4482 tantum
4359 4418 4477 4483 ho-

426 4503 706 4587 *aliquid
732 4505 1009 4588 operari,
1033 4505 1164 4571 nisi
1197 4507 1266 4570 in
1310 4523 1632 4590 quantum
1665 4507 1884 4573 malus
1920 4527 2007 4572 οε.
2033 4509 2086 4591 ¹)
2130 4506 2409 4590 Item22)
2517 4507 2684 4571 mini
2742 4507 2994 4573 deferre
3051 4505 3277 4570 Deum
3332 4504 3572 4582 sentiO,
3632 4514 3708 4568 ut
3766 4503 3931 4569 bene
3983 4512 4051 4568 et
4094 4502 4362 4568 volendi
4409 4512 4477 4568 et

457 4586 652 4655 Sicut
692 4591 962 4674 spiritus
1004 4591 1182 4658 vitae
1223 4593 1294 4656 in
1340 4592 1608 4660 Ohristo
1652 4605 1998 4679 regenerat
2038 4593 2283 4672 fideles,
2323 4595 2415 4658 ita
2517 4593 2756 4677 agendi
2809 4593 3193 4659 facultatem
3249 4591 3490 4657 habeat
3542 4590 3598 4656 si
3653 4590 3948 4668 libuerit,
4006 4588 4122 4655 sed
4177 4610 4290 4654 cor
4333 4590 4475 4656 eius

454 4695 692 4758 corpus
745 4679 975 4744 mortis
1027 4678 1100 4743 in
1142 4677 1360 4744 Adam
1403 4688 1728 4764 genuerat
1770 4689 2156 4764 peccatores.
2227 4680 2414 4746 Haec
2518 4679 2868 4744 efficaciter
2911 4679 3164 4743 moveri
3222 4686 3298 4744 ut
3340 4677 3526 4758 velit3
3584 4684 3650 4741 et
3700 4676 3923 4759 ipsum
3982 4681 4196 4739 totum
4239 4675 4333 4740 sic
4377 4675 4473 4740 di-

456 4762 740 4828 oarnalis
799 4771 901 4828 est
954 4766 1319 4848 generatio:
1378 4765 1495 4831 illa
1548 4767 1925 4849 spiritualis.
2016 4766 2200 4832 Haec
2244 4765 2413 4831 filios
2518 4764 2645 4847 rigi
2690 4772 2765 4828 ut
2804 4764 3018 4842 faciat,
3067 4771 3133 4830 et
3175 4784 3372 4847 opere
3417 4762 3739 4844 compleat
3782 4760 3955 4844 quod
4000 4760 4173 4826 velle
4216 4761 4312 4827 illi
4360 4762 4475 4828 da-

453 4848 676 4914 carnis
717 4849 900 4915 facit:
955 4850 1073 4916 illa
1114 4850 1283 4918 filios
1327 4852 1615 4935 spiritus.
1706 4853 1893 4920 Haec
1940 4851 2108 4919 filios
2152 4851 2409 4917 mortis:

451 4931 572 4997 illa
615 4935 782 5001 filios
804 4938 1318 5006 resurrectionis.
1374 4938 1562 5004 Haec
1595 4937 1765 5004 filios
1790 4939 2058 5006 saeculi:
2104 4938 2219 5003 illa
2241 4938 2412 5004 filios

449 5019 601 5084 Dei.
667 5020 795 5085 Illa
826 5022 996 5088 filios
1029 5023 1545 5093 misericordiae:
1596 5025 1759 5092 haec
1798 5025 1967 5092 filios
2003 5025 2156 5091 irae.
2224 5025 2411 5091 Haeo
2659 5038 2716 5104 1)
2755 5039 2873 5120 Lib.
2925 5038 2996 5094 ad
3040 5036 3284 5120 Bonifac.
3322 5035 3368 5090 1.
3417 5053 3534 5105 cap.
3564 5033 3645 5089 18.
3697 5034 3837 5088 conf.
3875 5034 3993 5088 Lib.
4040 5034 4109 5089 ad
4146 5036 4386 5090 Bonifac.
4423 5034 4475 5090 3.

2522 5125 2640 5179 ‹221›-
2656 5106 2728 5243 2⁵,-
2755 5105 3472 5256 anastas

2657 5245 2718 5311 3)
2754 5245 2821 5300 Li
2859 5286 2872 5300 .
2910 5246 2980 5301 ad
3015 5243 3258 5299 Bonifac.
3296 5242 3346 5297 1.
3383 5258 3499 5312 cap.
3536 5240 3621 5297 19.

2522 1404 2917 1470 desiderium
2961 1407 3174 1471 fuerit.
3265 1407 3465 1473 Dicat
3507 1408 3955 1492 Augustinus:
3986 1410 4044 1492 ²)
4085 1407 4478 1475 Ostenditur

2526 4926 2583 4932 ...-
2638 4928 2659 4932 —
2686 4927 2695 4934 ,
2872 4927 2925 4932 ‘-

595 5311 653 5377 1)
691 5313 809 5368 Lib.
845 5313 897 5371 3.
932 5314 998 5369 do
1074 5325 1244 5374 eccat.
1279 5319 1481 5374 meritis
1519 5325 1575 5373 et
1609 5317 1928 5373 remissione
1963 5331 2082 5386 cap.
2119 5314 2168 5370 2.
2656 5313 2716 5380 4)
2756 5315 2873 5369 Lib.
2910 5314 2978 5369 ad
3013 5313 3254 5368 Bonifae.
3291 5312 3339 5365 3.
3376 5326 3496 5380 cap.
3532 5309 3582 5365 8.
3634 5310 3779 5364 Libr.
3815 5309 3863 5364 4.
3903 5325 4021 5378 cap.
4059 5305 4111 5362 6.
4173 5307 4388 5364 Ibidem.

592 5380 653 5448 2)
691 5381 751 5436 11¹
786 5383 931 5439 Pflal·
969 5331 1087 5440 148.
2656 5383 2718 5451 5)
2756 5383 2839 5438 De
2875 5382 3147 5453 praedest.
3183 5391 3415 5438 sanctor.
3454 5397 3573 5450 cap.
3610 5378 3693 5434 19.

667 5469 890 5530 Οαῖυίιιι·
908 5487 1091 5544 opera.
1171 5474 1288 5532 Vol.
1327 5472 1425 5530 Vl.
3968 5461 4038 5516 23
