4999 6179
656 450 783 514 115

1499 634 1767 690 n’mm.

826 705 1012 771 Pour
1053 703 1383 788 signifier,
1440 704 1598 787 qu’il
1641 725 1726 769 ne
1771 724 1936 769 11666
1978 702 2146 768 fault
2186 722 2306 786 pas
2351 722 2617 768 amuser

653 812 742 857 au
785 790 975 876 signe
1013 791 1294 869 6611166,
1351 811 1520 873 pour
1561 790 1630 856 la
1672 788 1990 856 chercher
2028 794 2255 855 nostre
2297 788 2503 854 salut:
2550 794 2619 852 et

651 898 741 943 ne
783 898 950 943 nous
995 877 1162 942 fault
1213 896 1332 959 pas
1376 877 1728 961 i'maginer,
1786 874 1943 959 qu'il
1994 897 2042 959 y
2089 875 2183 940 ait
2222 874 2294 940 la
2336 873 2616 958 quelque

653 970 856 1031 vertu
910 964 1202 1042 enclose,
1256 962 1427 1027 mais
1496 984 1581 1028 au
1637 962 1960 1029 contraire
1977 1013 1992 1040 ‚
2059 980 2185 1043 que
2240 981 2409 1025 nous
2464 981 2616 1044 pre-

651 1049 849 1116 nions
905 1050 968 1115 le
1026 1049 1214 1133 signe
1266 1068 1437 1132 pour
1483 1069 1619 1115 une
1674 1046 1851 1128 aide,
1913 1046 2025 1132 qui
2080 1068 2248 1112 nous
2304 1044 2615 1123 conduise

652 1135 1088 1202 droiotement
1145 1155 1231 1200 au
1287 1131 1619 1218 Seigneur
1671 1134 1891 1212 Iesus,
1946 1153 2118 1217 pour
2170 1132 2489 1198 chercher
2531 1153 2617 1197 en

651 1221 778 1307 luy
819 1222 995 1288 salut
1037 1226 1104 1286 et
1147 1227 1293 1286 tout
1331 1220 1501 1285 bien.
2614 1232 2620 1236 ·

1450 1341 1517 1376 m
1552 1341 1812 1377 mflm·

826 1390 977 1457 Veu
1029 1412 1156 1475 que
1209 1391 1278 1457 la
1318 1391 1470 1477 Foy
1512 1414 1558 1477 y
1613 1399 1715 1456 est
1753 1391 2014 1473 requise
2031 1442 2047 1470 ,
2110 1394 2442 1456 comment
2483 1388 2616 1455 dis-

650 1485 728 1543 66
774 1476 966 1561 qu'ilz
1035 1498 1202 1544 nous
1267 1486 1418 1542 sont
1472 1476 1724 1543 donnez
1791 1497 1962 1560 pour
2016 1497 2186 1543 nous
2249 1477 2620 1541 confermer

648 1583 734 1628 en
779 1563 949 1648 Foy,
993 1584 1160 1630 nous
1205 1571 1556 1629 asseurant
1598 1562 1714 1637 des
1758 1583 2126 1646 promesses
2176 1560 2258 1627 (16
2302 1560 2525 1627 Dieu?

1497 1665 1763 1720 n’mmnr.

820 1735 882 1801 1]
949 1756 1035 1800 ne
1100 1735 1285 1801 suffit
1349 1755 1466 1818 pas
1533 1756 1658 1819 que
1719 1735 1785 1799 16
1840 1734 1987 1819 Foy
2055 1734 2183 1799 soit
2244 1732 2613 1800 seulement

648 1828 1066 1889 commencee
1103 1843 1190 1886 en
1223 1841 1390 1886 nous
1425 1842 1595 1905 pour
1629 1841 1763 1886 une
1805 1821 1960 1887 fois:
1995 1820 2164 1885 mais
2199 1821 2341 1885 faut
2380 1818 2617 1904 qu’elle

650 1908 782 1974 soit
823 1906 1096 1973 nourrie
1138 1914 1209 1971 et
1252 1914 1658 1986 entretenue,
1703 1907 1853 1991 puis
1886 1906 2123 1989 qu’elle
2159 1906 2401 1972 croisse
2435 1905 2614 1972 1661-

648 1993 1042 2072 6611616666,
1115 2000 1183 2058 66
1244 1994 1373 2058 6616
1436 2001 1827 2078 augmentes
1883 2015 1965 2058 en
2022 2013 2210 2057 nous.
2311 1992 2495 2057 Pour
2550 1992 2617 2056 la

649 2080 922 2145 nourrir
964 2076 1163 2158 donc,
1219 2099 1388 2162 pour
1429 2079 1496 2145 la
1537 2080 1814 2151 fortifier
1856 2086 1925 2144 et
1965 2078 2388 2158 l’accroistre,
2407 2100 2416 2110 ¹
2434 2076 2614 2142 Dieu

647 2185 822 2230 nous
888 2163 1103 2231 donne
1165 2162 1264 2231 les
1328 2162 1735 2231 Sacremens.
1837 2163 1936 2230 06
1989 2185 2117 2247 (166
2173 2164 2388 2230 661666
2438 2162 2614 2229 Ρ661

650 2249 907 2330 (166666,
953 2271 1038 2316 66
1077 2250 1298 2325 disant
1384 2272 1466 2317 ue
1508 2251 1759 2337 l'usage
1803 2248 2062 2317 d’iceux
2106 2256 2209 2316 est
2253 2249 2334 2315 de
2376 2249 2615 2316 seeller

648 2336 748 2403 les
790 2357 1158 2419 promesses
1204 2337 1285 2402 de
1395 2338 1501 2404 ieu
1548 2358 1634 2403 en
1675 2358 1801 2402 666
1846 2357 2082 2402 666616
2128 2336 2353 2424 (Rom.
2388 2342 2449 2416 4,
2481 2334 2609 2419 11).

1457 2458 1524 2494 m
1557 2459 1819 2494 mm·

822 2508 1000 2574 Mais
1053 2513 1332 2575 n’est-ce
1384 2531 1504 2594 pas
1548 2510 1737 2592 signe
1783 2507 2196 2588 d'infidelite‚
2255 2507 2474 2591 quand
2517 2506 2615 2573 les

698 2614 1029 2661 remesses
1084 2594 1167 2660 (16
1209 2594 1387 2660 Dieu
1441 2616 1526 2660 ne
1569 2614 1736 2659 nous
1780 2601 1932 2661 sont
1987 2615 2106 2679 pas
2150 2614 2330 2661 assez
2373 2593 2614 2659 fermes

699 2680 1182 2758 'ellesmesmes,
1231 2700 1388 2746 sans
1430 2679 1618 2746 aide?

1502 2782 1770 2837 n’mmr.

826 2850 1007 2918 O'est
1099 2852 1113 2866 ⁰
1211 2873 1249 2917 6
1303 2850 1384 2918 (16
1433 2853 1774 2935 1166166666,
1831 2859 1901 2917 66
1948 2852 2267 2917 infirmite
2308 2850 2390 2917 (16
2434 2851 2612 2936 Foy:

646 2937 934 3022 laquelle
976 2873 1277 3003 estfflffen
1315 2959 1453 3003 aux
1497 2937 1729 3003 enfans
1772 2936 1853 3003 de
1896 2937 2075 3005 Dieu
2090 2989 2106 3017 ,
2153 2938 2266 3021 qui
2311 2957 2398 3003 ne
2457 2936 2614 3003 lais-

649 3031 802 3092 sent
842 3045 964 3110 pas
1004 3030 1326 3109 pourtant
1368 3022 1606 3089 d’estre
1650 3022 1911 3091 fideles:
1958 3025 2126 3092 mais
2166 3044 2239 3092 66
2280 3026 2454 3089 6’666
2493 3044 2614 3108 pas

647 3133 883 3179 encore
927 3132 1013 3177 en
1053 3111 1429 3194 pei-fection.
1520 3109 1656 3176 061
1698 3111 2068 3196 cependant
2122 3132 2247 3195 que
2296 3131 2464 3177 nous
2512 3111 2612 3177 vi·

648 3219 815 3266 1666
872 3218 959 3262 611
1004 3218 1078 3264 66
1130 3196 1401 3277 monde,
1456 3197 1507 3262 il
1549 3218 1597 3280 y
1643 3218 1684 3262 a
1723 3199 2056 3265 tousiours
2099 3197 2411 3282 quelques
2454 3196 2613 3263 reli-

647 3303 810 3367 ques
856 3282 937 3348 de
981 3281 1300 3350 deffiance
1342 3305 1427 3350 en
1469 3288 1697 3349 nostre
1732 3284 1947 3350 chair:
1995 3291 2063 3350 et
2095 3290 2414 3369 pourtant
2447 3304 2615 3349 nous

643 3368 871 3435 faut-il
914 3368 1245 3436 tousiours
1283 3371 1554 3454 profiter
1599 3377 1666 3437 et
1708 3370 1999 3438 croistre.

1407 3579 1475 3614 m
1509 3578 1769 3615 mm.
1789 3563 1807 3595 ²

823 3624 1145 3693 Oombien
1216 3651 1262 3714 y
1333 3649 1374 3694 6
1435 3628 1486 3693 11
1555 3628 1647 3708 ,(16
1675 3707 1681 3720 .
1712 3564 2110 3696 8661616666
2188 3647 2275 3694 66
2335 3626 2614 3712 l’Eglise

647 3710 1138 3780 Chrestienne?

1502 3816 1769 3871 n'mnr.

820 3885 886 3951 Il
938 3889 1055 3971 n'y
1098 3907 1181 3951 en
1225 3904 1267 3949 6
1320 3907 1446 3970 (166
1489 3885 1667 3952 deux
1711 3906 2079 3965 6616111666,
2140 3906 2270 3969 (166
2312 3883 2376 3949 16
2421 3882 2615 3968 Seig-

646 3992 814 4038 6661
860 3976 975 4052 [fol.
1017 3977 1123 4052 59]
1167 3972 1360 4039 16666
1405 3973 1498 4038 616
1549 3972 1825 4038 institue
1874 3992 2042 4055 pom·
2085 3977 2271 4037 toute
2312 3969 2382 4035 la
2417 3968 2615 4036 Com-

643 4058 887 4143 pagnie
930 4058 1047 4126 des
1089 4058 1333 4125 fideles.

1449 4179 1519 4215 ῙιΙ
1551 4179 1811 4215 mm·

823 4228 1033 4310 Quelz
1047 4229 1080 4295 ’ἰ

1498 4330 1766 4387 1361111111.

821 4402 1140 4468 Assavoir
1178 4401 1241 4468 le
1284 4401 1659 4485 Baptesme,
1703 4410 1775 4468 66
1814 4400 1882 4466 16
1923 4401 2173 4469 66111666
2216 4400 2415 4467 0666.

824 4572 1061 4654 066116
1106 4521 1520 4640 6661666666
1549 4523 2027 4640 wercum
2079 4596 2130 4659 y
2170 4574 2291 4641 a-il
2345 4573 2428 4641 de
2467 4574 2612 4642 l'un

647 4665 694 4725 a
725 4657 1005 4726 l'autre?

1493 4760 1763 4817 n’mm.

822 4830 926 4895 Le
979 4830 1337 4914 Baptesme
1391 4849 1560 4896 nous
1614 4838 1719 4897 666
1774 4839 2025 4897 comme
2080 4854 2210 4899 1166
2252 4840 2481 4900 6116166
2524 4855 2612 4900 66

1967 444 2092 511 LE
2138 385 2744 510 OATEomSm
2787 443 2917 510 DE
2963 441 3367 510 GENEVE.

4555 445 4670 507 116

2895 699 3209 786 Intelligo
3261 720 3400 765 non
3450 721 3594 767 6666
3622 650 4017 767 Ρ1161661666
4075 701 4132 765 61
4230 700 4285 771 ’6
4326 697 4672 765 161166166-

2723 785 2917 866 (1616,
2988 793 3067 852 66
3119 786 3401 853 salutem
3453 786 3612 852 inde
3666 794 4001 870 petamus,
4071 808 4150 853 ve
4230 786 4497 853 affixam
4540 785 4674 852 11116

2722 872 3155 939 conferendae
3198 873 3448 957 gratiae
3500 873 3817 939 virtutem
3870 873 3884 886 ⁶
4048 872 4063 887 ⁰
4117 893 4307 937 emur
4351 893 4427 938 66
4468 871 4673 938 16616-

2722 978 2896 1059 sam:
2962 961 3120 1042 quin
3184 959 3402 1042 potius
3454 958 3838 1059 adminiculi
3903 958 4044 1057 loco
4074 1045 4088 1059 ⁰
4104 957 4482 1024 habendum
4535 979 4672 1024 esse

2717 1067 3009 1215 :ffffi
3028 1053 3416 1197 ..11ιὲοέῗὲ
3449 1044 4350 1214 ffi13ffl3²¹¹30ssfflffm¹³
4396 1045 4672 1111 ⁸³¹⁰¹⁵⁰m

3575 1338 3836 1375 lmnsrssn.

2894 1387 3118 1470 Quum
3189 1388 3274 1455 ad
3328 1410 3558 1455 eorum
3609 1409 3806 1453 usum
3874 1388 4251 1471 requiratur
4303 1387 4494 1454 fides:
4565 1391 4672 1473 qui

2719 1475 2908 1542 nobis
2960 1477 3035 1540 in
3087 1475 3242 1541 fidei
3296 1474 3865 1542 confirmationem
3934 1473 4088 1539 data
4153 1496 4296 1540 6666
4351 1474 4539 1554 (11616,
4576 1482 4676 1557 ,ut

2719 1582 2841 1628 nos
2886 1562 2967 1627 de
3005 1560 3553 1645 promissionibus
3597 1560 3727 1626 Dei
3769 1559 4054 1627 reddant
4095 1561 4446 1627 certiores?

3620 1683 3773 1718 RUEB·

2824 1812 2831 1819 ,
2891 1733 3131 1799 Fidem
3181 1735 3254 1799 in
3307 1733 3497 1800 nobis
3549 1733 3752 1799 semel
3805 1733 4180 1815 inchoatam
4237 1755 4378 1800 esse
4430 1754 4675 1818 nequa·-

2731 1841 2929 1903 quam
2972 1820 3247 1899 sufficit,
3302 1820 3432 1885 nisi
3485 1821 3895 1884 continenter
3937 1819 4180 1899 alatur,
4236 1829 4303 1885 et
4355 1822 4570 1904 magis
4607 1822 4675 1887 in

2721 1905 2860 1972 dies
2914 1906 3252 1991 magisque
3309 1913 3634 1989 augescat.
3724 1905 3834 1970 Ad
3889 1927 4034 1970 eam
4088 1927 4245 1991 ergo
4290 1913 4433 1970 tum
4495 1907 4716 1973 alen--

2720 1991 2892 2070 dam,
2930 2000 3073 2056 tum
3095 1991 3555 2070 roborandam,
3589 2001 3732 2057 tum
3751 1991 4242 2074 provehendam
4266 2001 4675 2059 sacramenta

2719 2078 3013 2143 instituit
3052 2078 3400 2143 Dominus.
3492 2076 3685 2158 Quod
3722 2078 3987 2161 quidem
4031 2079 4362 2162 signifieat
4402 2079 4673 2161 Paulus,

2721 2185 2925 2247 quum
2964 2163 3049 2228 ad
3080 2162 3522 2248 obsignandas
3543 2158 3676 2229 Dei
3709 2164 4171 2247 promissiones
4202 2165 4423 2231 valere
4455 2165 4671 2232 tradit.

2894 2513 3012 2589 [fol.
3065 2513 3174 2589 72]
3233 2507 3519 2586 Verum,
3564 2457 3825 2573 unlghwdg
3859 2506 3983 2571 hoc
4045 2507 4456 2576 infidelitatis
4510 2510 4676 2576 indi-

2721 2595 2897 2661 cium
2953 2602 3085 2674 est,
3145 2616 3279 2659 non
3332 2593 3578 2660 habere
3620 2594 3750 2659 Dei
3805 2592 4347 2678 promissionibus
4402 2596 4679 2662 solidam

2715 2680 2934 2760 fidem,
2980 2682 3110 2747 nisi
3153 2680 3419 2745 aliunde
3460 2679 3649 2744 nobis
3691 2678 4206 2745 confirmentur?

3620 2801 3773 2837 PUBB·

2888 2853 3084 2918 Fidei
3125 2858 3301 2918 certe
3343 2851 3862 2918 imbecillitatem
3902 2851 4031 2918 hoc
4077 2852 4323 2936 arguit,
4382 2874 4523 2936 qua
4561 2854 4679 2920 filii

2720 2939 2921 3005 etiam
2976 2939 3106 3005 Dei
3172 2935 3502 3016 laborant,
3577 2939 3689 3021 qui
3753 2945 3979 3003 tamen
4043 2937 4269 3003 fideles
4314 2944 4679 3024 'propterea

2719 3047 2864 3093 esse
2919 3046 3057 3091 non
3122 3024 3465 3106 desinunt,
3532 3023 3691 3100 licet
3742 3023 3874 3089 fide
3926 3023 4204 3108 praediti
4250 3025 4385 3091 sint
4436 3029 4679 3113 exig-ua

2717 3112 2934 3179 adhue
2988 3119 3057 3178 et
3106 3112 3504 3195 imperfecta.
3597 3110 3930 3193 Quamdiu
3987 3112 4167 3177 enim
4220 3133 4571 3179 versamur
4609 3115 4678 3179 in

2722 3199 2847 3264 hoc
2888 3197 3137 3263 mundo
3154 3249 3171 3277 ‚
3228 3197 3507 3262 haerent
3559 3218 3821 3281 semper
3864 3197 3939 3261 in
3992 3217 4190 3263 66166
4233 3209 4465 3265 666616
4509 3200 4676 3266 diffi-

2719 3284 2981 3350 dentiae
3035 3283 3348 3369 reliquiae
3363 3336 3380 3363 ,
3449 3305 3615 3369 quas
3665 3283 3857 3349 aliter
3904 3293 4211 3350 excutere
4259 3306 4394 3350 non
4448 3308 4679 3370 possu-
4798 3331 4803 3338 -

2716 3392 2897 3449 mus,
2943 3392 3141 3455 quam
3184 3371 3494 3437 continuo
3531 3392 3735 3454 usque
3778 3370 3862 3435 ad
3904 3371 4081 3436 vitae
4124 3372 4325 3437 finem
4362 3375 4676 3456 profectu.

2717 3457 3017 3526 Ulterius
3052 3478 3209 3542 ergo
3252 3478 3514 3541 semper
3551 3455 3861 3540 progredi
3902 3477 4171 3524 necesse
4215 3464 4334 3524 est.
4374 3539 4381 3544 ,

2892 3629 3078 3711 0666
3121 3635 3281 3697 6666
3323 3577 4076 3696 6111166161Ἥ6Τῗ66166166
4119 3631 4579 3697 sacramenta?

3621 3837 3776 3873 rm

2887 3888 3045 3954 Duo
3087 3894 3248 3953 sunt
3290 3856 3585 3967 omnino,
3644 3907 3925 3971 quorum
3968 3887 4332 3953 communis
4375 3887 4465 3953 sit
4506 3890 4682 3953 inter
4728 3973 4733 3977 ι

2721 3994 2948 4041 616666
2987 3973 3216 4040 fideles
3260 3995 3440 4040 usus.

2890 4231 3082 4313 Quae
3124 4237 3281 4298 sunt
3312 4230 3470 4297 illa?

3614 4351 3768 4387 run.

2887 4402 3271 4487 Baptismus
3311 4410 3382 4469 et
3422 4422 3862 4470 saeracoena.

3560 4523 3823 4560 nument.

2887 4575 3067 4657 Quid
3096 4595 3261 4643 vero
3295 4574 3507 4642 simile
3539 4576 3716 4641 inter
3756 4596 3828 4642 se
3871 4573 4120 4642 habent
4152 4575 4262 4643 vel
4284 4574 4677 4643 diversum?

3616 4783 3769 4819 runt.

2885 4834 3271 4918 Baptismus
3328 4834 3537 4902 veluti
3593 4833 3860 4918 quidam
3911 4835 3986 4900 in
4043 4835 4386 4902 ecclesiam
4446 4834 4679 4902 aditus

646 4914 929 5000 l'Eglise
984 4914 1067 4982 de
1121 4915 1316 4983 Dieu.
1418 4915 1553 4983 061
1617 4917 1666 4983 11
1719 4938 1886 4984 6666
1940 4919 2180 4986 testifie
2274 4941 2360 4985 66
2412 4918 2610 5000 Dieu,
2714 4919 2905 4987 nobis
2961 4928 3079 4986 est.
3166 4920 3317 4986 Illic
3380 4921 3556 4987 enim
3612 4921 4062 4986 testimonium
4115 4921 4463 5002 habemus,
4534 4944 4676 5001 nos,

649 5022 737 5068 66
777 5002 917 5068 1166
968 5023 1099 5086 (166
1149 5022 1319 5069 6666
1372 5002 1621 5070 estions
1678 5006 2077 5091 666-6631616
2120 5005 2202 5073 (16
2271 5027 2396 5092 uy,
2440 5026 2611 5072 nous
2713 5028 2921 5091 quum
2977 5006 3221 5091 alioqui
3275 5008 3574 5074 extranei
3617 5007 3946 5092 alienique
3989 5007 4199 5075 simus
4214 5057 4231 5087 ,
4282 5007 4356 5073 in
4397 5001 4536 5074 Dei
4579 5010 4679 5074 fa-

647 5089 896 5155 reeeoit
963 5109 1131 5172 pour
1193 5109 1299 5156 ses
1364 5088 1823 5176 domestiques.
1925 5092 2032 5158 La
2074 5090 2257 5159 0666
2298 5114 2465 5188 nous
2510 5098 2615 5159 est
2714 5094 2967 5159 miliam
3010 5094 3244 5179 mcipi,
3296 5109 3371 5160 ut
3424 5095 3601 5160 inter
3641 5094 3781 5160 eius
3835 5093 4220 5161 domesticos
4263 5115 4677 5161 censeamur.

1335 5224 1474 5231 —,

648 5362 725 5420 (111
761 5362 1069 5433 Β611666166.

964 5293 1023 5362 1)
1058 5293 1141 5350 Le
1175 5293 1262 5352 48.
1298 5297 1593 5354 dimanche.
1646 5327 1714 5337 —
1759 5296 1846 5354 Du
1880 5299 2104 5354 nombre
2140 5297 2239 5354 (166
2274 5313 2602 5357 saci-emens.
2646 5329 2717 5341 -—
2762 5300 2844 5356 Le
2879 5300 3171 5370 Baptesme
3208 5307 3266 5357 et
3298 5301 3356 5357 la
3389 5299 3551 5357 Gens.
3600 5329 3671 5341 -—
3714 5298 3803 5355 Du
3836 5300 4147 5370 Baptesme.
4185 5329 4250 5341 —
4295 5300 4671 5372 signification
