4999 6179
468 477 595 541 469

1815 477 2542 549 REFORMANDAE
2586 479 3135 548 ECCLESIAE.

0 0 6 105 Ι
273 0 308 45 ,ι
373 0 386 31 ι
779 26 786 33 1

309 62 318 69 ι

2809 146 2819 158 Ι

4364 497 4497 559 470

465 687 508 733 a
547 665 694 732 Deo
737 667 1002 732 veniam
1018 718 1034 745 ,
1080 674 1399 751 tanquam
1443 669 1767 750 optimum
1810 666 2142 752 piaculum
2157 720 2174 747 ,
2235 667 2426 735 adhi-
2531 668 2687 735 dere
2720 670 2795 734 in
2836 690 2960 736 sua
3001 692 3325 756 quemque
3369 673 3681 754 statione,
3736 676 4079 762 facereque
4119 681 4296 765 quod
4335 704 4496 749 suae

463 753 642 819 bont.
730 751 941 834 Quasi
982 774 1140 819 vero
1196 751 1283 819 ad
1335 754 1619 836 ineptias
1663 753 1988 839 quaslibet
2027 755 2427 839 prostituere

463 859 701 922 corpus
755 859 906 904 sum
959 838 1247 905 voluerit
1288 837 1626 919 Christus,
1682 861 1888 924 quum
1920 838 2089 905 illud
2124 841 2314 907 nobis
2351 840 2426 907 in

463 932 874 992 sacramento
928 923 1127 990 dedit.
1216 923 1398 1007 Quid
1453 927 1632 991 enim
1685 925 1981 992 continet
2031 926 2420 1011 promissio?

461 1032 600 1078 non
641 1009 823 1076 aliud
862 1010 1127 1090 scilicet,
1174 1011 1304 1076 nisi
1334 1033 1474 1091 nos,
1519 1014 1770 1095 quoties
1805 1031 2059 1078 sacram
2102 1012 2243 1078 eius
2277 1033 2422 1079 coe-

460 1117 620 1178 nam
662 1096 1069 1181 peragimus,
1124 1098 1416 1180 corporis
1472 1104 1542 1163 et
1607 1098 1952 1181 sanguinis
2004 1098 2217 1181 ipsius
2268 1119 2421 1183 par-

458 1184 690 1267 nospes
734 1182 890 1271 ferg
921 1166 944 1265 ξ,
979 1183 1307 1266 Accipite,
1364 1184 1608 1267 inquit,
1661 1183 1868 1262 odim,
1917 1191 1983 1248 et
2018 1182 2250 1250 bibite:
2298 1184 2422 1250 hoo

459 1279 564 1338 est
604 1277 839 1353 corpus
883 1290 1134 1347 meum,
1187 1268 1296 1335 hic
1337 1277 1440 1335 est
1482 1290 1556 1334 sa
1607 1270 1752 1335 ‘ruis
1793 1288 2010 1334 meus:
2061 1270 2253 1334 facite
2296 1269 2422 1335 hoc

457 1358 534 1425 in
574 1355 966 1422 memoriam
1004 1355 1154 1421 mei.
1240 1355 1479 1421 Nonne
1520 1356 1588 1421 vi
1634 1376 1851 1435 emus,
1918 1355 2421 1439 promissionem

458 1445 769 1527 utrinque
823 1441 1148 1508 inclusam
1199 1462 1343 1507 esso
1399 1440 1539 1507 suis
1593 1441 1865 1519 finibus,
1919 1441 2098 1520 intra
2140 1461 2306 1525 quos
2349 1462 2422 1507 se

458 1531 840 1598 contineant
893 1535 1175 1610 oportet,
1243 1528 1356 1610 qui
1407 1527 1674 1615 yolnnt,
1719 1527 1894 1611 quod
1949 1527 2083 1592 illic
2125 1527 2420 1607 offertur,

457 1612 841 1701 percipere?
930 1612 1291 1678 Falluntur
1342 1633 1528 1697 ergo,
1585 1613 1699 1696 qui
1756 1612 1938 1678 aliud
1993 1633 2189 1697 quam
2246 1634 2422 1679 com-

458 1721 733 1776 munem
775 1719 1018 1784 panem
1061 1705 1131 1764 et
1173 1699 1523 1782 profanum
1569 1698 1814 1765 habere
1857 1719 1928 1764 se
1971 1706 2161 1764 extra
2201 1698 2421 1784 legiti-

459 1808 647 1854 mum
703 1805 945 1853 coenae
1002 1807 1197 1851 usum
1259 1792 1511 1869 putant.
1599 1784 1787 1850 Haec
1842 1805 1998 1850 vero
2052 1786 2422 1851 communis

457 1873 755 1941 omnium
798 1871 1184 1955 profanatio,
1229 1871 1402 1956 quod
1444 1870 1529 1936 ad
1570 1870 1829 1936 foedam
1872 1869 2420 1937 nundinationem

457 1958 734 2046 perinde
778 1964 937 2024 sunt
978 1957 1305 2040 exposita,
1361 1976 1436 2022 ac
1482 1957 1538 2022 si
1581 1977 1718 2022 non
1772 1956 1900 2021 alio
1942 1958 2074 2022 fine
2117 1957 2422 2023 instituta

459 2047 707 2122 forent,
775 2063 976 2128 quam
1037 2050 1117 2107 ut
1187 2043 1492 2126 quaestui
1564 2042 1876 2108 serviant.
1964 2041 2197 2126 Neque
2259 2062 2419 2107 vero

459 2129 780 2199 eiusmodi
833 2136 937 2197 est
977 2128 1396 2208 nundinatiO,
1453 2149 1620 2212 quae
1666 2127 1838 2193 clam
1891 2135 2006 2192 aut
2048 2127 2420 2195 verecunde

457 2223 812 2285 tractetur:
861 2212 978 2281 sed
1019 2215 1238 2297 palam
1279 2222 1652 2292 exercetur,
1698 2233 1833 2279 non
1876 2234 2065 2279 secus
2108 2221 2307 2296 atque
2349 2214 2418 2279 in

457 2305 599 2371 foro
641 2301 1048 2368 mercatorio.
1138 2299 1390 2379 Scitur,
1449 2301 1680 2384 quanti
1722 2298 2024 2382 singulae
2067 2298 2305 2365 missae
2347 2300 2421 2364 in

459 2410 716 2474 quaque
769 2388 1039 2471 regione
1093 2394 1401 2452 veneant.
1493 2386 1663 2452 Aliis
1725 2386 1926 2450 etiam
1991 2385 2419 2450 constitutum

459 2482 565 2543 est
617 2495 812 2541 suum
876 2471 1179 2556 pretium.
1267 2470 1579 2555 Denique
1641 2470 1916 2553 templa,
1984 2475 2132 2549 [pag.
2185 2475 2299 2551 24]
2362 2472 2421 2537 si

459 2563 608 2647 quis
651 2561 822 2627 bene
864 2557 1223 2641 expendat,
1269 2556 1435 2623 nihil
1479 2579 1520 2622 a
1561 2556 1915 2621 meritoriis
1958 2556 2253 2622 tabernis
2298 2556 2421 2622 dif-
2457 2572 2462 2578 ·

458 2650 711 2715 ferunt:
767 2650 836 2710 et
890 2644 1154 2710 nullum
1208 2650 1310 2709 est
1361 2664 1697 2710 sacrorum
1751 2662 1989 2726 genus,
2055 2641 2232 2724 quod
2285 2663 2423 2708 non

459 2734 600 2801 illic
642 2737 896 2817 prestet
935 2728 1185 2795 venale.

635 2815 1156 2885 Gubernationis
1206 2813 1685 2881 ecclesiasticae
1735 2813 1901 2880 vitia
1955 2814 2012 2877 si
2079 2833 2423 2879 recensere

458 2905 692 2984 velim,
769 2901 1030 2968 nullum
1095 2900 1353 2966 dicendi
1416 2902 1619 2966 finem
1682 2898 2038 2966 inveniam.
2129 2898 2421 2964 Tantum

457 2991 672 3078 igitur
725 2987 1047 3055 crassiora
1098 2985 1447 3069 quaedam,
1506 2993 1575 3051 et
1625 3007 1792 3068 quae
1850 2983 2254 3051 dissimulari
2307 3006 2423 3050 ne-

461 3082 732 3164 queunt,
777 3074 1068 3141 breviter
1109 3072 1368 3139 notabo,
1443 3072 1794 3156 Principio,
1835 3071 2057 3156 ipsum
2099 3071 2425 3155 pastorale

458 3185 741 3243 munus,
799 3160 1086 3244 qualiter
1144 3181 1184 3225 a
1228 3157 1496 3225 Christo
1537 3159 1915 3224 institutum
1959 3158 2201 3236 fuerat,
2259 3157 2424 3223 iam-

459 3248 720 3336 pridem
762 3246 1101 3331 obsolevit.
1190 3246 1551 3329 Episcopos
1595 3251 1771 3311 certe
1812 3250 1882 3308 et
1922 3257 2237 3326 pastores,
2283 3244 2425 3309 sive

463 3357 722 3488 affl
729 3332 1055 3486 (81ξῶὶέιὲ
1065 3332 1698 3483 Πῖθῗὲθρέἳιῖἰωὲἔ
1709 3328 2426 3481 ’.ssffizss‘ffffsstffi

600 3445 621 3486 ¹
1059 3469 1075 3497 5
1548 3467 1563 3494 2

463 3507 831 3576 aedificent.
897 3503 1282 3571 Secundum
1323 3503 1494 3569 hanc
1535 3501 1855 3588 regulam,
1901 3500 2123 3566 nullus
2168 3510 2270 3567 est
2310 3522 2424 3566 ve-

463 3615 580 3661 rus
635 3591 943 3660 ecclesiae
997 3597 1253 3674 pastor,
1308 3590 1437 3654 nisi
1489 3589 1603 3673 qui
1644 3587 1921 3655 docendi
1963 3608 2237 3653 munere
2275 3588 2424 3652 fun-

465 3681 668 3767 gitur.
737 3679 831 3744 At
870 3675 1067 3742 hodie
1111 3678 1479 3759 quicunque
1501 3677 1636 3740 fore
1671 3674 1948 3739 titulum
1982 3674 2232 3740 habent
2275 3693 2424 3755 pas-

465 3773 712 3844 torum,
771 3763 841 3829 id
884 3763 1105 3828 oneris
1147 3763 1233 3826 ad
1285 3761 1447 3828 alios
1484 3760 1891 3845 ablegarunt.
1962 3760 2072 3825 Ex
2108 3757 2426 3842 episcopis

465 3853 582 3920 vix
641 3850 1040 3917 centesimus
1094 3848 1370 3932 quisque
1426 3849 1826 3930 reperietur,
1885 3847 1997 3929 qui
2040 3854 2426 3930 suggestum

465 3957 763 4021 unquam
827 3933 1104 4001 docendi
1168 3934 1386 4033 gratia
1448 3930 1866 4000 conscendat.
1955 3931 2022 3996 N
2024 3952 2096 3998 ec
2159 3932 2422 3996 mirum.

465 4025 908 4108 Episcopatus
952 4021 1134 4086 enim
1166 4042 1238 4085 in
1282 4021 1603 4103 satrapias
1649 4018 2153 4102 degenerarunt.
2211 4017 2428 4082 Mino-

465 4111 560 4176 ris
604 4119 828 4175 autem
860 4105 1111 4173 ordinis
1142 4113 1455 4189 pastores,
1503 4104 1610 4172 vel
1643 4105 1841 4189 nugis
1882 4125 1924 4169 a
1955 4102 2209 4169 Christi
2239 4123 2429 4168 man-

467 4195 622 4263 dato
673 4196 748 4260 in
799 4201 1013 4258 totum
1053 4191 1285 4257 alienis
1339 4212 1585 4257 munus
1631 4210 1830 4256 suum
1872 4188 2149 4272 implere
2193 4208 2264 4253 se
2306 4210 2428 4272 pu-

465 4288 633 4359 tant,
679 4280 789 4348 vel
833 4279 1287 4363 episcoporum
1329 4277 1635 4361 exemplo
1651 4328 1666 4355 ,
1726 4274 1898 4342 hanc
1940 4276 2157 4358 ipsam
2200 4295 2430 4340 curam

467 4367 775 4434 reiiciunt
836 4366 908 4430 in
952 4363 1232 4429 aliorum
1288 4362 1614 4428 humeros.
1703 4362 1870 4427 Inde
1914 4358 2431 4428 sacerdotiorum

468 4453 824 4521 locationes
878 4471 1014 4516 non
1070 4450 1295 4515 minus
1348 4450 1659 4528 usitatae,
1730 4467 1928 4532 quam
1981 4446 2425 4530 praediorum.

470 4537 652 4622 Quid
707 4538 1011 4605 volumus
1064 4534 1389 4618 amplius?
1446 4533 1789 4618 spirituale
1830 4533 2128 4619 regimen
2173 4530 2346 4616 quod
2390 4553 2431 4596 a

471 4623 743 4693 Christo
785 4620 1315 4690 commendatum
1358 4619 1546 4687 nobis
1590 4621 1833 4698 fuerat,
1878 4626 2093 4685 totum
2127 4640 2163 4684 e
2212 4616 2429 4683 medio

474 4710 810 4778 sublatum
850 4715 978 4798 est:
1025 4727 1197 4773 nova
1237 4712 1306 4772 et
1348 4707 1702 4773 confictitia
1735 4703 2147 4791 gubernandi
2182 4704 2432 4789 species

473 4794 868 4875 introducta,
911 4814 1078 4878 quae
1120 4799 1456 4876 utcunque
1498 4792 1677 4859 illius
1721 4793 1987 4858 nomine
2030 4790 2429 4869 venditatur,

473 4882 687 4950 nihilo
729 4891 954 4948 tamen
993 4879 1146 4965 plus
1179 4877 1632 4945 similitudinis
1664 4899 1816 4944 cum
1859 4899 1936 4944 eo
1969 4876 2189 4956 habet,
2234 4897 2432 4959 quam

475 4968 767 5035 mundns
809 4989 961 5034 cum
1003 4985 1209 5050 regno
1252 4963 1521 5030 Christi.
1608 4962 1805 5045 Quod
1859 4965 1919 5029 si
1959 4963 2127 5027 mihi
2171 4960 2434 5029 obiiciat

373 5107 376 5110 >
479 5059 632 5138 [pag.
673 5060 779 5133 25]
824 5053 1169 5138 quispiam,
1212 5071 1349 5117 non
1391 5049 1614 5116 deberi
1655 5048 1867 5115 ordini
1910 5048 2172 5132 culpam
2213 5048 2304 5112 im
2356 5068 2433 5112 u-

480 5142 629 5221 tari,
674 5141 732 5207 si
774 5140 888 5225 qui
921 5139 1210 5206 officium
1251 5156 1388 5203 non
1418 5136 1690 5202 faciant:
1733 5136 2025 5219 primum
2049 5153 2292 5217 respon
2338 5153 2434 5212 eo,

479 5227 734 5293 malum
786 5226 1036 5311 passim
1088 5223 1408 5324 grassari,
1462 5229 1541 5287 ut
1592 5222 1665 5287 in
1712 5219 2041 5306 publicam
2092 5229 2436 5286 consuetu·

482 5313 707 5380 dinem
749 5312 884 5379 iam
915 5310 1274 5377 transierit.
1325 5306 1590 5375 Deinde
1630 5314 1710 5373 ut
1734 5305 2063 5391 fingamus
2105 5305 2441 5403 episcopos

483 5420 713 5467 omnes
728 5450 744 5479 ,
804 5404 873 5465 et
924 5396 1088 5464 alios
1139 5395 1467 5463 inferioris
1520 5392 1765 5481 gradus
1815 5390 2233 5478 presbyteros
2275 5411 2440 5457 resi-

2527 755 4497 921 EfffssffffloffissffihfflssAEffiffl‘ussan‘ffithssfit'⁵333ss

2528 935 2873 993 mutarent
2911 928 2985 993 in
3029 929 3305 1014 templo,
3363 930 3750 1000 histrionico
3795 936 4041 1001 vestitu
4086 960 4157 1004 se
4199 946 4493 1005 ostenta-

2526 1019 2706 1093 rent,
2760 1023 3146 1080 exercerent
3196 1015 3439 1083 multas
3483 1021 3941 1087 caeremonias.
4028 1023 4332 1090 Docendi
4374 1034 4495 1092 aut

2526 1118 2709 1178 rara,
2779 1107 2898 1165 aut
2959 1100 3144 1165 nulla
3207 1121 3385 1168 cura.
3476 1104 3689 1170 Nemo
3757 1113 4010 1184 autem,
4088 1129 4173 1174 ex
4237 1108 4492 1177 Christi

2524 1186 2958 1269 praescripto,
3015 1186 3303 1271 episcopi
3346 1197 3464 1255 aut
3516 1192 3798 1272 pastoris
3848 1214 4092 1258 nomen
4138 1194 4490 1262 vendicare

2526 1269 2652 1420 {bi
2710 1276 2955 1371 potest,
3023 1272 3137 1356 qui
3199 1294 3473 1359 gregem
3536 1296 3735 1340 suum
3770 1296 3936 1342 ‘non
4000 1287 4225 1362 pascat
4288 1282 4492 1349 verbo

2596 1375 2820 1422 omini.

2701 1441 2849 1507 Iam
2906 1463 3110 1525 quum
3167 1446 3511 1513 sanctioris
3568 1448 3750 1514 vitae
3807 1450 4110 1532 exemplo
4169 1452 4494 1519 excellere

2529 1526 2677 1593 aliis
2734 1535 2802 1593 et
2853 1528 3228 1612 praelucere
3287 1529 3568 1598 debeant
3620 1534 3733 1617 qui
3784 1534 4097 1601 ecclesiae
4151 1547 4492 1620 praesunt,

2528 1633 2726 1696 quam
2773 1613 2936 1680 bene
2980 1615 3307 1682 vocationi
3350 1638 3511 1683 suae
3555 1619 3957 1705 respondent
3998 1622 4070 1686 in
4114 1622 4240 1689 hac
4283 1631 4493 1706 parte,

2527 1700 2643 1782 qui
2682 1697 2861 1765 hunc
2905 1701 3187 1785 gradum
3227 1701 3423 1768 hodie
3465 1706 3832 1789 occupant?
3922 1706 4150 1788 Quum
4192 1706 4278 1774 ad
4312 1730 4495 1774 sum-

2527 1805 2713 1849 mum
2766 1787 3201 1869 corruptionis
3270 1789 3559 1856 mundus
3619 1793 3909 1872 venerit,
3975 1792 4200 1859 nullus
4267 1801 4494 1860 tamen

2527 1878 2637 1969 est
2684 1870 2841 1936 ordo
2858 1923 2874 1950 ,
2931 1874 3111 1937 omni
3163 1874 3570 1959 flagitiorum
3624 1895 3866 1962 genere
3920 1881 4133 1962 magis
4188 1879 4490 1947 refertus.

2524 1955 2803 2022 Utinam
2837 1977 2960 2022 sua
2996 1958 3374 2026 innocentia
3417 1961 3794 2029 refellerent
3828 1961 4004 2045 quod
4039 1964 4201 2031 dico.
4269 1964 4494 2046 Quam

2523 2040 2808 2107 libenter
2872 2045 3204 2127 extemplo
3280 2052 3727 2114 retractarem.
3819 2046 3956 2115 Sed
4036 2060 4189 2116 ante
4267 2050 4491 2117 oculos

2525 2129 2819 2193 omnium
2874 2131 3175 2211 exposita
3229 2138 3331 2196 est
3374 2152 3599 2197 eorum
3643 2133 4016 2216 turpitudo,
4074 2143 4259 2218 patet
4300 2137 4492 2202 inex-

2524 2212 2785 2296 plebilis
2837 2234 3067 2279 eorum
3111 2217 3394 2282 avaritia
3436 2226 3504 2281 et
3546 2220 3896 2301 rapacitas,
3953 2228 4138 2302 patet
4178 2222 4492 2287 intolera-

2526 2298 2679 2365 bilis
2722 2299 3032 2382 superbia
3069 2309 3137 2365 et
3179 2301 3550 2368 crudelitas.
3627 2303 3987 2388 Impudicis
4031 2306 4493 2374 saltationibus

2525 2392 2942 2467 perstrepere
2986 2406 3213 2451 eorum
3266 2386 3494 2453 domos
3513 2439 3529 2466 ,
3586 2389 3770 2455 aleae
3828 2389 4123 2456 studium
4165 2392 4303 2459 illic
4358 2393 4493 2459 fer·

2524 2490 2714 2549 vere,
2761 2472 3264 2539 comessationes
3305 2472 3855 2556 intemperantiae
3890 2475 4123 2559 plenas
4168 2477 4304 2543 illic
4350 2478 4494 2563 agi-

2525 2556 2684 2635 tari,
2739 2577 2923 2622 more
2976 2564 3046 2625 et
3087 2577 3211 2623 usu
3253 2566 3595 2642 receptum
3636 2566 3753 2626 est.
3821 2560 4097 2627 Deliciis
4140 2569 4210 2626 et
4255 2564 4493 2646 quovis

2526 2642 2708 2719 luxu,
2753 2649 3068 2726 tanquam
3086 2643 3445 2727 praeclaris
3480 2646 3837 2713 virtutibus
3866 2646 4252 2731 gloriantur.
4281 2648 4330 2731 ι)
4397 2648 4496 2715 Ut

2526 2724 2657 2792 alia
2695 2734 2979 2794 taceam:
3039 2730 3429 2810 caelibatus,
3486 2752 3612 2813 quo
3656 2753 3791 2797 uno
3835 2731 4067 2798 haberi
4108 2734 4335 2798 eximii
4376 2755 4495 2801 vo-

2526 2811 2710 2893 lunt,
2781 2824 3103 2896 quantum
3157 2815 3362 2882 habet
3426 2820 3575 2896 [pag.
3614 2822 3722 2897 26]
3784 2817 4185 2900 spurcitiae?
4274 2818 4499 2885 Pudet

2526 2919 2633 2964 me
2675 2906 2975 2984 retegere
3018 2921 3186 2983 quae
3241 2922 3594 2985 suppressa
3636 2902 3932 2982 mallem,
3990 2904 4186 2970 modo
4230 2904 4494 2971 silentio

2533 2992 2804 3068 possent
2845 2985 3101 3070 corrigi.
3189 2986 3255 3052 N
3339 3008 3421 3053 ue
3478 2994 3707 3054 tamen
3758 2989 4014 3055 occulta
4070 2992 4147 3055 in
4200 2989 4496 3056 medium

2537 3073 2892 3154 proferam:
2951 3070 3214 3157 quando
3279 3096 3322 3156 p
3350 3097 3428 3140 us
3492 3075 3654 3141 satis
3706 3074 4040 3141 foeditatis
4092 3085 4161 3141 et
4224 3076 4497 3158 probro-

2528 3177 2680 3221 rum
2739 3157 2983 3241 alioqui
3023 3160 3157 3223 iam
3213 3166 3505 3242 apparet.
3595 3157 4154 3244 Quotusquisque,
4207 3162 4499 3242 obsecro,

2527 3241 2839 3308 sacerdos
2885 3250 2988 3308 est
3030 3264 3071 3308 a
3112 3244 3506 3310 scortatione
3549 3244 3800 3330 purus?
3890 3247 4034 3312 Imo
4080 3268 4276 3331 quam
4318 3247 4492 3313 mul-

2528 3335 2749 3392 torum
2771 3327 3005 3394 domus
3032 3329 3431 3412 quotidianis
3453 3331 3698 3415 stupris
3728 3338 3885 3397 sunt
3904 3333 4231 3399 infames?
4268 3332 4495 3414 Quam

2528 3413 2772 3478 multas
2814 3412 3125 3480 honestas
3178 3415 3463 3482 familias
3517 3417 3704 3501 vagis
3762 3418 3898 3483 suis
3955 3418 4338 3485 libidinibus
4391 3420 4498 3484 in-

2527 3498 2846 3582 quinant?
2950 3499 3281 3583 Equidem
3350 3524 3471 3569 nec
3534 3501 3956 3570 traducendis
4024 3525 4258 3570 eorum
4314 3505 4499 3571 vitiis

2526 3585 2840 3651 delector:
2905 3607 3117 3671 neque
3170 3585 3241 3653 id
3283 3594 3386 3656 est
3427 3589 3561 3654 mei
3615 3590 3948 3674 propositi.
4040 3588 4303 3673 Operae
4347 3611 4498 3673 pre-

2528 3672 2695 3736 tium
2752 3678 2984 3738 tamen
3026 3680 3127 3738 est
3169 3673 3574 3758 expendere,
3628 3683 3951 3758 quantum
3986 3695 4064 3740 ea
4104 3677 4270 3755 vita,
4331 3696 4498 3759 quae

2528 3758 2780 3840 passim
2834 3757 3027 3823 hodie
3083 3759 3158 3825 in
3213 3759 3446 3825 ordine
3498 3760 3885 3827 sacerdotali
3928 3761 4357 3844 conspicitur,
4414 3761 4499 3827 ab

2532 3864 2611 3909 ea
2659 3843 3001 3923 dissideat,
3060 3865 3229 3928 quae
3269 3867 3462 3914 veros
3502 3846 3757 3913 Christi
3803 3854 3870 3911 et
3914 3846 4225 3913 ecclesiae
4264 3847 4497 3914 minis-

2528 3937 2671 3996 tros
2716 3928 2993 3996 deceret.

2704 4016 2892 4082 Haec
2960 4036 3220 4100 quoque
3286 4037 3442 4100 pars
3507 4023 3609 4082 est
3673 4016 4095 4084 ecclesiastici
4152 4016 4497 4101 regiminis

2530 4122 2666 4167 non
2708 4108 3064 4185 postrema,
3109 4109 3188 4167 ut
3229 4103 3355 4168 rite
3399 4122 3477 4168 ao
3517 4100 3747 4168 ordine
3789 4102 4121 4187 eligantur
4165 4110 4235 4168 et
4278 4102 4496 4187 desig-

2532 4194 2777 4253 nentur
2819 4187 2905 4253 ad
2945 4187 3264 4267 officium,
3320 4187 3436 4271 qui
3478 4188 3842 4271 praefuturi
3886 4197 4062 4255 sunt.
4150 4186 4496 4255 Habemus

2532 4273 2837 4358 regulam
2889 4295 2974 4338 ex
3030 4272 3233 4340 verbo
3278 4272 3438 4354 Dei,
3500 4272 3584 4339 ad
3628 4294 3829 4357 quam
3871 4274 4223 4340 electiones
4267 4294 4501 4341 omnes

2534 4360 2713 4444 exigi
2756 4359 3114 4443 oportebat.
3180 4359 3475 4425 Exstant
3510 4359 3721 4424 multa
3761 4367 4063 4427 veterum
4094 4361 4499 4446 synodorum

2536 4445 2818 4526 decreta,
2864 4445 3100 4530 quibus
3136 4444 3498 4529 prudenter
3533 4453 3600 4510 et
3642 4445 3994 4531 diligenter
4040 4446 4500 4530 praescribun-

2534 4540 2645 4598 tur
2687 4551 3122 4615 quaecunque
3178 4530 3264 4597 ad
3318 4538 3567 4597 rectam
3617 4530 3903 4617 eligendi
3959 4532 4238 4598 formam
4291 4532 4494 4615 perti·

2534 4625 2715 4684 nent.
2803 4617 3158 4684 Proferant
3233 4616 3598 4683 adversarii
3689 4618 3902 4684 nostri
3916 4670 3931 4697 ,
4022 4618 4133 4685 vel
4223 4618 4499 4683 unicum

2534 4703 2915 4789 exemplum
2956 4703 3310 4771 canonicae
3347 4703 3700 4782 electionis,
3746 4711 3814 4770 et
3856 4725 3966 4769 eos
3986 4703 4223 4771 vicisse
4266 4724 4503 4771 conce·

2679 4993 2739 5064 1)
2784 4994 2941 5049 Haec
2988 4994 3187 5050 Gallus
3233 4995 3462 5052 liberius
3507 4996 3591 5050 ita
3634 4995 3828 5050 vertit.-
3870 4994 3946 5050 Ils
3990 4996 4235 5050 tienncnt
4291 5009 4499 5049 comme

2541 5063 2709 5119 chose
2745 5065 3058 5133 appronvee
3103 5080 3208 5146 par
3240 5080 3470 5132 nsanos,
3519 5062 3726 5118 d’avoir
3760 5064 3957 5119 brelan
4002 5064 4070 5118 de
4105 5066 4231 5119 ieux
4268 5062 4500 5119 deshon-

2540 5139 2727 5188 nestes
2748 5147 2817 5187 en
2852 5132 2997 5188 leurs
3015 5149 3271 5200 maisons,
3308 5147 3512 5188 comme
3548 5131 3615 5186 de
3653 5138 3833 5188 cartes
3869 5139 3926 5187 et
3960 5133 4028 5188 de
4053 5132 4183 5188 dezx
4222 5130 4312 5201 d’y
4346 5131 4503 5186 avoir

2542 5200 2729 5255 dames
2762 5201 2835 5254 im
2875 5200 3102 5270 udiques
3138 5207 3196 5257 et
3226 5201 3364 5256 faire
3398 5202 3671 5270 banquets
3710 5201 4115 5258 desordonnez:
4151 5198 4359 5257 d’avoir
4393 5202 4506 5255 cui-

2543 5270 2661 5324 sine
2696 5269 2837 5324 frian
2874 5285 2905 5325 e
2941 5278 2999 5325 et
3031 5271 3179 5325 table
3213 5269 3518 5325 excessivo:
3567 5268 3766 5325 d'estre
3804 5277 4127 5340 somptueux
4174 5285 4243 5325 en
4281 5285 4507 5324 acccus-

2543 5345 2781 5462 ffillnem
2815 5343 3090 5463 ξξῃιιοιιωο
3124 5343 3309 5394 autres
3342 5354 3598 5409 pompos,
3647 5338 3714 5396 de
3753 5337 3868 5396 s’en
3903 5338 4145 5410 glorifier
4191 5353 4398 5395 comme
4437 5338 4509 5394 de

2582 5421 2613 5462 e
2656 5420 2718 5462 es
2750 5421 2819 5460 ve
2947 5448 2958 5459 .

3990 5491 4092 5547 30*
