4999 6179
413 424 530 488 341
843 468 855 476 -
1903 421 2032 489 DE
2072 419 2429 489 LIBERO
2470 417 2946 495 ARBITRIO.
4307 431 4436 498 342

411 612 761 697 obscurum
813 608 970 690 erit,
1030 608 1188 693 quid
1203 660 1221 689 ,
1277 616 1394 676 aut
1437 616 1761 694 quantum
1801 611 2009 677 libero
2053 610 2366 677 concedat
2471 608 2662 676 velle.
2751 609 2995 690 Audis,
3036 610 3373 679 hominem
3416 613 3584 680 nihil
3627 615 3844 683 verbis
3889 623 4008 683 aut
4047 618 4428 686 monitioni-

410 697 695 764 arbitrio.
2471 695 2596 761 bus
2637 716 2828 779 posse
2872 699 3153 777 moveri,
3202 699 3329 765 nisi
3374 700 3558 767 intus
3602 723 3720 786 per
3763 704 4073 786 spiritum
4118 705 4427 771 volunta-

579 785 939 865 Postquam
977 789 1199 848 autem
1231 779 1348 846 diu
1396 789 1590 848 extra
1627 782 1805 848 oleas
1828 784 1878 866 ¹)
1922 792 2208 868 vagatus
2243 791 2363 862 est,
2471 788 2607 847 tem
2662 783 2901 849 formet
2943 783 3147 849 Deus.
3238 783 3453 853 Audis
3511 807 3647 852 non
3702 787 4157 855 indifferenter
4215 794 4426 857 omni-

412 870 496 937 ad
549 890 691 936 rem
737 868 1005 935 demum
1056 868 1431 935 revertitur.
1523 869 1720 934 Iubet
1763 889 1869 933 me
1924 870 2248 951 proferre,
2307 869 2365 934 si
2474 865 2625 947 bus,
2669 868 2786 935 sed
2827 876 3094 934 tantum
3135 870 3290 937 filiis
3335 873 3792 955 promissionis
3836 875 3960 941 hoc
4005 875 4167 942 dari.
4246 878 4427 944 Rur-

410 957 674 1040 possim,
719 954 851 1034 ubi,
892 953 1171 1038 quando,
1209 962 1326 1019 aut
1370 976 1411 1019 a
1459 953 1698 1038 quibus
1743 954 2121 1038 Augustino
2166 955 2366 1020 fuerit
2471 975 2647 1018 sum:
2686 955 2735 1038 ¹)
2802 956 2868 1021 A
2931 976 3152 1021 massa
3206 957 3624 1041 perditionis,
3703 982 3871 1043 quae
3926 961 4098 1028 facta
4151 969 4253 1029 est
4307 985 4429 1047 per

410 1041 758 1126 aliquando
801 1041 1146 1120 obiectum,
1192 1041 1442 1106 frustra
1474 1040 1649 1105 tradi
1691 1047 2069 1124 praecepta,
2116 1041 2368 1106 frustra
2470 1041 2761 1122 primum
2800 1040 3039 1122 Adam,
3086 1041 3398 1111 debemus
3432 1045 3821 1130 intelligere,
3859 1048 4195 1114 neminem
4239 1069 4428 1131 posse

409 1128 898 1194 exhortationes
942 1127 1204 1211 suscipi,
1252 1126 1310 1191 si
1354 1126 1523 1191 nihil
1558 1126 1642 1191 ad
1677 1126 1844 1191 bene
1880 1124 2214 1210 agendum
2247 1148 2363 1193 va·
2471 1123 2781 1205 discerni,
2842 1126 2972 1191 nisi
3029 1129 3203 1211 quod
3262 1129 3383 1197 hoc
3429 1130 3673 1199 donum
3728 1131 3924 1198 habet
3965 1134 4259 1217 quisquis
4304 1135 4424 1200 ha-

409 1216 543 1280 leat
585 1213 870 1279 hominis
926 1213 1222 1279 facultas.
1313 1211 1520 1293 Quasi
1577 1232 1731 1278 vero
1786 1231 1921 1276 non
1966 1212 2089 1278 hoc
2134 1212 2362 1279 clami·
2467 1208 2611 1291 bet,
2670 1211 2844 1294 quod
2900 1213 3032 1277 Dei
3090 1215 3307 1297 gratia
3366 1220 3629 1301 accepit.
3713 1217 3898 1299 Quos
3954 1220 4155 1305 elegit
4207 1241 4427 1303 petre,

409 1309 502 1367 tet
527 1308 707 1365 totus
740 1298 926 1365 liber.
985 1297 1124 1365 Sed
1153 1321 1238 1364 ne
1261 1299 1625 1383 longiorem
1661 1296 2113 1381 probationem
2137 1308 2364 1365 texere
2411 1294 2418 1367 l
2466 1317 2579 1362 eos
2622 1305 2689 1362 et
2745 1299 3024 1364 vocavit.
3113 1299 3225 1364 Ex
3265 1302 3411 1367 istis
3454 1304 3677 1370 nullus
3733 1306 3933 1387 perit:
4001 1306 4155 1389 quia
4196 1294 4426 1373 omnes

409 1386 573 1452 mihi
625 1406 891 1452 necesse
934 1386 1048 1464 sit,
1109 1392 1312 1452 testes
1355 1386 1493 1450 sint
1531 1383 1683 1449 illae
1727 1385 1907 1467 ipsae
1951 1384 2361 1465 obiectiones,
2410 1400 2417 1485 ι
2467 1381 2660 1449 6166ιί
2728 1391 2902 1448 sunt.
3008 1383 3225 1451 Electi
3291 1395 3510 1453 autem
3577 1397 3763 1469 sunt,
3846 1391 4000 1473 quia
4063 1392 4426 1457 secundum

451 1494 572 1537 uas
606 1472 841 1537 refert:
880 1493 1160 1556 quarum
1207 1471 1421 1555 prima
1453 1478 1583 1537 est:
1630 1470 1727 1537 Ut
1749 1469 1907 1553 quid
1941 1470 2131 1536 nobis
2174 1493 2362 1554 prae-
2466 1469 2878 1551 propositum
2930 1471 3175 1535 vocati:
3231 1475 3640 1557 propositum
3693 1484 3942 1555 autem,
4011 1498 4142 1543 non
4209 1500 4423 1551 suum.

408 1495 668 1625 dicatur
709 1564 905 1641 atque
947 1558 1369 1640 praecipitur,
1416 1563 1491 1622 ut
1534 1556 1936 1623 declinemus
1974 1578 2014 1621 a
2052 1558 2247 1636 malo,
2295 1566 2363 1622 et
2410 1490 2416 1647 Ι
2465 1554 2584 1620 sed
2639 1555 2785 1620 Dei.
2889 1554 3065 1621 Item
3117 1557 3317 1639 paulo
3373 1568 3552 1643 post:
3613 1557 3826 1627 Scivit
3880 1563 4094 1643 Deus,
4152 1564 4266 1645 qui
4322 1565 4424 1629 sui

407 1646 721 1711 faciamus
776 1642 1052 1721 bonum,
1113 1646 1170 1709 si
1210 1643 1334 1708 hoc
1378 1664 1512 1708 non
1570 1644 1855 1725 agimus,
1915 1642 2032 1707 sed
2076 1643 2144 1708 id
2191 1642 2362 1709 velle
2410 1650 2416 1679 ¹
2465 1640 2617 1705 sint.
2708 1640 2971 1707 Horum
3015 1640 3180 1707 fides
3232 1665 3352 1727 per
3408 1646 3750 1712 caritatem
3807 1647 4041 1715 efficax
4094 1657 4209 1714 aut
4253 1670 4425 1714 nun-

409 1738 480 1796 et
521 1736 671 1811 [pag.
715 1734 862 1806 151]
901 1751 1095 1813 agere
1130 1730 1315 1796 Deus
1351 1736 1661 1812 operatur
1696 1728 1766 1792 in
1801 1728 2030 1797 nobis?
2100 1730 2357 1796 Altera:
2410 1692 2416 1817 Ι
2463 1746 2667 1808 quam
2711 1724 2963 1805 deficit,
3012 1734 3127 1794 aut
3170 1730 3223 1794 si
3272 1731 3383 1813 qui
3424 1740 3583 1797 sunt
3623 1753 3906 1815 quorum
3951 1731 4188 1813 deficit,
4236 1756 4425 1818 repa·

409 1819 556 1902 Age
611 1826 863 1895 tamen,
923 1816 1331 1899 praecipiant
1387 1815 1499 1897 qui
1552 1814 1743 1880 nobis
1800 1823 2147 1897 praesunt,
2203 1814 2362 1898 quid
2411 1828 2416 1893 ξ
2464 1820 2656 1877 ratur
2708 1820 3064 1897 antequam
3114 1815 3256 1880 vita
3312 1817 3441 1883 ista
3495 1818 3794 1896 finiatur,
3857 1825 3924 1884 et
3966 1817 4210 1899 deleta,
4257 1842 4425 1905 quae

409 1904 622 1969 facere
669 1900 1020 1968 debeamus
1037 1925 1053 1982 ;
1110 1910 1176 1966 et
1219 1908 1294 1966 ut
1335 1901 1682 1979 faciamus,
1740 1908 1932 1965 orent
1988 1921 2106 1983 pro
2151 1901 2359 1980 nobis,
2410 1896 2417 1997 ξ
2464 1899 2969 1978 intercurrerat,
3028 1900 3405 1983 iniquitate,
3466 1925 3667 1987 usque
3722 1903 3807 1969 ad
3863 1905 4066 1969 finem
4118 1926 4424 1988 perseve-

407 2009 542 2054 non
586 1996 807 2053 autem
851 1988 1210 2071 corripiant
1252 1995 1320 2052 et
1364 1994 1674 2070 arguant,
1723 1987 1780 2050 si
1815 2007 1949 2051 non
1993 1987 2359 2054 fecerimus.
2465 1984 2687 2049 rantia
2730 1983 3103 2068 deputatur.
3175 1984 3311 2067 Qui
3356 2010 3514 2055 vero
3557 1991 4042 2073 perseveraturi
4076 2012 4212 2057 non
4248 2004 4421 2069 sunt,

404 2074 578 2140 Nam
635 2076 690 2141 si
757 2082 1191 2158 praeparatur
1244 2072 1549 2139 voluntas
1617 2094 1657 2137 a
1711 2073 2028 2152 Domino,
2097 2095 2216 2139 cur
2258 2096 2362 2139 me
2468 2092 2545 2135 ac
2589 2071 2682 2137 sic
2727 2090 2767 2134 a
2810 2069 2937 2136 fide
2983 2070 3266 2155 lapsuri,
3326 2096 3460 2139 non
3504 2086 3660 2140 sunt
3705 2098 3745 2140 a
3788 2097 4008 2142 massa
4049 2077 4166 2143 illa
4207 2076 4424 2161 perdi-

405 2161 698 2245 corripis,
737 2181 940 2243 quum
967 2157 1151 2226 vides
1185 2181 1292 2225 me
1328 2159 1472 2223 eius
1507 2166 1858 2242 praecepta
1891 2158 2104 2225 facere
2138 2159 2360 2225 nolle?
2411 2222 2418 2247 0
2468 2157 2669 2221 tionis
2723 2158 3157 2240 praescientia
3198 2157 3330 2223 Dei
3372 2169 3441 2225 et
3496 2160 4095 2244 praedestinatione
4138 2163 4424 2241 disereti,

405 2260 474 2312 et
525 2268 657 2312 non
712 2246 928 2329 potius
982 2245 1205 2311 Deum
1264 2264 1485 2329 rogas,
1545 2251 1622 2308 ut
1675 2244 1745 2307 in
1792 2265 1899 2308 me
1943 2255 2252 2327 operetur
2295 2254 2365 2311 et
2468 2250 2537 2306 et
2590 2243 2738 2307 ideo
2794 2264 2913 2308 nec
2979 2245 3341 2310 secundum
3407 2248 3813 2330 propositum
3869 2249 4103 2314 vocati:
4169 2270 4244 2316 ac
4306 2270 4428 2332 per

404 2332 621 2400 velle?
697 2333 944 2397 Tertia:
992 2353 1199 2415 quum
1243 2352 1379 2396 non
1420 2331 1725 2396 omnibus
1769 2329 1982 2409 detur,
2027 2330 2184 2413 quid
2222 2352 2361 2397 cor·
2467 2326 2590 2393 hoc
2634 2349 2757 2394 nec
2799 2329 3008 2395 electi.
3083 2328 3424 2411 Quantum
3469 2354 3627 2397 vere
3668 2332 3753 2397 ad
3796 2354 3914 2399 nos
3958 2335 4268 2416 pertinet,
4317 2336 4423 2399 in-

405 2421 699 2502 ripimur,
728 2419 1088 2502 arguimur,
1114 2416 1679 2500 reprehendimur,
1710 2416 2134 2482 accusamur?
2185 2416 2364 2498 Quid
2466 2414 2626 2495 quit,
2646 2416 2702 2498 ²)
2756 2416 2870 2497 qui
2916 2416 3432 2498 praedestinatos
3479 2440 3518 2482 a
3562 2437 3695 2482 non
3742 2418 4242 2500 praedestinatis
4287 2418 4424 2487 dis-

403 2506 696 2582 facimus,
740 2506 852 2587 qui
897 2526 1031 2569 non
1068 2502 1482 2587 accepimus?
1549 2502 1717 2579 Hae,
1753 2503 2040 2584 inquam,
2080 2511 2146 2567 et
2182 2503 2362 2568 simi-
2467 2518 2739 2563 cernere
2783 2522 2915 2565 non
2961 2500 3285 2581 valemus,
3333 2512 3399 2568 et
3439 2506 3522 2570 ob
3570 2503 3695 2570 hoc
3739 2525 3966 2570 omnes
4010 2506 4228 2571 salvos
4276 2507 4422 2572 fieri

407 2590 504 2658 les
548 2590 947 2668 calumniae,
1004 2611 1166 2674 quas
1223 2589 1360 2655 illic
1418 2594 1692 2666 tractat,
1749 2586 1904 2671 quid
1950 2588 2129 2653 aliud
2185 2590 2418 2685 suntsi
2469 2584 2639 2650 velle
2696 2584 3036 2664 debemus,
3094 2589 3399 2654 omnibus
3454 2610 3537 2655 ne
3590 2598 3897 2672 pereant,
3958 2590 4063 2655 vel
4117 2613 4201 2656 ne
4258 2591 4422 2659 alios

404 2698 605 2760 qnam
648 2675 733 2742 ad
776 2676 1124 2743 ridendam
1168 2697 1244 2742 ac
1291 2673 1764 2740 traducendam
1808 2675 2060 2757 gratiae
2103 2674 2361 2758 praedi·
2412 2698 2419 2759 1
2467 2670 2766 2753 perdant,
2814 2671 3188 2738 adhibenda
3223 2684 3326 2740 est
3363 2695 3403 2739 a
3448 2676 3637 2743 nobis
3674 2675 4153 2742 medicinaliter
4191 2697 4425 2744 severa

403 2764 759 2841 cationem,
818 2762 1095 2847 profana
1149 2762 1510 2845 impiorum
1566 2759 1892 2825 ludibria?
1998 2760 2137 2826 Sed
2181 2761 2361 2838 haec,
2414 2772 2419 2835 ι
2470 2759 2821 2840 correptio:
2878 2757 3009 2824 Dei
3064 2773 3284 2825 autem
3339 2770 3469 2841 est,
3532 2761 3667 2827 illis
3711 2783 3857 2828 eam
3914 2762 4129 2827 facere
4172 2762 4422 2839 utilem,

404 2856 634 2914 autore
688 2849 956 2933 Pighi0,
1015 2858 1093 2914 ut
1149 2850 1220 2913 in
1277 2847 1728 2931 Augustinum
1784 2867 2126 2929 perperam
2187 2846 2366 2914 dicta
2469 2864 2631 2925 quos
2682 2845 2821 2994 illilse
2871 2845 3244 2929 praescivit,
3267 2854 3336 2913 et
3385 2847 3917 2931 praedestinavit.
4009 2849 4244 2914 Nonne
4290 2849 4424 2914 iam

404 2943 576 3014 sunt,
623 2935 717 2999 ita
755 2935 825 2999 in
869 2955 990 3000 nos
1037 2942 1214 3000 recte
1258 2934 1649 3001 dicerentur.
1709 2932 1848 2999 Fac
1885 2934 1979 2997 ita
2023 2954 2182 3000 esse.
2252 2935 2364 2999 An
2468 2930 2540 2994 in
2585 2928 2715 3015 Pig
2764 2931 2823 2995 io
2883 2940 3163 2996 cernunt
3208 2953 3467 3013 omnes,
3522 2934 3699 3017 quod
3744 2955 3957 3017 nuper
3992 2933 4169 2998 dixi?
4259 2935 4457 3000 Pro·-

403 3019 552 3087 ideo
595 3021 912 3086 mentitus
956 3042 1107 3087 sum
1152 3041 1356 3105 quum
1393 3019 1695 3097 dicerem,
1740 3018 1932 3083 illum
1970 3020 2173 3085 fuisse
2215 3019 2365 3085 tali-
2471 3015 2738 3082 stitutae
2815 3015 3081 3104 linguae
3157 3017 3457 3087 homines
3535 3041 3778 3105 susque
3858 3018 4067 3103 deque
4165 3018 4427 3101 habere,

406 3106 530 3173 bus
587 3107 931 3174 calumniis
983 3106 1344 3173 vexatum?
1448 3106 1686 3170 Fuerit
1738 3106 2083 3172 immerito.
2187 3104 2366 3186 Quid
2470 3102 2664 3186 quale
2718 3103 2884 3169 illud
2928 3106 3018 3172 sit
3060 3106 3235 3188 quod
3280 3107 3533 3186 dicunt,
3586 3106 3780 3172 modo
3822 3126 3957 3171 non
4013 3127 4281 3190 prorsus
4324 3113 4427 3171 ta-

407 3194 530 3260 hoc
575 3192 661 3258 ad
702 3191 851 3258 me?
943 3193 1048 3258 De
1092 3193 1262 3258 facto
1308 3199 1570 3257 tantum
1619 3191 1867 3272 loquor.
1956 3192 2239 3277 Pighius
2285 3190 2365 3258 de
2471 3197 2683 3255 ceant.
2771 3189 2955 3269 Illae,
3002 3192 3234 3274 inquit,
3280 3192 3675 3260 obiectiones
3717 3192 3954 3257 merito
3998 3193 4069 3256 in
4114 3213 4226 3258 eos
4270 3213 4425 3258 eon-

405 3280 547 3345 iure
589 3279 756 3344 mihi
797 3279 955 3344 facit
999 3277 1397 3344 molestiam:
1455 3285 1523 3342 et
1565 3283 1796 3359 postea
1836 3276 2004 3343 altos
2046 3278 2365 3345 clamores
2470 3276 2802 3356 feruntur,
2859 3277 2974 3360 qui
3017 3275 3248 3343 dicunt
3290 3278 3438 3364 solo·
3470 3279 3606 3369 Dei
3647 3279 3813 3343 bene
3855 3278 4095 3361 placito
4144 3278 4427 3346 discerni

403 3375 654 3444 movet,
711 3365 897 3449 quasi
952 3385 1060 3430 me
1114 3362 1183 3428 in
1241 3363 1580 3429 mendacio
1637 3360 2160 3445 deprehenderit.
2251 3363 2364 3430 Sic
2469 3361 2802 3441 homines,
2850 3370 2919 3428 et
2961 3362 3123 3429 alios
3162 3364 3428 3447 quidem
3472 3364 3703 3429 donari
3747 3365 3978 3448 gratia,
4027 3364 4190 3431 alios
4233 3385 4423 3449 prae-

406 3463 561 3518 sunt
617 3473 846 3518 omnes
916 3451 1294 3517 meritoriae
1360 3450 1653 3533 linguae:
1736 3449 1926 3514 modo
1991 3451 2367 3516 meretricia
2470 3448 2655 3512 teriri
2701 3470 2777 3513 ac
2822 3448 3122 3526 destitui,
3169 3457 3365 3533 prout
3419 3450 3563 3515 Deo
3612 3450 3829 3515 visum
3869 3451 4094 3516 fuerit:
4156 3452 4241 3516 ad
4282 3452 4426 3517 Au-

407 3537 824 3621 improbitate
870 3560 946 3604 ac
987 3538 1326 3622 protervia
1368 3533 1717 3612 exsultent,
1765 3535 2109 3600 victoriam
2156 3536 2365 3602 tribus
2415 3565 2421 3616 Ι
2470 3535 2814 3617 gustinum
2870 3555 3028 3599 vero
3084 3535 3252 3600 nihil
3312 3537 3661 3619 pertinent.
3750 3537 3959 3621 Atqui
4017 3536 4188 3601 nihil
4231 3557 4427 3621 agere

405 3625 760 3707 triumphis
831 3624 1098 3708 dignam
1165 3643 1578 3706 comparasse
1641 3642 1713 3685 se
1779 3627 2033 3703 putant.
2135 3623 2364 3706 Neque
2415 3619 2421 3648 '
2468 3618 2651 3684 aliud
2695 3627 2832 3686 toto
2877 3620 3043 3687 libro
3077 3622 3536 3706 Augustinum
3570 3622 3793 3706 palam
3829 3631 3948 3688 est.
4017 3624 4277 3703 Merito,
4321 3623 4426 3687 in-

406 3731 695 3794 unquam
745 3710 1015 3793 pudoris
1070 3717 1189 3775 aut
1244 3707 1678 3791 ingenuitatis
1731 3707 1969 3773 micam
2022 3708 2093 3772 in
2140 3729 2215 3772 eo
2259 3729 2364 3774 re·
2467 3707 2639 3786 quit,
2698 3707 2792 3772 sic
2850 3706 3139 3790 loquitur
3193 3709 3625 3793 Augustinus.
3716 3705 3778 3774 O
3827 3709 4051 3790 homo,
4109 3710 4177 3774 in
4236 3729 4426 3792 prae-

405 3796 649 3879 perias,
697 3797 810 3878 qui
855 3817 938 3861 ex
983 3795 1377 3879 loquacitate
1419 3799 1763 3876 quaestum
1819 3794 1990 3859 facit.
2082 3793 2219 3859 Sed
2261 3795 2363 3860 vi·
2468 3793 2768 3875 ceptione
2826 3812 3174 3877 cognosce,
3242 3793 3400 3877 quid
3453 3815 3649 3879 agere
3715 3793 3953 3860 debeas
3964 3819 3979 3874 ;
4039 3798 4108 3860 in
4164 3816 4424 3878 correp-

404 3881 674 3947 deamus
716 3883 878 3959 iam,
938 3902 1066 3964 quo
1111 3879 1490 3946 discrimine
1532 3901 1653 3944 nos
1709 3879 1790 3944 ab
1837 3879 2214 3964 Augustino
2261 3901 2364 3945 se·
2468 3878 2647 3943 tione
2693 3884 2840 3957 [pag.
2894 3885 3040 3958 153]
3086 3900 3432 3964 cognosce,
3492 3888 3608 3945 tuo
3656 3887 3722 3945 te
3768 3881 3932 3947 vitio
3976 3901 4111 3946 non
4154 3879 4422 3958 habere;

403 3975 610 4051 paret.
703 3967 786 4036 In
831 3987 975 4046 vos,
1020 3968 1262 4050 inquit,
1319 3967 1431 4050 qui
1477 3967 1672 4031 unius
1718 3965 1929 4031 divini
1973 3966 2364 4050 beneplaciti
2413 3973 2420 4048 ξ
2467 3964 2541 4027 in
2587 3965 2881 4029 oratione
2924 3984 3264 4049 cognosce,
3310 3966 3486 4032 unde
3526 3966 3824 4048 accipias.
3885 3964 4021 4031 Sed
4064 3986 4193 4049 quo
4237 3973 4424 4050 pacto

404 4073 552 4118 esse
591 4054 903 4130 asseritis,
949 4060 1026 4117 ut
1059 4053 1204 4135 pari
1229 4051 1459 4118 morbo
1503 4051 1953 4117 laborantibus
1992 4052 2179 4118 nobis
2223 4073 2363 4117 om·
2412 4059 2419 4118 Ι
2466 4049 2593 4115 hoc
2637 4048 2813 4115 dicat
2856 4049 3202 4130 Calvinus,
3261 4054 3374 4136 qui
3417 4061 3619 4136 negat
3673 4053 3742 4116 in
3786 4051 4077 4117 hominis
4122 4073 4265 4117 esse
4308 4072 4425 4135 po-

404 4139 616 4218 nibus,
655 4140 733 4205 iis
778 4138 1041 4222 quidem
1086 4138 1410 4205 medicam
1454 4159 1728 4204 manum
1773 4137 2150 4217 admoveat,
2198 4138 2361 4204 alios
2411 4125 2418 4236 f
2466 4142 2705 4201 testate
2771 4144 2927 4202 ante
2987 4144 3365 4221 perceptam
3421 4139 3705 4222 gratiam
3753 4157 3902 4201 eam
3953 4158 4267 4220 quaerere
4310 4147 4425 4203 aut

405 4226 922 4310 praetermittat,
990 4226 1136 4290 sina
1210 4247 1294 4290 ue
1361 4224 1432 4288 in
1512 4247 1632 4290 sua
1708 4223 2056 4306 putredine
2135 4231 2360 4291 conta-
2412 4241 2416 4262 ·
2467 4242 2551 4304 ap
2599 4220 2819 4286 etere?
2878 4222 3025 4288 Imo
3068 4245 3187 4290 cur
3231 4223 3382 4306 plus
3418 4223 3792 4307 Augustino
3835 4244 4031 4305 quam
4068 4223 4235 4288 mihi
4270 4243 4425 4289 con-

404 4312 702 4390 bescere,
759 4312 885 4377 hoc
940 4319 1117 4377 recte
1219 4312 1528 4378 iceretur:
1581 4309 1859 4375 stultum
1904 4331 2049 4376 esse
2109 4310 2357 4388 docere,
2466 4328 2540 4373 ce
2591 4308 2656 4388 ‘t,
2705 4308 2817 4391 qui
2866 4309 3074 4374 nihilo
3110 4310 3334 4375 minus
3378 4330 3580 4392 quam
3625 4309 3745 4393 e'go
3801 4308 3967 4373 illud
4009 4310 4229 4392 ipsum
4271 4311 4425 4376 sub·

404 4396 691 4476 hortari,
750 4397 1252 4481 reprehendere.
1353 4397 1435 4462 In
1489 4397 1942 4481 Augustinum
2003 4416 2141 4461 non
2182 4397 2359 4474 item,
2465 4393 2621 4459 inde
2666 4395 2735 4459 in
2780 4415 2894 4460 ore
2939 4394 3184 4461 habet?
3274 4392 3453 4476 Quid
3499 4395 3676 4461 enim
3720 4415 3850 4460 vox
3904 4394 4017 4459 illa
4068 4395 4422 4479 significat:

403 4483 522 4565 qui
577 4504 852 4568 prorsus
907 4483 1244 4549 diversum
1308 4484 1526 4548 sentit.
1630 4481 1813 4563 Quid
1858 4490 2079 4548 autem
2125 4485 2359 4567 Augu·
2467 4478 2872 4546 Convertine
2930 4502 3182 4564 posses,
3244 4483 3374 4546 nisi
3416 4479 3790 4547 vocareris?
3880 4481 4119 4546 Nonne
4162 4480 4271 4545 ille
4311 4482 4426 4563 qui

405 4569 621 4636 stinus
665 4570 936 4636 contra?
1027 4571 1384 4652 Postquam
1446 4568 1842 4652 pravitatem
1895 4569 2201 4635 omnibus
2256 4569 2359 4633 in·
2466 4574 2530 4632 te
2576 4568 2836 4632 vocavit
2867 4587 3198 4647 aversum,
3234 4568 3377 4650 ipse
3420 4568 3750 4650 praestitit
3788 4573 3863 4631 ut
3896 4565 4422 4633 convertereris?

404 4656 698 4740 genitam
742 4676 888 4722 esse
931 4677 972 4720 a
1017 4662 1253 4722 natura
1296 4654 1546 4735 docuit,
1593 4655 2000 4738 corripiatur,
2049 4655 2282 4739 inquit,
2300 4655 2358 4733 ⁸)
2463 4651 2621 4717 Noli
2679 4674 2837 4737 ergo
2895 4654 3016 4719 tibi
3074 4675 3385 4739 arrogare
3459 4654 3954 4721 conversionem
4005 4661 4215 4717 tuam:
4274 4652 4429 4734 quia

407 4741 594 4825 origo
639 4740 1062 4820 damnabilis,
1122 4749 1200 4807 ut
1238 4762 1322 4806 ex
1380 4741 1604 4807 dolore
1647 4741 2081 4825 correptionis
2125 4741 2360 4808 volun·
2465 4739 2597 4804 nisi
2639 4738 2751 4804 ille
2796 4745 2865 4804 te
2904 4747 3175 4807 vocaret
3217 4741 3609 4825 fugientem,
3668 4760 3799 4804 non
3844 4759 4067 4822 posses
4111 4737 4425 4805 converti.

403 4835 511 4892 tas
553 4829 1072 4911 regenerationis
1115 4829 1395 4901 oriatur:
1457 4828 1514 4893 si
1569 4837 1793 4893 tamen
1837 4829 1950 4912 qui
1993 4828 2362 4911 corripitur,
2466 4823 2648 4905 Quid
2691 4826 2855 4890 item
2897 4825 3135 4892 altera:
3180 4826 3394 4892 Vocat
3432 4847 3553 4892 nos
3597 4825 3741 4890 sine
3785 4823 4016 4891 nobis?
4074 4821 4254 4904 Quid
4294 4831 4428 4889 ter-

405 4913 585 4980 filius
630 4922 732 4981 est
784 4915 1271 4997 promissionis,
1329 4922 1404 4980 ut
1452 4914 1734 4997 strepitu
1793 4915 2220 4998 correptionis
2266 4913 2360 4979 fo-
2462 4913 2587 4976 tia:
2664 4910 2820 4977 Non
2883 4919 3145 4979 tantum
3198 4920 3277 4978 ut
3344 4934 3430 4979 ex
3495 4911 3869 4977 nolentibus
3935 4910 4133 4976 faciat
4198 4909 4425 4976 volen-

400 4999 703 5067 rinsecus
746 5001 1098 5067 insonante
1134 5008 1328 5086 atque
1363 5000 1756 5101 flagellante,
1796 5004 1946 5080 [pag.
1991 5005 2137 5081 152]
2175 5001 2361 5066 Deus
2468 5004 2588 5078 tes,
2632 4997 2748 5064 sed
2791 5018 2876 5064 ex
2920 5000 3445 5084 repugnantibus
3487 4997 3684 5064 etiam
3728 4996 4178 5080 obsequentes.
4197 4997 4256 5078 ⁸)
4333 4997 4428 5062 Et

399 5087 478 5152 in
535 5085 648 5152 illo
703 5087 1098 5154 intrinsecus
1160 5087 1414 5154 occulta
1457 5085 1889 5169 inspiratione
1946 5094 2253 5170 operetur
2296 5092 2364 5153 et

2471 5176 2879 5183 —-.-——.-

403 5257 546 5265 ———.—-.
567 5255 716 5263 -n--q

2610 5249 2668 5358 l)
2706 5290 2880 5362 Caput
2920 5290 2969 5346 7.
3176 5292 3238 5357 2)
3276 5290 3455 5360 Caput
3491 5289 3574 5344 16.

549 5362 607 5429 1)
648 5362 802 5417 Besa
836 5362 1055 5418 scribit.-
1091 5361 1258 5420 aleas.
1462 5360 1523 5428 2)
1561 5360 1692 5430 Cap.
1729 5359 1778 5416 6.
1814 5360 2054 5416 ciusdem
2089 5362 2227 5418 libri.
2610 5359 2672 5426 3)
2708 5360 2771 5416 In
2806 5360 2943 5430 psal.
2980 5358 3066 5416 84.
3096 5360 3179 5416 De
3214 5361 3391 5430 gratia
3426 5367 3482 5415 et
3516 5360 3688 5415 libero
3725 5357 4016 5493 arbim-ig&
