4999 6179
606 433 732 494 363
1127 504 1132 513 ,
1799 496 1806 503 ,
1906 420 2438 490 111118Ρο11810
2483 421 2863 489 CONTRA
2905 423 3322 491 PieHmM
3446 514 3451 523 ,
4511 428 4636 490 364

605 615 1062 695 sublevandos,
1106 615 1223 682 sed
1258 636 1369 680 eos
1412 614 1605 680 modo
1649 616 1761 697 qui
1793 614 2124 682 sublevari
2171 613 2565 689 desiderent,
2618 620 2627 707 1
2674 615 3004 682 vocationi
3058 615 3337 680 conferri
3391 614 3555 680 dicit
3577 653 3583 660 ·
3606 615 3919 700 gratiam,
3979 634 4112 681 non
4157 621 4378 680 autem
4421 615 4639 698 ipsam

587 726 726 786 ‚nec
771 703 988 768 desint
1026 702 1256 768 obviae
1293 700 1417 766 sibi
1462 700 1892 784 adiutricique
1936 701 2207 785 gratiae,
2251 702 2410 783 quin
2452 721 2568 782 po-

603 791 734 857 tius
789 789 973 853 illam
1029 786 1560 870 apprehendant,
1616 788 1757 853 eius
1802 787 2128 853 adiutorio
2171 787 2416 852 reverti
2460 806 2567 850 co·

2675 700 2960 783 gratiam
3025 702 3240 766 facere
3306 709 3381 765 ut
3455 703 3798 766 invocetur
3864 724 3904 766 a
3960 701 4150 767 nobis
4166 754 4182 780 ,
4248 701 4640 767 contradicit

2674 786 2924 865 Iesaiae
2990 787 3366 869 prophetae.
3397 789 3446 870 ¹)
3543 787 3745 852 Item:
3817 786 3893 853 81
3963 788 4108 870 quis
4174 809 4293 871 per
4360 799 4636 853 naturae

600 886 847 943 nentur
903 874 986 938 ad
1031 875 1421 952 Dominum,
1480 874 1560 939 ab
1606 894 1682 937 80
1737 873 1983 939 salvari
2024 881 2253 956 optent
2296 894 2371 937 ac
2417 876 2566 950 [pag.
2673 872 2970 956 vigorem
3028 871 3272 938 bonum
3326 873 3617 957 aliquod,
3676 874 3848 956 quod
3893 873 3977 939 ad
4033 876 4237 939 vitam
4294 880 4638 939 aeternam

608 967 756 1040 181]
801 972 1084 1044 sperent,
1129 960 1224 1024 illi
1270 981 1340 1025 se
1383 958 1722 1037 curandos,
1767 957 2256 1035 illuminandos,
2304 957 2567 1023 salvan-

600 1049 718 1114 dos
761 1046 1048 1112 tradant.
1139 1045 1397 1127 Quibus
1442 1046 1658 1111 verbis
1701 1056 1923 1128 partes
1966 1047 2129 1111 istas
2172 1047 2243 1109 in
2288 1065 2567 1109 renova-

2673 959 3029 1040 pertineat,
3076 959 3366 1043 cogitare
3411 974 3528 1025 aut
3570 959 3813 1044 eligere
3829 1011 3844 1037 ,
3890 959 3959 1024 id
4004 968 4119 1039 est,
4167 957 4637 1042 praedicationi

2674 1045 3045 1110 consentire
3122 1067 3312 1128 posse
3389 1049 3737 1113 confirmat
3752 1098 3767 1123 ,
3846 1045 4089 1128 absque
4153 1045 4637 1111 illuminatione

601 1137 779 1199 tione
836 1134 1129 1217 assignat
1173 1132 1378 1197 libero
1435 1131 1736 1211 arbitri0,
1803 1141 1880 1196 ut
1937 1131 2124 1208 velit,
2198 1140 2273 1195 ut
2332 1150 2568 1213 appre-
2620 1194 2623 1205 ,
2674 1131 2945 1212 spiritus
2988 1132 3229 1205 sancti,
3278 1133 3395 1214 qui
3438 1130 3553 1198 dat
3595 1133 3898 1197 omnibus
3942 1132 4013 1196 in
4057 1132 4527 1197 consentiendo
4570 1142 4638 1197 et

597 1219 880 1295 hendat,
940 1232 1014 1283 ut
1057 1226 1358 1294 conetur,
1415 1228 1488 1282 ut
1531 1216 1941 1300 obsequatur.
2033 1218 2179 1294 His,
2238 1216 2408 1298 quod
2450 1236 2568 1279 ne-
2620 1248 2623 1257 .

2673 1216 2999 1282 credendo
3014 1218 3430 1296 suavitatem,
3454 1218 3786 1285 haeretico
3799 1218 4056 1283 fallitur
4069 1219 4322 1300 spiritu.
4344 1220 4403 1301 2)
4428 1218 4602 1283 Item
4620 1241 4634 1283 :
4664 1288 4673 1296 ,

599 1326 781 1372 08888
825 1314 957 1383 est,
1018 1304 1383 1388 subiungit:
1431 1324 1661 1369 omnes
1707 1326 2028 1393 peraeque
2073 1302 2326 1386 gratiae
2373 1322 2566 1384 capa-
2618 1272 2623 1347 1
2674 1303 2867 1367 Τ8188
2926 1325 3046 1369 1108
3102 1303 3321 1388 diligit
3362 1306 3576 1384 Deus,
3635 1304 3861 1387 quales
3904 1304 4112 1369 futuri
4154 1325 4386 1369 sumus
4428 1305 4636 1387 ipsius

599 1414 708 1459 ces
754 1412 915 1469 esse,
957 1390 1128 1473 quod
1173 1391 1476 1455 omnibus
1519 1389 1973 1455 indifferenter
2013 1390 2344 1454 offeratur.
2407 1388 2567 1453 Pos-
2618 1362 2623 1421 ¹
2674 1386 2870 1466 dono,
2939 1410 3077 1453 non
3132 1389 3356 1472 quales
3413 1412 3642 1456 sumus
3712 1398 3937 1455 nostro
4005 1391 4261 1461 merito,
4283 1393 4340 1473 Β)
4428 1390 4633 1455 Item:

600 1490 708 1544 tea
756 1476 966 1542 multo
1019 1476 1234 1541 adhuc
1269 1476 1530 1560 longius
1577 1474 1899 1559 procedit:
1942 1475 2200 1540 nullam
2237 1475 2378 1540 fieri
2416 1494 2566 1558 gra-
2616 1442 2623 1585 Ι
2672 1474 2883 1540 Nemo
2942 1472 3023 1538 de
3090 1497 3210 1540 suo
3273 1476 3503 1555 habet,
3574 1478 3705 1541 nisi
3761 1476 4181 1542 mendacium
4238 1484 4355 1542 aut
4409 1497 4635 1559 pecca-

599 1565 730 1630 1188
787 1562 1126 1640 iniuriam,
1186 1563 1241 1628 si
1296 1574 1537 1627 natura
1598 1583 1719 1627 sua
1763 1562 2066 1627 dicantur
2109 1561 2442 1637 homines,
2501 1566 2568 1624 et
2673 1561 2911 1644 tumst)
2988 1562 3187 1628 Nunc
3228 1562 3398 1627 mihi
3442 1584 3649 1628 unum
3692 1564 3765 1627 in
3808 1570 3946 1627 tota
3988 1585 4110 1628 sua
4155 1562 4455 1629 doctrina
4500 1565 4637 1646 api·

596 1650 788 1715 lib’eri
844 1657 1167 1733 potestate
1224 1648 1483 1713 arbitrii
1552 1648 1769 1713 odisse
1822 1660 2166 1732 peccatum
2186 1699 2199 1723 ,
2273 1647 2567 1711 malitiae
2617 1646 2623 1735 Ι
2670 1646 2898 1711 01111118
2932 1646 3214 1732 Pighius
3262 1648 3594 1728 ostendat,
3651 1650 3763 1731 qui
3796 1670 3931 1713 nou
3976 1648 4122 1714 istis
4160 1648 4439 1713 decretis
4478 1669 4634 1715 con-

597 1737 1017 1813 renunciare,
1094 1734 1178 1799 ad
1236 1736 1457 1800 Deum
1512 1742 1900 1801 convertere
1956 1755 2026 1799 88
2082 1755 2302 1817 110888,
2372 1731 2567 1799 corde

600 1822 881 1888 contrito
925 1832 994 1886 et
1037 1820 1384 1886 humiliato
1427 1840 1695 1902 poscere
1739 1823 1998 1885 veniam
2012 1872 2028 1898 ,
2085 1841 2397 1903 quaerere
2440 1818 2566 1883 mi·

601 1907 1025 1975 sericordiam
1042 1958 1057 1984 ,
1116 1927 1382 1991 sperare
1440 1907 1743 1989 gratiam.
1833 1906 1978 1973 Imo
2023 1906 2145 1997 has
2190 1926 2333 1971 esse
2377 1925 2566 1988 prae-

602 1996 1002 2080 parationes,
1049 2014 1215 2075 quae
1261 1992 1392 2057 nisi
1425 1993 1839 2074 praecedant,
1886 2013 2230 2075 nunquam
2265 2013 2385 2058 nos
2422 1990 2567 2074 dig-

600 2089 800 2146 netur
874 2081 1059 2145 Deus
1127 2079 1413 2163 benigno
1488 2102 1605 2144 suo
1687 2088 1973 2162 aspectu.
2066 2080 2166 2144 Ac
2245 2076 2568 2143 eiusmodi

598 2166 868 2250 quidem
936 2164 1233 2230 doctrina
1307 2177 1513 2230 totam
1576 2165 1832 2249 Pelagii
1915 2166 2328 2247 impietatem
2404 2164 2567 2228 satis

513 2296 524 2311 .
600 2252 926 2317 confutari
984 2251 1350 2316 existimat:
1409 2260 1837 2334 nostramque
1889 2251 2240 2315 stultitiam
2293 2249 2566 2328 deridet,

598 2338 711 2422 qui
759 2338 915 2403 dum
972 2337 1358 2413 metuimus,
1419 2359 1504 2403 ne
1547 2337 1704 2421 quid
1746 2336 1899 2403 inde
1943 2338 2195 2422 gratiae
2235 2355 2566 2401 commen-

599 2424 850 2489 dationi
896 2423 1200 2503 decedat,
1246 2424 1494 2489 frustra
1537 2423 1619 2490 de
1664 2423 1874 2489 nihilo
1923 2432 2107 2488 tanta
2150 2421 2569 2488 contentione

599 2510 1076 2595 digladiamur.·

770 2596 960 2661 Haec
991 2587 1435 2681 ‚deliramenta
1470 2596 1819 2678 quominus
1865 2596 2204 2678 scripturis
2240 2615 2420 2660 nunc
2464 2615 2569 2658 re-

596 2683 848 2759 fellam,
918 2679 1173 2745 duabus
1227 2680 1550 2763 impedior
1603 2682 1849 2747 causis:
1909 2681 2064 2763 quia
2123 2691 2189 2746 et
2244 2681 2571 2746 immensa

598 2768 794 2853 sylva
837 2766 1003 2831 mihi
1044 2766 1157 2835 hic
1197 2766 1586 2849 pullularet,
1634 2776 1700 2832 et
1743 2770 1868 2833 erit
1911 2767 2252 2851 proprium
2297 2788 2372 2832 ac
2417 2787 2567 2850 pcr-

597 2864 874 2937 petuum
954 2852 1105 2917 libri
1187 2853 1477 2934 proximi
1551 2863 2034 2937 argumentum.
2124 2853 2315 2918 Adde
2394 2851 2569 2936 quod

600 2939 983 3023 scripturae,
1028 2939 1280 3021 quoties
1312 2941 1453 3005 eius
1487 2941 1707 3005 animo
1751 2960 1890 3006 non
1928 2940 2375 3017 adlubescunt,
2422 2960 2567 3005 sus-

601 3047 726 3110 que
773 3023 983 3118 deque
1027 3023 1227 3089 habet
1259 3024 1560 3111 Pighius.
1629 3026 1887 3092 Verum
1930 3025 2041 3092 ubi
2084 3034 2187 3093 est
2217 3024 2335 3092 illa
2376 3046 2566 3092 reve-

599 3113 845 3192 rentia,
891 3130 1090 3194 quam
1137 3125 1435 3178 veterum
1490 3123 1756 3196 patrum
1801 3112 2293 3180 definitionibus
2337 3134 2408 3178 se
2453 3113 2567 3178 de-

599 3200 772 3264 ferre
816 3196 1126 3264 simulat?
1208 3196 1288 3264 81
1330 3199 1476 3282 quis
1522 3208 1658 3264 tam
1701 3209 2149 3285 augmentum,
2197 3221 2398 3282 quam
2439 3200 2567 3265 ini-

600 3287 771 3349 tium
824 3282 1010 3361 fidei,
1080 3295 1146 3348 et
1199 3285 1420 3368 ipsum
1484 3285 1791 3352 credendi
1847 3287 2187 3365 affectum,
2254 3308 2387 3351 non
2445 3306 2567 3370 per

603 3370 858 3455 gratiae
914 3368 1191 3449 donum,
1249 3369 1317 3438 id
1377 3380 1508 3449 est,
1569 3394 1688 3455 per
1745 3372 2019 3455 spiritus
2078 3368 2292 3438 sancti
2335 3393 2565 3454 opera-

599 3457 867 3533 tionem,
915 3457 1356 3539 corrigentem
1398 3458 1810 3523 voluntatem
1864 3467 2161 3524 nostram
2205 3457 2286 3523 ab
2328 3456 2566 3524 infide·

598 3543 789 3606 litate
834 3539 918 3604 ad
962 3539 1188 3620 fidem,
1248 3543 1329 3607 ab
1373 3543 1714 3627 impietate
1757 3544 1842 3608 ad
1883 3545 2228 3628 pietatem,
2286 3544 2403 3609 sed
2446 3566 2566 3609 na—

602 3626 905 3692 turaliter
948 3627 1135 3692 nobis
1176 3628 1392 3694 inesse
1434 3629 1694 3706 doceat,
1740 3631 1797 3695 is
1842 3630 2262 3697 ecclesiastici
2306 3630 2566 3696 concilii

525 3759 534 3770 -
600 3713 861 3779 decreto
902 3712 1275 3779 haereticus
1315 3727 1414 3780 est
1456 3716 1945 3798 pronunciatus.
1973 3717 2023 3800 ¹)
2092 3714 2170 3780 81
2203 3714 2350 3798 (11118
2385 3717 2562 3794 item,

2670 1734 2885 1798 fossus
2939 1734 3028 1798 sit
3081 1741 3277 1817 atque
3331 1735 3701 1801 damnatus.
3794 1734 3989 1816 Quod
4044 1734 4104 1799 si
4145 1735 4405 1801 concilii
4448 1746 4637 1801 auto·

2673 1819 2937 1884 ritatem
2993 1821 3386 1900 contemnit,
3446 1821 3570 1885 hoc
3628 1821 3864 1886 saltem
3908 1842 4062 1886 eum
4114 1829 4405 1901 moveat,
4461 1820 4637 1905 quod

2671 1907 2785 1987 qui
2827 1906 3274 1972 interfuerunt
3317 1929 3393 1973 ac
3437 1907 3975 1989 subscripserunt
4017 1929 4053 1972 e
4100 1907 4328 1989 iscopi‚
4385 1928 4524 1971 non
4567 1927 4637 1972 se

2673 2000 2934 2058 autores
2989 1993 3269 2057 istorum
3311 1993 3632 2077 capitum,
3689 1992 3805 2058 sed
3858 2013 4060 2076 8111110
4107 2002 4322 2058 atores
4378 2001 4640 2058 tantum

2677 2098 2820 2144 esse
2876 2080 3298 2161 profitentur:
3367 2079 3681 2162 quoniam
3760 2077 3885 2143 sibi
3954 2102 3994 2145 a
4062 2079 4217 2143 sede
4285 2079 4639 2162 apostolica

2673 2165 2877 2229 missa
2928 2165 3193 2230 fuerint.
3282 2165 3471 2232 Haec
3521 2175 3623 2230 est
3664 2166 3783 2231 illa
3825 2165 4041 2244 sedes,
4099 2164 4277 2230 unde
4322 2164 4640 2248 quidquid

2670 2251 3036 2333 profectum
3078 2251 3305 2330 fuerit,
3367 2272 3503 2316 non
3550 2251 3744 2317 aliter
3788 2250 4243 2334 accipiendum
4288 2273 4430 2318 8888
4481 2272 4640 2318 0011-

2673 2334 2887 2401 tendit
2949 2336 3265 2421 Pighius,
3334 2360 3535 2421 quam
3602 2359 3688 2402 ex
3754 2338 4008 2421 tripode
4072 2336 4442 2403 oraculum:
4507 2339 4640 2403 imo

2674 2444 2875 2505 quam
2934 2423 3227 2489 divinam
3271 2446 3307 2489 e
3361 2424 3542 2490 coelo
3596 2423 4100 2504 revelationem,
4159 2424 4268 2491 cui
4309 2430 4378 2489 et
4418 2423 4639 2507 angeli

2619 2564 2623 2581 ,
2673 2518 2742 2573 et
2784 2509 3145 2593 prophetae
3185 2510 3417 2576 cedere
3461 2510 3761 2577 debeant.
3852 2509 4032 2591 Quid
4076 2531 4233 2593 ergo
4275 2530 4458 2574 nunc
4500 2509 4638 2576 dic-

2674 2606 2863 2661 turus
2907 2604 3025 2673 est,
3072 2596 3197 2662 hoc
3241 2617 3465 2663 sacrae
3506 2596 3687 2662 1111118
3731 2595 3906 2661 sedis
3952 2595 4368 2662 anathemate
4411 2597 4483 2661 in
4528 2618 4637 2663 ca·

2673 2692 2793 2764 put
2836 2703 3031 2747 suum
3076 2682 3531 2767 promulgato?

2846 2765 3042 2849 Quod
3084 2776 3306 2833 autem
3348 2768 3545 2833 toties
3590 2790 3740 2834 cum
3773 2769 4151 2852 Pelagianis
4194 2768 4365 2834 nihil
4401 2789 4473 2834 se
4518 2769 4637 2834 ha-

2672 2853 2827 2918 bere
2884 2875 3230 2920 commune
3282 2856 3515 2933 iactat,
3579 2856 3797 2921 nescio
3854 2876 4017 2938 quos
4044 2874 4053 2883 ·
4078 2853 4186 2921 hic
4242 2853 4637 2938 Pelagianos

2673 2941 3226 3007 comminiscetur.
3314 2941 3544 3024 Neque
3586 2941 3766 3006 enim
3810 2948 4071 3006 tantum
4119 2961 4272 3007 cum
4313 2941 4395 3007 iis
4413 2991 4429 3019 ,
4472 2961 4638 3024 quos

2673 3025 2983 3095 describit
3012 3028 3453 3112 Augustinus,
3499 3033 3647 3108 [pag.
3690 3032 3839 3109 183]
3876 3026 4088 3093 multa
4132 3026 4332 3092 habet
4374 3027 4636 3106 similia,

2672 3114 2788 3181 sed
2831 3134 3061 3180 80111111
3104 3113 3494 3197 quibusdam
3536 3113 3748 3180 multo
3793 3122 3897 3179 est
3939 3113 4239 3178 deterior.
4259 3114 4315 3195 ⁵)
4384 3113 4638 3180 Admo-

2671 3202 2853 3267 nitus
2894 3202 3113 3267 fuerat
3157 3223 3197 3267 a
3238 3202 3567 3284 Prospero
3602 3200 4041 3283 AugustinuS,
4088 3219 4232 3264 8888
4274 3200 4663 3267 8081181108·

2670 3288 2739 3353 18
2786 3287 3037 3367 Gallia,
3093 3288 3207 3371 qui
3260 3287 3343 3352 ab
3398 3308 3474 3352 80
3531 3284 4029 3351 dissentiebant:
4118 3285 4231 3369 qui
4287 3293 4514 3352 tamen
4557 3309 4635 3353 eo

2614 3405 2622 3466 4
2674 3395 2878 3456 usque
2920 3381 3382 3457 pervenerant,
3435 3372 3534 3437 vel
3579 3371 3725 3454 11180
3770 3378 3956 3449 teste,
4003 3378 4081 3436 ut
4120 3370 4637 3453 primi-hominis

2672 3467 2936 3542 peccato
2970 3460 3325 3524 obnoxium
3372 3459 3555 3523 nasci
3595 3457 3962 3522 humanum
4015 3479 4224 3541 genus
4268 3458 4631 3540 crederent,

2672 3567 2794 3610 1180
2848 3544 3002 3609 inde
3044 3565 3441 3627 quemquam
3461 3594 3475 3621 ,
3530 3543 3660 3607 nisi
3705 3541 3958 3609 Christi
3998 3545 4280 3623 iustitia,
4335 3544 4631 3612 liberari:

2671 3632 3144 3696 confiterentur
3185 3631 3384 3695 etiam
3427 3628 3559 3695 Dei
3612 3631 3828 3713 gratia
3868 3630 4243 3714 praeveniri
4287 3630 4635 3697 hominum

2670 3717 3065 3795 voluntates,
3111 3736 3234 3781 nec
3281 3715 3366 3780 ad
3409 3715 3622 3781 ullum
3665 3735 3829 3797 opus
3874 3718 4120 3782 bonum
4163 3716 4268 3783 vel
4311 3717 4634 3784 inchoan·
4736 3739 4745 3748 ·

601 3810 674 3864 ut
718 3822 759 3864 a
800 3807 1066 3882 peccato
1111 3821 1500 3884 purgemur,
1549 3800 1958 3866 voluntatem
2001 3813 2299 3866 nostram
2341 3799 2565 3865 Deum
2673 3802 2830 3867 dum
2900 3802 3007 3868 vel
3076 3802 3553 3885 perficiendum
3632 3800 3758 3867 sibi
3839 3822 4234 3885 quemquam
4305 3803 4629 3870 sufficere.

602 3893 983 3969 exspectare
1027 3886 1380 3966 contendit,
1427 3897 1561 3952 non
1604 3898 1856 3964 autem,
1917 3897 1994 3951 ut
2047 3887 2247 3951 etiam
2293 3888 2564 3971 purgari
2669 3889 2850 3952 Dum
2896 3887 3211 3954 adversus
3254 3910 3364 3953 eos
3401 3887 3734 3971 disputare
3776 3887 4083 3967 instituit,
4132 3886 4447 3955 discernit
4486 3890 4633 3973 qui·

597 3972 898 4048 velimus,
944 3992 1061 4053 per
1103 3973 1373 4055 spiritus
1416 3974 1624 4038 sancti
1661 3974 2105 4056 operationem
2149 3974 2294 4036 fieri
2328 3975 2400 4036 in
2445 3995 2565 4037 no-
2614 3933 2620 4068 1
2669 3973 2820 4039 dem
2865 3997 2905 4038 a
2944 3974 3243 4057 Pelagio,
3298 3974 3413 4040 sed
3465 3974 3582 4040 illa
3635 3985 3858 4039 tamen
3914 3974 4318 4040 confessione
4355 3975 4632 4042 minime

600 4057 700 4123 bis
745 4059 1113 4133 confitetur,
1158 4081 1276 4143 pro
1319 4060 1588 4142 spiritus
1627 4059 1837 4126 sancti
1870 4059 2244 4125 adversario
2289 4058 2564 4124 damna·
2613 4077 2620 4130 1
2669 4069 3016 4126 contentus
3061 4069 3189 4126 est:
3236 4085 3275 4125 a
3317 4083 3447 4143 qua
3469 4080 3825 4144 agnoscere
3862 4067 4239 4143 promptum
4266 4069 4385 4140 est,
4432 4084 4633 4145 quam

603 4155 713 4207 tus
750 4155 867 4208 est.
886 4145 944 4226 2)
1012 4143 1088 4208 81
1133 4147 1281 4227 (11118
1324 4147 1507 4224 item,
1555 4146 1694 4212 sine
1716 4145 1847 4211 Dei
1890 4147 2121 4230 gratia,
2173 4144 2561 4224 volentibuS,
2615 4145 2620 4232 1
2668 4146 2898 4229 procul
2951 4147 3165 4212 adhuc
3219 4147 3391 4212 absit
3432 4146 3730 4229 Pighius.
3819 4145 4230 4213 Fatebantur
4284 4147 4383 4212 illi
4437 4170 4633 4231 prae-

603 4228 1071 4308 laborantibus,
1115 4231 1564 4313 pulsantibus,
1609 4232 2008 4315 petentibus,
2058 4235 2206 4309 [pag.
2257 4237 2405 4310 182]
2452 4230 2563 4297 de·
2616 4255 2620 4316 ;
2670 4234 2884 4298 veniri
2951 4254 2988 4297 a
3043 4235 3187 4298 Deo
3260 4233 3603 4297 hominum
3668 4231 4073 4311 voluntates„
4146 4254 4281 4297 non
4350 4244 4629 4299 naturae

601 4314 1065 4394 siderantibus,
1113 4318 1239 4382 Dei
1283 4318 1801 4384 misericordiam
1844 4318 2138 4385 conferri·
2161 4316 2382 4393 tradit,
2429 4340 2565 4382 non
2615 4361 2619 4378 .
2671 4319 2843 4384 dono
2890 4319 3152 4402 (fuisset
3194 4319 3375 4383 enim
3409 4319 3479 4383 id
3524 4316 3926 4401 ridiculum),
3971 4319 4088 4385 sed
4130 4317 4459 4403 singulari
4498 4321 4631 4404 spi-

598 4409 823 4466 autem
846 4399 1180 4480 divinitus,
1201 4415 1292 4480 ,ut
1306 4404 1673 4482 credamus,
1698 4405 1994 4481 velimus,
2031 4415 2100 4469 et
2142 4404 2302 4468 haec
2326 4405 2563 4482 omnia,
2615 4395 2621 4446 ¹
2671 4406 2836 4470 ritus
2882 4406 3093 4472 sancti
3137 4406 3367 4489 gratia.
3437 4404 3570 4470 Hic
3615 4411 3854 4483 autem,
3896 4405 4230 4471 neminem
4253 4405 4385 4471 Dei
4428 4407 4629 4473 mise-

600 4489 771 4553 sicut
814 4495 1092 4570 oportet,
1139 4511 1335 4574 agere
1371 4491 1727 4568 valeamus,
1773 4513 1891 4574 per
1925 4490 2230 4572 spiritum
2274 4491 2343 4553 in
2376 4490 2565 4556 nobis
2616 4459 2620 4494 ²
2669 4490 2953 4557 ricordia
2966 4490 3264 4557 adiuvari
3278 4491 3533 4569 clamat,
3560 4490 3672 4573 qui
3694 4511 3848 4568 11011,
3867 4500 3935 4555 et
3952 4489 4331 4569 volend0,et
4354 4513 4631 4575 speran-

597 4575 744 4639 fieri
777 4574 1143 4652 confitetur,
1179 4575 1236 4641 is
1273 4576 1694 4641 anathemate
1730 4576 1971 4659 'dignus
2008 4584 2109 4641 est
2139 4575 2482 4642 iudicatus.
2507 4578 2564 4659 ³)

601 4659 787 4725 Haec
844 4671 1187 4741 praeterea
1241 4662 1497 4727 concilii
1556 4661 1818 4728 decreta
1862 4672 2049 4728 sunt:
2111 4659 2189 4727 81
2245 4663 2392 4745 quis
2450 4685 2565 4745 per

600 4743 789 4810 Adae
822 4748 1454 4828 praevaricationem
1490 4769 1622 4812 uon
1659 4757 1888 4826 totum,
1933 4747 2003 4812 id
2036 4759 2156 4828 est,
2203 4749 2566 4814 secundum

602 4831 895 4895 animam
940 4841 1006 4895 et
1048 4855 1284 4917 corpus
1327 4836 1399 4899 in
1443 4833 1729 4899 deterius
1774 4832 1932 4900 dicit
1973 4835 2310 4900 hominem
2352 4845 2567 4900 muta-

601 4932 776 4992 tum,
849 4916 965 4981 sed
1019 4913 1248 4986 illaesa
1301 4921 1558 4986 animae
1619 4920 1925 4988 libertate
1982 4943 2218 5006 corpus
2262 4929 2566 4986 -tantum-

2671 4578 2771 4655 dc,
2803 4585 2870 4642 et
2892 4576 3176 4661 petendo
3201 4587 3353 4642 ante
3379 4598 3448 4642 88
3470 4579 3979 4660 praeparaverit.
4011 4576 4142 4643 Ubi
4166 4599 4342 4644 nunc
4367 4586 4633 4643 tantum

2667 4663 2832 4729 illud
2876 4664 3052 4728 inter
3104 4683 3254 4727 eum
3309 4671 3379 4728 et
3419 4662 3813 4749 Pelagianos
3870 4661 4244 4742 dissidium,
4305 4685 4435 4746 quo
4488 4664 4631 4748 glo·-

2668 4749 2949 4815 riatur?.
3015 4747 3152 4815 Sed
3185 4749 3255 4813 in
3303 4771 3378 4813 eo
3423 4749 3695 4815 resistit.
3716 4749 4007 4834 Pelagio,
4054 4747 4228 4833 quod
4267 4750 4490 4815 Deum
4532 4751 4633 4815 fa·

2670 4837 2799 4902 ciat
2840 4836 3091 4900 homini
3124 4832 3499 4900 debitorem.
3561 4833 3698 4901 Sed
3741 4857 3868 4918 quo
3913 4835 4342 4920 argumento?
4401 4837 4633 4902 Etiam

2671 4923 2727 4987 si
2775 4920 3061 4999 nullius,
3130 4921 3377 5005 inquit,
3447 4921 3676 5003 culpae
3731 4943 3885 4987 reus
3950 4922 4144 4988 homo
4202 4922 4400 5002 foret,
4472 4921 4636 5006 quid

603 4989 794 5067 modo
850 5007 1257 5087 corruptioni
1311 5007 1678 5074 subiectum
1728 5008 1927 5073 fuisse
1997 5008 2234 5086 credit,
2306 5008 2565 5092 Pelagii
2616 4981 2621 5080 Ι
2673 5019 2897 5073 tamen
2957 5007 3253 5073 conferre
3323 5015 3444 5094 aut·
3501 5007 3814 5074 exhibere
3869 5009 4013 5073 Deo·
4081 5017 4323 5091 potest,
4394 5029 4633 5074 servus

601 5109 821 5154 errore
877 5088 1190 5174 deceptus
1248 5093 1440 5176 est.⁴)
1527 5093 1726 5158 Item:
1775 5093 1851 5159 81
1895 5095 2042 5178 quis
2086 5094 2419 5160 humanae
2462 5095 2562 5186 in-

602 5223 688 5228 >--
803 5222 1010 5229 -——.

689 5249 698 5258 ο
742 5296 799 5354 1)
837 5295 1059 5348 Concilii
1096 5295 1411 5350 Arausicani
1447 5297 1579 5367 Cap.
1613 5296 1663 5351 5.

1871 5297 1944 5366 2)”
1972 5299 2102 5369 Cap.
2139 5298 2189 5352 4.

740 5364 801 5427 3)
843 5365 975 5432 Cap.
1013 5362 1064 5416 6.
1268 5363 1329 5430 4)
1365 5366 1492 5448 (Jap.
1530 5366 1577 5419 1.

2672 5092 2992 5170 Domino,
3048 5103 3350 5160 creatura
3402 5095 3706 5173 creatori,
3765 5114 3895 5177 quo
3937 5094 4128 5159 illum
4170 5092 4295 5160 sibi
4340 5092 4633 5160 adstrin-

2728 5239 2827 5244 ...ψ
2924 5237 3067 5244 —————vr-

2810 5301 2870 5364 1)
2909 5303 2983 5356 Ca
3025 5342 3038 5355 .
3073 5301 3128 5357 3.
3266 5301 3326 5362 2)
3365 5301 3496 5369 Gap.
3533 5299 3583 5353 7.
3731 5298 3792 5366 3)
3829 5300 3975 5368 Gap„
3998 5298 4080 5353 12.
4265 5299 4327 5360 4)
4366 5299 4498 5369 Cap.
4540 5300 4633 5358 22.

2810 5369 2871 5437 5)
2924 5318 3049 5447 Lib.
3095 5370 3145 5425 5.
3193 5371 3687 5440 praedestinatione
3745 5377 4055 5438 sanctorum
4091 5369 4218 5437 Cap.
4256 5368 4308 5425 1.

4628 5827 4982 6133 11
