4999 6179
417 474 536 539 365
1900 466 2032 533 DE
2072 466 2431 534 LIBERO
2477 465 2952 532 ARBITRIO.
4318 472 4442 536 366

417 676 553 744 gat,
607 665 686 723 ut
727 660 798 723 in
853 659 1032 724 vitae
1077 665 1385 725 aeternae
1442 658 1922 724 haereditatem
1978 657 2372 742 adoptetur?

412 747 475 811 N
475 767 605 812 unc
661 765 818 810 vero
871 745 942 809 in
1005 754 1264 810 reatum
1332 747 1567 811 mortis
1625 752 1935 810 aeternae
2002 745 2372 827 prolapsus,

412 830 729 915 numquid
786 831 1013 910 habet,
1083 853 1211 915 quo
1268 852 1339 896 se
1409 829 1818 896 damnationi
1884 830 2177 895 eximat?
2246 851 2374 913 quo

414 918 771 984 satisfaciat
827 937 948 1000 pro
989 918 1242 982 offensa
1252 917 1285 980 Τ
1331 918 1605 1000 insuper
1649 925 1719 982 et
1761 915 2024 996 haeres,
2085 926 2154 982 et
2196 916 2372 983 filius

413 1003 608 1070 scribi
679 1002 953 1069 debeat?
1046 1002 1227 1085 Quid
1306 1003 1556 1069 viribus
1623 1004 1759 1068 suis
1823 1013 2160 1086 praestare
2228 1002 2375 1068 Deo

410 1098 652 1174 potest,
709 1091 816 1154 cui
861 1088 1054 1154 debet
1097 1089 1418 1172 quidquid
1462 1096 1594 1169 est,
1641 1096 1710 1154 et
1750 1087 2067 1173 quidquid
2110 1088 2370 1173 potest?

410 1177 574 1241 Tam
631 1175 854 1241 valida
893 1176 1326 1260 impressione
1380 1176 1542 1241 adeo
1586 1197 1719 1240 non
1764 1174 2024 1240 dubitat
2063 1176 2374 1259 profliga-

409 1272 554 1327 tum
621 1283 763 1328 esse
821 1262 1206 1346 Pelagium,
1276 1268 1354 1326 ut
1407 1270 1700 1339 nostrae,
1767 1281 1887 1343 pro
1942 1260 2192 1326 tuenda
2245 1263 2374 1327 Dei

409 1349 641 1435 gratia,
685 1347 1128 1428 sollicitudini,
1173 1356 1490 1431 tanquam
1534 1347 1850 1413 ridiculae
1867 1399 1882 1425 ,
1925 1348 2230 1413 ferociter
2270 1349 2374 1412 in·-

409 1434 626 1501 sultet.
721 1435 812 1499 At
868 1433 1126 1499 sublato
1169 1454 1303 1499 uno
1345 1433 1622 1499 verbulo
1637 1484 1653 1512 ,
1709 1433 1825 1498 ubi
1869 1432 2206 1501 hominem
2252 1433 2376 1499 sub

405 1530 600 1587 reatu
652 1521 887 1585 mortis
943 1520 1027 1585 ob
1071 1520 1328 1603 culpam
1384 1520 1758 1598 constituit,
1812 1539 1982 1603 nego
2025 1519 2374 1604 Pelagium

405 1606 545 1672 ullo
611 1606 807 1671 modo
876 1608 1130 1691 attingi.
1221 1605 1586 1683 Beneficia,
1654 1627 1824 1689 quae
1887 1606 1958 1670 in
2030 1606 2375 1671 hominum

405 1702 717 1759 naturam
776 1692 1053 1759 contulit
1103 1693 1292 1758 Deus
1310 1744 1326 1771 ,
1386 1691 1668 1775 Pighius
1723 1690 2082 1774 splendidis
2143 1692 2245 1757 elo
2296 1693 2375 1758 'is

403 1777 841 1845 commendat.
910 1779 1125 1844 Multo
1171 1777 1241 1843 id
1276 1785 1344 1843 et
1384 1778 1805 1856 luculentius,
1852 1787 1922 1842 et
1964 1714 2374 1862 splendidgj¹us

404 1872 557 1946 [pag.
601 1869 749 1944 184]
812 1865 1062 1931 factum
1133 1885 1174 1929 a
1236 1864 1508 1948 Pelagio
1575 1865 1994 1949 Augustinus
2065 1872 2369 1929 testatur.

403 1951 591 2033 Quin
637 1952 836 2015 etiam
883 1948 964 2016 de
1009 1952 1224 2035 gratia
1253 1950 1413 2033 quid
1454 1951 1747 2029 sentiret,
1789 1971 1995 2033 quum
2037 1950 2108 2014 in
2151 1951 2372 2033 palae-

402 2038 583 2103 stino
628 2036 920 2115 concilio,
966 2045 1111 2102 tum
1139 2037 1296 2102 alibi
1330 2057 1526 2120 saepe
1569 2039 2032 2120 interrogatus,
2078 2056 2215 2101 non
2260 2037 2373 2102 ab-

399 2123 612 2189 simili
668 2143 911 2207 genere
967 2123 1282 2189 orationis
1336 2144 1524 2188 suam
1580 2122 1991 2205 impietatem
2041 2121 2372 2207 pingebat.

400 2208 592 2290 Quid
647 2215 749 2274 est
791 2208 1016 2288 homo,
1075 2218 1190 2274 aut
1243 2208 1401 2291 quid
1456 2208 1686 2288 habet,
1741 2208 1916 2292 quod
1958 2230 2094 2274 non
2147 2230 2188 2273 a
2225 2209 2372 2274 Deo

399 2295 780 2379 acceperit?
873 2294 1178 2377 Quantae
1220 2296 1428 2379 igitur
1467 2304 1534 2361 et
1576 2294 1922 2379 superbiae
1965 2302 2033 2361 et
2074 2295 2372 2360 insaniae

397 2383 605 2461 foret,
665 2382 724 2446 si
778 2381 934 2465 quid
988 2382 1113 2447 sibi
1164 2382 1509 2465 proprium
1564 2389 1937 2466 arrogaret,
1994 2383 2183 2464 quasi
2237 2403 2373 2446 non

395 2468 527 2533 sibi
585 2468 717 2533 Dei
743 2468 793 2552 ¹)
853 2469 1069 2552 gratia
1119 2466 1472 2534 collatum?
1565 2468 1677 2533 En
1733 2468 1972 2551 quibus
2023 2467 2372 2552 Pelagium

395 2553 734 2621 machinis
766 2552 987 2619 diruat
1028 2560 1226 2636 atque
1260 2560 1517 2620 evertat
1546 2553 1845 2638 Pighius.
1914 2553 2170 2637 Nempe
2213 2553 2373 2619 dum

395 2642 546 2705 eius
597 2640 985 2706 confessioni
1042 2640 1429 2723 simpliciter
1469 2638 1841 2705 subscribit.
1933 2638 2070 2705 Sed
2115 2639 2372 2705 homini

394 2726 657 2804 adimit,
705 2747 790 2791 ne
825 2727 948 2792 sibi
985 2728 1205 2792 Deum
1250 2725 1541 2811 obligare
1573 2727 1814 2809 possit:
1851 2725 2024 2809 quod
2054 2726 2371 2810 Pelagius

393 2811 758 2877 asserebat.
846 2812 1106 2877 Iterum
1168 2812 1291 2878 hoc
1356 2812 1481 2878 sibi
1547 2819 1878 2896 spectrum
1936 2813 2058 2879 sub
2114 2813 2371 2898 Pelagii

390 2900 674 2962 nomine
729 2899 1066 2983 confingit.
1156 2896 1499 2982 Siquidem
1551 2919 1759 2982 quum
1810 2898 1923 2964 ille
1978 2919 2115 2965 non
2159 2899 2289 2965 nisi
2334 2918 2374 2964 a

388 2984 952 3067 promissionibus
984 2985 1362 3050 aestimaret
1403 2983 1747 3050 hominum
1791 2985 2046 3065 merita,
2093 2985 2255 3051 satis
2296 3005 2374 3051 eo

386 3069 756 3148 innuebat,
800 3089 936 3134 non
990 3070 1181 3136 aliter
1224 3070 1468 3136 sentire
1513 3093 1613 3151 se,
1658 3071 1981 3156 adstringi
2022 3070 2246 3138 Deum
2290 3071 2376 3138 ad

385 3154 813 3221 reddendam
856 3156 1203 3221 hominum
1246 3156 1554 3239 operibus
1595 3158 1995 3224 mercedem:
2042 3159 2176 3224 nisi
2219 3160 2376 3242 quia

385 3242 786 3309 voluntaria
824 3242 1173 3325 sponsione
1208 3263 1278 3307 se
1311 3245 1576 3308 fecisset
1603 3243 1780 3308 ultro
1813 3242 2191 3310 debitorem.
2238 3245 2376 3310 De-

385 3330 607 3412 nique
665 3327 838 3393 nihil
892 3329 966 3393 in
1023 3327 1401 3393 hominibus
1458 3328 1841 3407 collocabat,
1911 3338 2028 3395 aut
2082 3331 2372 3408 virtutis,

385 3422 513 3480 aut
570 3414 898 3492 iustitiae,
960 3412 1133 3497 quod
1178 3436 1310 3478 non
1359 3415 1487 3478 Dei
1661 3416 1794 3480 tiae
1838 3416 2229 3482 nominatim
2277 3416 2376 3481 di-

385 3502 734 3585 sertisque
777 3501 997 3566 verbis
1042 3498 1460 3566 adscriberet.
1542 3434 1691 3565 ῗζο
1736 3500 1927 3565 aliter
1969 3502 2214 3567 mereri
2258 3502 2375 3567 do-

383 3588 594 3655 cebat
653 3586 985 3665 homines,
1045 3586 1176 3651 nisi
1231 3587 1386 3669 quia
1429 3587 1615 3651 Deus
1663 3586 1933 3651 illorum
1985 3607 2184 3670 opera
2238 3608 2375 3652 non

381 3673 804 3740 necessitate
861 3672 1080 3755 aliqua
1096 3724 1113 3750 ,
1172 3694 1295 3737 nec
1348 3671 1482 3737 ullo
1538 3671 1958 3756 obligationis
2011 3673 2185 3750 iure,
2259 3673 2376 3738 sed

378 3780 511 3844 pro
541 3760 882 3825 immensa
907 3779 1028 3823 sua
1056 3758 1479 3843 benignitate,
1506 3779 1583 3823 eo
1602 3758 1816 3840 pretio
1851 3758 2162 3841 dignatus
2183 3765 2373 3824 essct.

379 3846 543 3913 Hoc
592 3866 807 3928 quum
860 3842 1137 3909 totidem
1197 3864 1400 3928 prope
1464 3843 1686 3908 verbis
1736 3844 2017 3910 succinit
2071 3844 2373 3929 Pighius,

379 3939 613 3998 totam
649 3930 905 4015 Pelagii
951 3931 1279 3996 haeresim
1302 3952 1343 3995 a
1381 3951 1451 3996 se
1494 3950 1795 3995 eversam
1823 3928 1949 3995 sibi
1982 3930 2373 4014 gratulatur.

573 4016 723 4084 Sed
765 4017 1024 4083 ratione
1067 4017 1316 4083 invicta
1358 4016 1673 4081 suffultus
1717 4023 1848 4091 est,
1895 4037 2014 4081 cur
2055 4038 2187 4081 non
2233 4039 2374 4082 cre-

381 4103 526 4181 dat,
579 4109 890 4187 paratam
936 4124 1078 4169 esse
1114 4102 1245 4167 Dei
1287 4102 1588 4187 gratiam,
1633 4102 1764 4167 nisi
1806 4102 1906 4181 iis,
1951 4103 2067 4184 qui
2100 4101 2184 4167 ad
2230 4122 2382 4170 eam

377 4189 860 4274 recipiendam
937 4209 1009 4253 se
1083 4188 1659 4272 praeparaverint:
1754 4187 2063 4271 quoniam
2143 4187 2378 4253 debeat

377 4285 585 4342 certa
634 4273 784 4340 Deo
828 4282 1130 4341 constare
1172 4276 1368 4353 ratio,
1415 4295 1535 4340 cur
1575 4275 1696 4339 uni
1740 4274 1987 4358 potius,
2036 4293 2237 4356 quam
2280 4275 2376 4340 al-

375 4364 518 4428 teri
585 4381 746 4427 eam
800 4360 1233 4444 impertiatur.
1323 4360 1472 4425 Hoc
1525 4361 1704 4425 enim
1758 4361 2125 4443 sapientem
2169 4359 2374 4428 decet.

373 4450 544 4534 Ego
607 4455 839 4512 autem
881 4468 1032 4513 cum
1076 4448 1452 4530 Augustino
1494 4444 1889 4530 respondeo,
1948 4444 2121 4512 absit
2162 4451 2240 4512 ut
2275 4448 2376 4512 iu-

376 4534 660 4602 dicium
704 4532 831 4597 hoc
873 4554 1075 4615 penes
1118 4533 1334 4597 lutum
1377 4533 1484 4614 sit,
1530 4540 1598 4598 et
1639 4553 1770 4598 non
1814 4531 2110 4616 figulum.
2200 4532 2377 4598 Gon·-

375 4631 526 4687 stat
597 4617 876 4704 quidem
926 4618 1073 4683 Deo
1131 4627 1313 4685 certa
1366 4618 1702 4702 solidaque
1766 4637 2042 4702 operum
2107 4639 2376 4683 suorum

373 4709 603 4773 ratio:
659 4702 778 4771 sed
819 4706 1033 4789 magis
1074 4724 1313 4770 arcana
1328 4755 1342 4782 ‚
1391 4704 1693 4770 sublimis
1711 4756 1726 4782 ,
1771 4703 2130 4784 recondita,
2175 4724 2376 4787 quam

371 4805 461 4859 ut
493 4813 674 4859 eam
706 4790 926 4874 capiat
943 4799 1080 4856 tam
1118 4797 1439 4875 angustus
1463 4791 1806 4874 tenuisque
1838 4791 2080 4856 mentis
2112 4797 2377 4855 nostrae

370 4878 738 4945 modulus.
817 4876 965 4943 Hoc
991 4898 1173 4943 nunc
1217 4876 1430 4942 solum
1457 4878 1992 4957 controvertitur,
2038 4875 2211 4961 quod
2256 4896 2375 4942 nos

371 4964 813 5050 sapientiam
854 4963 1003 5042 Dei,
1049 4984 1247 5048 quam
1289 4963 1361 5028 in
1403 4962 1531 5027 hoc
1573 4961 1828 5030 delectu
1861 4962 2376 5046 incomprehen-

371 5052 677 5118 sibilem
700 5050 922 5132 captui
954 5058 1181 5116 nostro
1201 5048 1454 5115 Paulus
1477 5069 1618 5115 esse
1640 5047 1830 5114 docet
1862 5050 2083 5133 (Rom.
2115 5055 2214 5127 11,
2243 5051 2375 5132 33),

370 5139 770 5206 adoramus
804 5157 954 5201 cum
987 5141 1136 5216 [pag.
1179 5140 1327 5214 185]
1372 5136 1609 5200 timore
1640 5142 1709 5200 et
1738 5142 2052 5215 tremore;
2094 5134 2377 5220 Pighius

538 5345 610 5410 1)
671 5341 866 5396 Vocem
898 5340 1004 5395 Dei
1037 5341 1158 5395 sola
1283 5343 1456 5410 ’acopo
1490 5340 1665 5396 addit.
1739 5339 1909 5397 Abest
1940 5344 2151 5412 quoque
2186 5357 2224 5396 a
2258 5357 2374 5396 ver-

369 5419 550 5472 sione
585 5409 828 5483 gallica.
899 5410 1052 5463 Besa
1083 5425 1194 5465 scra
1243 5411 1254 5424 ⁹
1285 5433 1299 5462 .-
1338 5410 1675 5467 collocatum.

2480 677 2618 720 non
2672 656 2821 738 plus
2878 676 3106 739 sapere
3162 655 3311 721 Deo
3369 659 3725 741 permittit,
3796 679 3992 742 quam
4046 659 4189 742 ipse
4243 660 4446 726 stulto

2480 762 2602 807 suo
2636 742 2902 808 cerebro
2935 741 3405 826 apprehendat.
3451 743 3630 811 Hinc
3661 744 3778 810 illa
3805 745 4225 812 exsecrabilis
4270 746 4445 811 blas-

2479 827 2776 912 phemia:
2839 830 2893 894 si
2937 830 3124 894 Deus
3181 848 3267 892 ex
3321 827 3576 895 duobus
3634 831 3828 896 malis
3873 838 3940 895 et
3981 832 4123 916 pari
4174 831 4446 897 damna-

2480 915 2643 980 tioni
2691 915 3016 993 obnoxiis,
3074 922 3144 979 et
3186 912 3404 981 adhuc
3442 918 3514 979 in
3558 916 3735 981 malo
3780 919 4255 983 contumaciter
4296 939 4449 1001 per-

2480 999 2840 1079 stantibus,
2910 1002 2981 1066 in
3039 1001 3322 1066 alterum
3393 999 3905 1082 animadvertat,
3976 1003 4256 1068 alterum
4310 1026 4444 1070 non

2479 1085 2676 1151 modo
2720 1088 2942 1165 venia,
3003 1086 3117 1153 sed
3174 1109 3292 1153 suo
3346 1108 3473 1170 quo
3516 1109 3601 1153 ue
3655 1109 3878 1154 amore
3921 1088 4261 1174 dignetur,
4314 1112 4450 1156 non

2479 1172 3003 1239 misericordiam
3056 1174 3196 1239 fore
3240 1174 3433 1239 laude
3475 1110 3780 1258 dignam,
3838 1176 3954 1241 sed
4000 1175 4306 1255 stultam,
4354 1178 4443 1241 ir·-

2479 1259 2969 1339 rationabilem,
3016 1268 3084 1325 et
3126 1261 3341 1325 insani
3387 1259 3638 1325 domini
3682 1261 4185 1345 indulgentiam,
4233 1261 4450 1346 digni·

2480 1366 2607 1428 que
2651 1366 2952 1427 prorsus,
3009 1348 3123 1429 qui
3166 1367 3393 1412 servos
3448 1347 3798 1413 universos
3842 1347 4051 1414 malos
4096 1368 4171 1413 ac
4216 1359 4448 1413 contu-

2479 1452 2699 1497 maces
2754 1430 3012 1498 habeat.
3104 1433 3249 1517 Ego
3292 1433 3439 1497 Deo
3496 1454 3654 1497 suae
3717 1442 3862 1498 tum
3915 1433 4241 1511 iustitiae,
4300 1444 4450 1499 tum

2478 1518 2841 1599 sapientiae
2886 1516 3332 1585 defensionem
3379 1518 3781 1601 relinquam:
3839 1528 4101 1584 tantum
4147 1520 4447 1600 efficiam,

2479 1611 2555 1668 ut
2615 1623 2883 1668 causam
2946 1605 3086 1689 ipse
3148 1605 3491 1688 suscipiat,
3573 1626 3820 1688 suoque
3899 1626 4011 1670 ore
4084 1627 4273 1670 reum
4340 1606 4447 1674 hic

2479 1689 2624 1754 fieri
2703 1711 2774 1756 se
2834 1693 3239 1773 profiteatur.
3351 1690 3713 1756 Pollicetur
3777 1712 3897 1775 per
3960 1691 4243 1757 Iesaiam
4311 1694 4445 1773 (65,

2485 1775 2584 1858 l),
2664 1776 2801 1840 fore
2876 1784 2956 1841 ut
3028 1777 3109 1843 ab
3183 1778 3297 1856 iis,
3377 1778 3491 1860 qui
3570 1798 3725 1841 eum
3804 1798 3941 1842 non
4017 1778 4438 1862 quaesierint,

2479 1862 2877 1944 reperiatur:
2934 1871 3010 1927 ut
3066 1869 3379 1947 appareat
3428 1883 3505 1929 ac
3561 1884 3632 1928 se
3684 1864 4067 1929 manifestet
4128 1865 4210 1930 iis
4226 1916 4241 1944 ,
4304 1866 4447 1948 qui·

2479 1948 2602 2013 bus
2667 1967 2824 2012 eum
2888 1969 3281 2034 cognoscere
3339 1949 3507 2013 nihil
3560 1970 3757 2015 curae
3817 1956 3976 2014 erat.
4066 1952 4177 2015 An
4234 1951 4450 2015 omni-

2477 2032 2601 2099 bus
2662 2036 2997 2118 praestitit
3066 2036 3190 2101 hoc
3258 2035 3694 2101 beneficium?
3785 2034 4060 2101 Constat
4117 2036 4446 2120 aliquibus

2478 2117 2822 2185 duntaxat.
2894 2119 3090 2202 Quod
3127 2123 3182 2187 si
3228 2121 3464 2186 melius
3497 2119 3715 2187 adhuc
3756 2124 3923 2188 scire
3960 2123 4203 2205 cupias,
4251 2144 4450 2206 quam

2476 2226 2613 2271 non
2635 2214 2975 2291 exspectet
3012 2208 3172 2273 dum
3213 2207 3339 2273 sibi
3370 2207 3672 2271 homines
3715 2206 4050 2287 accedant,
4095 2208 4211 2273 sed
4257 2230 4449 2275 aver-

2477 2312 2586 2358 sos
2630 2299 2699 2357 et
2732 2291 3050 2360 alienatos
3095 2293 3180 2359 ad
3223 2315 3294 2359 se
3328 2292 3566 2371 trahat,
3614 2314 3723 2359 eos
3766 2294 4046 2370 intuere,
4092 2295 4164 2359 in
4208 2296 4447 2379 quibus

2478 2379 2803 2462 completa
2847 2379 2974 2444 fuit
3017 2380 3180 2446 haec
3221 2378 3594 2463 prophetia,
3642 2388 3709 2443 et
3753 2379 4102 2463 diligenter
4145 2380 4447 2465 expende

2477 2465 2704 2615 gualos
2719 2518 2736 2545 ,
2797 2474 3149 2549 antequam
3194 2473 3770 2544 converterentur,
3815 2466 4088 2533 fuerint:
4134 2467 4231 2531 ita
4273 2465 4445 2531 nihil

2523 2573 2559 2616 e
2604 2551 2730 2618 hac
2771 2572 2846 2616 re
2879 2553 3161 2636 amplius
3206 2551 3582 2618 haesitabis.
3652 2549 4011 2618 Sumamus
4054 2548 4229 2637 e'rg0,
4273 2553 4447 2635 quod

2477 2635 2560 2703 de
2595 2637 2907 2721 Ephesiis
2950 2638 3158 2704 tradit
3197 2637 3452 2704 Paulus
3493 2638 3768 2721 (Ephes.
3809 2643 3867 2717 2,
3927 2640 4007 2724 1),
4053 2659 4244 2704 suam
4288 2659 4449 2724 erga

2475 2742 2588 2789 eos
2634 2718 3153 2791 misericordiam
3197 2727 3418 2791 Deum
3460 2723 3850 2806 explicuisse
3867 2776 3882 2804 ,
3930 2746 4066 2793 non
4107 2746 4315 2808 quum
4361 2725 4447 2790 ad

2433 2830 2626 2875 ,eam
2684 2810 3129 2896 recipiendam
3196 2811 3418 2878 sinum
3539 2808 3993 2891 rotenderent,
4061 2809 4179 2877 sed
4243 2833 4450 2895 quum

2475 2898 2720 2961 mortui
2753 2899 3037 2980 peccatis
3081 2920 3157 2963 ac
3196 2897 3451 2963 delictis
3551 2905 3788 2962 atanae
3819 2898 4204 2979 militarent,
4243 2919 4450 2981 quum

2478 2981 2763 3049 demersi
2818 2985 2889 3048 in
2943 2985 3170 3068 pravis
3228 2984 3773 3067 concupiscentiis
3826 2984 4009 3049 carni
4061 2990 4325 3049 tantum
4381 2991 4450 3048 et

2476 3068 2726 3134 mundo
2815 3068 3364 3155 obsequerentur,
3449 3092 3657 3153 quum
3722 3076 3964 3135 natura
4041 3078 4263 3136 essent
4326 3069 4448 3136 filii

2475 3157 2645 3234 irae,
2707 3157 2879 3222 siout
2934 3166 3001 3221 et
3055 3158 3297 3223 caeteri
3314 3210 3329 3237 ,
3398 3178 3604 3240 quum
3658 3156 3800 3221 sine
3857 3155 4127 3222 Christo
4181 3168 4250 3222 et
4303 3158 4448 3223 sine

2478 3243 2626 3307 Deo
2681 3243 3002 3307 viverent.
3091 3242 3403 3308 Nondum
3476 3261 3709 3328 urgeo,
3779 3241 3953 3324 quod
4020 3250 4245 3309 tamen
4294 3242 4440 3308 iure

2478 3347 2628 3392 meo
2694 3327 2951 3409 liceret,
3024 3337 3345 3412 quantum
3402 3350 3444 3392 a
3498 3329 3996 3412 praeparatione
4066 3328 4236 3395 absit
4292 3329 4447 3394 talis

2479 3421 2707 3479 status.
2799 3413 3038 3480 Solum
3081 3436 3165 3479 ex
3207 3415 3448 3499 Pighio
3493 3414 3697 3479 velim
3746 3413 4012 3494 discere,
4058 3438 4178 3481 cur
4220 3415 4448 3498 Ephe-

2478 3501 2609 3566 sios
2652 3501 2871 3583 potius
2884 3553 2900 3581 ,
2956 3522 3156 3584 quam
3212 3501 3371 3566 alios
3424 3499 3775 3585 quoslibet,
3832 3501 4176 3584 amplexus
4229 3503 4447 3566 fuerit.

2481 3584 2559 3651 Si
2602 3587 2769 3650 mihi
2825 3586 3143 3667 dolorem,
3199 3589 3404 3654 bonas
3458 3586 3915 3670 cogitationes,
3973 3587 4083 3670 pia
4127 3587 4451 3653 desideria

2479 3671 2770 3750 obiiciat,
2838 3673 3011 3738 nihil
3080 3675 3212 3740 tale
3268 3672 3632 3739 admittunt
3682 3671 3881 3737 Pauli
3950 3673 4173 3738 verba.
4265 3671 4450 3754 Quin

2480 3758 2682 3821 etiam
2726 3779 2811 3822 ne
2862 3761 2969 3825 cui
3020 3760 3090 3825 in
3147 3767 3440 3825 mentem
3496 3759 3803 3825 venirent
3847 3759 4166 3824 eiusmodi
4211 3781 4445 3844 nugae,

2480 3843 2876 3908 nominatim
2935 3845 3081 3910 aliis
3139 3847 3340 3913 fuisse
3440 3845 3662 3911 enitus
3718 3844 3967 3910 similes
4010 3845 4351 3930 exprimit,
4409 3867 4451 3910 a

2482 3927 2720 4011 quibus
2763 3937 2986 3996 tamen
3032 3933 3323 4015 gratuito
3439 3933 3499 3996 ei
3542 3930 3769 3996 favore
3829 3930 4097 3995 discreti
4141 3951 4216 3996 ac
4259 3952 4448 4014 sepa-

2482 4014 2614 4079 rati
2674 4020 2819 4094 [pag.
2866 4023 3011 4095 186]
3057 4018 3325 4083 fuerint.
3412 4017 3671 4082 Natura
3714 4019 3913 4082 eratis
3955 4016 4076 4082 filii
4120 4017 4290 4096 irae,
4345 4018 4448 4082 in-

2483 4103 2653 4184 quit,
2714 4102 2885 4168 sicut
2936 4110 3003 4167 et
3056 4104 3293 4187 reliqui
3337 4103 3616 4186 (Ephes.
3654 4107 3713 4181 2,
3754 4102 3842 4186 3).
3932 4100 4137 4184 Quasi
4182 4102 4449 4183 diceret,

2482 4206 2686 4269 quum
2740 4195 2917 4253 esset
2969 4190 3267 4254 omnium
3322 4190 3684 4254 communis
3742 4209 3941 4255 causa
4000 4196 4069 4254 et
4123 4209 4243 4272 par
4296 4211 4451 4256 con·

2482 4272 2670 4350 ditio,
2733 4293 2869 4339 non
2926 4275 2997 4339 in
3049 4275 3238 4341 vobis
3281 4275 3541 4340 invenit
3584 4293 3849 4341 causam
3893 4275 4111 4355 Deus,
4170 4296 4289 4341 cur
4329 4297 4450 4342 vos

2483 4359 2566 4424 ab
2592 4357 2738 4425 aliis
2776 4357 3194 4440 discerneret,
3220 4359 3335 4426 sed
3373 4381 3457 4425 ex
3500 4359 3949 4427 misericordia
3984 4381 4105 4426 sua
4147 4363 4446 4445 sumpsit.

2481 4444 2705 4524 Nunc,
2763 4467 2881 4512 cur
2924 4447 3019 4512 ita
3061 4448 3260 4514 faciat
3301 4448 3359 4512 si
3401 4453 3691 4530 rogetur,
3735 4445 4122 4531 iampridem
4166 4446 4281 4511 illo
4328 4467 4450 4511 no-

2479 4529 2594 4596 bili
2651 4552 2966 4616 responso
3010 4533 3181 4599 hanc
3282 4533 3692 4598 uaesfionem
3738 4534 4270 4617 praeoccupavit:
4317 4533 4450 4597 Mi-

2482 4616 2747 4682 serebor
2778 4619 2964 4684 cuius
3000 4620 3243 4684 misere
3328 4641 3364 4684 r
3400 4617 3645 4702 (Exod.
3688 4623 3788 4698 33,
3833 4624 3940 4699 193
3981 4619 4173 4683 Rom.
4215 4623 4272 4697 9,
4318 4623 4447 4702 15).

2482 4700 2634 4783 Quo
2690 4704 2937 4770 scilicet
2990 4704 3192 4784 hanc,
3259 4704 3341 4769 de
3394 4727 3524 4790 qua
3590 4704 3949 4789 loquimur,
4003 4705 4073 4768 in
4128 4703 4449 4788 eligendis

2479 4787 2856 4856 hominibus
2910 4790 3391 4857 misericordiae
3447 4813 3607 4858 suae
3663 4791 4126 4856 discretionem
4144 4841 4159 4868 ,
4221 4798 4295 4855 ut
4348 4799 4450 4857 est

2481 4895 2681 4940 sensu
2723 4884 2949 4941 nostro
2987 4877 3183 4961 longe
3229 4878 3438 4956 altior,
3483 4879 3589 4943 ita·
3621 4876 3957 4960 superiore
4012 4876 4153 4940 loco
4198 4879 4446 4943 statuit.

2654 4960 2946 5028 Adducit
3002 4970 3228 5028 tamen
3280 4964 3685 5042 testimonia,
3741 4960 3979 5045 quibus
4023 4963 4302 5028 innuere
4345 4964 4448 5029 vi-

2484 5046 2679 5112 detur
2719 5049 3053 5114 Dominus
3068 5100 3086 5129 ,
3147 5068 3284 5114 non
3327 5050 3474 5115 aliis
3530 5056 3831 5134 paratam
3874 5048 4013 5114 fore
4059 5071 4251 5115 suam
4293 5071 4447 5134 gra-

2484 5134 2646 5200 tiam
2660 5185 2676 5212 ,
2745 5135 2877 5200 nisi
2931 5135 3048 5219 qui
3104 5157 3175 5202 se
3228 5142 3384 5201 ante
3437 5136 3994 5219 praeparaverint.
4083 5133 4193 5201 Ad
4247 5155 4446 5218 quem

2481 5220 2715 5303 inquit,
2761 5222 3126 5304 respiciam,
3172 5222 3303 5288 nisi
3346 5220 3431 5287 ad
3464 5220 3939 5306 pauperculum
3982 5227 4050 5288 et
4091 5222 4446 5288 contritum

2484 5306 2742 5389 spiritu,
2776 5313 3299 5392 trementemque
3331 5305 3417 5373 ad
3449 5327 3785 5374 sermones
3815 5330 3998 5374 meos
4019 5308 4176 5393 (Ies.
4201 5311 4304 5388 66,
4329 5305 4443 5390 2)?

2484 5391 2663 5458 Sane
2693 5392 2981 5460 humiles
3012 5395 3201 5461 Deus
3244 5394 3542 5478 respicit:
3585 5395 3754 5462 sicut
3784 5394 3885 5461 illi
3928 5401 4271 5478 acceptum
4303 5414 4445 5462 cor·
