4999 6179
511 3743 517 3750 ”
643 3733 860 3799 fuerit.

650 467 777 531 263

651 650 1022 719 substantia
1054 650 1400 716 formatas:
1439 647 1555 714 sed
1589 645 1876 715 incidere
1910 646 1981 711 in
2023 644 2393 729 malignum
2424 644 2610 727 prin-

651 741 880 822 cipem,
926 736 1162 802 mundi
1203 736 1678 813 fabricatorem,
1723 741 1791 798 et
1832 732 1913 798 ab
1960 733 2084 799 hoo
2118 732 2416 815 principe
2456 751 2610 797 con-

651 823 918 890 trahere
972 823 1459 906 contagionem,
1517 826 1586 887 et
1636 819 1710 884 in
1769 817 2032 885 diversa
2087 837 2359 901 corpora
2412 816 2610 883 semi-

650 911 816 977 nari.
905 908 988 974 In
1048 909 1172 974 hoc
1225 914 1448 974 tamen
1510 905 1911 973 conveniunt
1975 925 2202 970 omnes
2268 923 2404 968 una
2459 922 2611 968 cum

652 997 973 1062 Montano
1017 1002 1084 1060 ct
1126 993 1398 1077 reliquis
1453 989 1805 1071 similibus,
1863 989 2034 1073 quod
2088 989 2426 1055 hominem
2467 1010 2609 1053 ma-

649 1081 792 1148 lum
828 1101 988 1159 esse,
1035 1101 1168 1146 non
1201 1079 1392 1163 lapsu
1430 1086 1497 1144 et
1530 1078 1798 1161 propria
1837 1076 2048 1159 culpa,
2094 1074 2210 1141 sed
2248 1076 2395 1157 ipsa
2427 1094 2610 1140 crea-

651 1167 849 1247 tione,
895 1167 1336 1250 pronunciant
1350 1188 1366 1244 ;
1415 1185 1535 1229 nec
1576 1163 1816 1229 vitium
1859 1161 2173 1229 accidisse
2216 1159 2450 1228 dicunt
2490 1180 2609 1224 na-

653 1260 843 1319 turae
897 1260 1190 1330 nostrae,
1247 1249 1364 1316 sed
1415 1249 1823 1315 substantiae
1873 1247 2251 1314 inhaerere:
2319 1243 2610 1329 adeoque

653 1337 1089 1405 substantiam
1152 1337 1364 1420 ipsam
1428 1335 1673 1401 malam
1738 1354 1881 1400 esse
1948 1355 2024 1399 ae
2081 1333 2405 1400 vitiosam.
2506 1331 2610 1396 Ne

651 1444 809 1507 ergo
860 1423 1082 1487 Deum
1135 1423 1381 1489 bonum
1436 1428 1757 1506 cogantur
1806 1418 2020 1486 facere
2074 1418 2234 1484 mali
2290 1425 2607 1498 autorem,

651 1509 735 1574 ad
791 1508 1124 1574 diabolum
1179 1508 1548 1591 principem
1593 1507 2014 1572 tenebrarum
2068 1503 2360 1571 hominis
2424 1523 2609 1570 crea-

650 1595 897 1661 tionem
940 1595 1253 1659 referunt.
2510 1616 2515 1625 ·

820 1679 1066 1746 Nostra
1116 1701 1252 1745 non
1303 1677 1588 1761 aliunde,
1621 1676 1906 1743 referam
1962 1697 2159 1759 quam
2214 1698 2297 1743 ex
2351 1694 2465 1739 ore
2506 1675 2608 1758 ip·

649 1764 787 1832 sius
832 1766 1213 1831 adversarii.
1304 1762 1701 1847 Quanquam
1745 1763 1923 1828 enim
1967 1762 2137 1827 nihil
2181 1783 2316 1828 non
2359 1760 2610 1825 calum-

649 1850 894 1917 niando
935 1852 1273 1934 pervertit,
1321 1850 1656 1915 continere
1701 1856 1925 1914 tamen
1969 1869 2041 1914 se
2085 1868 2217 1913 non
2261 1846 2489 1930 potuit,
2535 1847 2607 1910 in

648 1943 789 2002 tam
832 1937 1008 2002 clara
1048 1936 1225 2015 luce,
1281 1937 1441 2020 quin
1485 1935 1933 2001 testimonium
1972 1934 2096 2000 hoc
2140 1934 2329 1999 nobis
2372 1930 2609 1996 redde-

648 2031 767 2088 ret.
793 2022 846 2106 ¹)
934 2022 1188 2105 Nempe
1233 2041 1353 2086 nos
1408 2020 1622 2088 dicere
1677 2020 2016 2085 hominem
2060 2018 2412 2103 dupliciter
2454 2039 2609 2084 con-

649 2106 1104 2175 siderandum:
1152 2108 1438 2190 primum
1482 2107 1552 2170 in
1598 2126 1675 2172 ea
1715 2106 2117 2189 integritate,
2163 2106 2232 2170 in
2278 2125 2409 2189 qua
2450 2124 2608 2169 con-

650 2191 828 2260 ditus
869 2193 1025 2272 fuit,
1084 2192 1319 2258 deinde
1371 2192 1443 2257 in
1488 2212 1568 2257 ea
1609 2191 1911 2271 miseria,
1967 2191 2037 2255 in
2093 2210 2291 2274 quam
2343 2189 2609 2273 proprio

647 2279 809 2347 vitio
855 2279 1160 2362 delapsus
1204 2286 1321 2345 est.
1390 2277 1499 2344 Ad
1541 2278 1903 2361 imaginem
1948 2277 2189 2360 quippe
2229 2274 2363 2340 Dei
2404 2276 2610 2340 fuisse

647 2370 942 2431 creatum
984 2363 1231 2443 Adam,
1293 2364 1553 2429 eximiis
1599 2360 1857 2427 dotibus
1901 2368 2206 2426 ornatum
2224 2412 2239 2440 ,
2294 2360 2606 2437 iustitiae,

647 2449 978 2529 veritatis,
1036 2449 1423 2534 sapientiae:
1485 2446 1681 2530 idque
1739 2446 1865 2512 hac
1917 2444 2095 2530 lege,
2154 2453 2231 2512 ut
2286 2467 2422 2512 non
2464 2446 2608 2529 ipse

646 2542 905 2601 tantum
924 2586 941 2615 ,
998 2534 1115 2601 sed
1157 2555 1383 2600 omnes
1424 2533 1566 2599 eius
1620 2531 1741 2596 filii
1795 2531 1890 2597 sic
1931 2532 2177 2598 victuri
2236 2537 2458 2598 essent
2473 2582 2490 2611 ,
2551 2532 2606 2597 si

644 2622 715 2687 in
760 2642 838 2687 ea
879 2621 1281 2704 integritate,
1329 2640 1530 2769 {illam
1572 2623 1929 2699 acceperat,
1974 2616 2389 2700 perstitisset.
2470 2615 2608 2681 Ve-

646 2728 798 2772 rum
843 2727 976 2771 non
1018 2705 1279 2770 stetisse
1384 2703 1479 2783 ’u;
1535 2723 1660 2768 sua
1712 2703 1922 2786 igitur
1964 2701 2446 2787 ingratitudine
2490 2699 2607 2767 do·

647 2792 753 2858 nis
819 2791 953 2856 illis
1007 2791 1211 2856 fuisse
1277 2796 1584 2855 exutum:
1652 2787 1972 2856 excidisse
2027 2787 2302 2871 proinde
2352 2789 2433 2854 ab
2489 2787 2611 2853 illa

646 2877 778 2943 Dei
803 2875 1256 2954 similitudine,
1285 2882 1352 2941 et
1376 2874 1669 2941 induisse
1691 2895 1936 2939 novam
1962 2874 2336 2959 imaginem.
2402 2873 2606 2959 Igno·

647 2962 901 3028 rantiae
953 2961 1160 3041 enim,
1218 2967 1286 3027 et
1345 2960 1801 3043 impotentiae,
1871 2959 2231 3025 iniustitiae
2291 2966 2360 3024 et
2414 2960 2606 3025 vani-

648 3049 773 3115 tati
815 3047 1019 3114 fuisse
1062 3045 1430 3113 subiectum
1444 3068 1461 3127 ;
1506 3053 1702 3131 atque
1736 3047 1807 3111 in
1851 3046 1972 3113 has
2015 3045 2314 3112 miserias
2350 3044 2608 3111 demer-

646 3155 793 3201 sum
810 3187 826 3215 ,
892 3155 1081 3200 suam
1139 3154 1394 3217 quoque
1455 3134 1837 3217 progeniem
1890 3132 2124 3197 iisdem
2181 3132 2602 3215 implicuisse.

644 3220 790 3285 Iam
836 3241 921 3285 ex
963 3218 1189 3303 Pighii
1229 3218 1631 3286 confessione
1675 3218 1907 3297 habeo,
1953 3239 2075 3284 nos
2117 3239 2254 3284 non
2303 3227 2604 3298 naturae,

644 3326 780 3371 non
821 3305 1074 3389 primae
1128 3304 1416 3370 hominis
1477 3304 1720 3388 origini
1776 3305 2101 3383 tribuere,
2158 3304 2336 3388 quod
2388 3303 2607 3368 malus

645 3391 749 3469 sit,
797 3397 945 3470 [pag.
984 3394 1091 3469 43]
1127 3390 1244 3456 sed
1279 3391 1420 3457 eius
1455 3389 1687 3472 culpae
1722 3388 2062 3470 duntaxat,
2106 3409 2236 3474 qua
2269 3390 2605 3455 miseriam

644 3476 818 3541 hanc
870 3474 997 3541 sibi
1052 3477 1410 3542 accersivit.
1499 3476 1730 3559 Neque
1782 3476 1960 3541 enim
2010 3496 2360 3559 negamus,
2414 3474 2607 3540 liberi

646 3561 904 3629 arbitrii
948 3561 1285 3628 conditum
1320 3563 1521 3644 fuisse
1566 3562 1922 3640 hominem,
1968 3562 2081 3644 qui
2117 3569 2185 3625 et
2218 3583 2383 3627 sana
2415 3582 2606 3627 men-

645 3649 732 3713 tis
774 3646 989 3712 intelli
1037 3648 1247 3727 entia,
1303 3655 1371 3713 et
1411 3645 1808 3713 rectitudine
1850 3645 2214 3712 voluntatis
2270 3645 2607 3730 praeditus

1017 3754 1145 3800 unc
1199 3732 1466 3816 quidem
1519 3733 1858 3814 captivum
1907 3732 2119 3796 teneri
2173 3732 2295 3797 sub
2353 3732 2607 3816 peccati

645 3818 966 3885 servitute
1022 3818 1371 3884 arbitrium
1423 3824 1722 3883 nostrum
1778 3818 2149 3883 asserimus.
2242 3815 2379 3883 Sed
2431 3817 2607 3883 unde

646 3903 761 3970 id?
806 3905 935 3970 nisi
971 3904 1125 3988 quia
1164 3903 1369 3970 libero
1403 3904 1672 3970 arbitrio
1706 3902 1951 3968 abusus
1985 3910 2085 3968 est
2120 3901 2356 3983 Adam,
2402 3924 2608 3987 quum

647 3989 965 4056 haberet?
1056 3988 1189 4056 Sed
1250 3987 1407 4073 quid
1466 3989 1574 4056 hic
1627 3988 1831 4057 verba
1882 3987 2128 4071 perdo?
2195 4010 2398 4073 quum
2501 3990 2607 4054 lus

648 4076 809 4141 satis
844 4073 929 4142 ad
964 4085 1259 4142 nostram
1281 4075 1727 4142 defensionem
1753 4074 2097 4153 sufficiant,
2133 4095 2302 4157 quae
2322 4076 2452 4159 Pig
2507 4076 2607 4141 'us

646 4182 732 4226 ex
775 4160 966 4227 nobis
1000 4163 1251 4229 recitat.
1316 4161 1503 4228 Haec
1538 4161 1716 4227 enim
1749 4160 1887 4226 illic
1921 4180 2069 4226 mea
2102 4169 2261 4225 sunt
2294 4161 2605 4246 verba22)

648 4244 873 4327 Quare
914 4247 1180 4313 ruinam
1224 4255 1517 4313 nostram
1572 4252 1851 4312 naturae
1893 4245 2346 4328 depravationi
2387 4247 2604 4330 impu-

644 4331 938 4412 tandam,
982 4333 1509 4412 meminerimus,
1563 4353 1648 4397 ne
1691 4332 1761 4396 in
1804 4332 2021 4397 Deum
2064 4333 2281 4415 ipsum
2326 4340 2606 4398 naturae

645 4425 940 4484 autorem
1000 4419 1370 4504 stringatur
1412 4419 1757 4484 accusatiO.
1833 4417 2130 4483 Haerere
2165 4416 2427 4501 quidem
2464 4419 2604 4484 exi-

646 4504 803 4569 tiale
858 4502 1026 4570 illud
1070 4505 1312 4571 vulnus
1366 4505 1439 4569 in
1493 4511 1735 4569 natura
1787 4525 2020 4570 verum
2078 4510 2204 4569 est:
2264 4503 2378 4570 sed
2432 4503 2603 4570 mul-

644 4596 788 4655 tum
833 4591 1062 4670 refert,
1122 4590 1552 4656 accesseritne
1597 4588 1890 4669 aliunde,
1944 4611 2028 4655 an
2074 4589 2155 4655 ab
2200 4590 2453 4676 origine
2498 4592 2602 4656 in-

644 4674 904 4742 sederit.
966 4675 1247 4741 Constat
1266 4685 1505 4753 autem,
1534 4696 1653 4758 per
1671 4676 2357 4759 peccatum-inflictum
2380 4677 2600 4743 fuisse.

642 4760 794 4826 Non
839 4767 941 4826 est
983 4762 1190 4846 igitur
1234 4782 1351 4826 cur
1394 4781 1904 4845 conqueramur,
1961 4762 2087 4828 nisi
2133 4761 2213 4827 de
2268 4762 2456 4829 nobis
2499 4763 2603 4846 ip-

642 4847 752 4923 sis,
797 4854 917 4912 etc.
1005 4847 1099 4911 Et
1140 4847 1356 4913 adhuc
1398 4868 1516 4913 nos
1560 4846 1876 4928 Cerdoni,
1923 4846 2285 4914 Valentino
2345 4857 2413 4915 et
2452 4849 2602 4915 Ma-

642 4930 936 4998 nichaeis
979 4931 1227 4998 similes
1269 4932 1467 4999 faciet
1499 4933 1822 5019 Pighius?
1911 4933 2023 4999 Illi
2067 4934 2404 5000 hominem
2448 4934 2601 5000 sub-

782 5235 839 5302 1)
879 5238 1069 5308 Capite
1107 5239 1293 5294 ultimo
1330 5240 1419 5295 lib.
1453 5240 1494 5295 1.

778 5304 842 5373 2)
879 5306 1035 5363 Haec
1067 5324 1215 5364 nunc
1247 5309 1500 5379 lequntur
1536 5308 1720 5366 Instit.
1758 5309 1826 5365 L.
1865 5308 1955 5365 II.
1998 5309 2132 5379 Gap.
2171 5307 2221 5363 1.
2261 5308 2309 5375 §-
2335 5306 2431 5378 103
2469 5307 2599 5365 edit.

639 5380 865 5431 nomae
908 5375 1052 5431 Tom.
1092 5377 1177 5432 11.
1207 5395 1268 5449 p.
1311 5377 1426 5435 184.
1822 5438 1833 5447 ,

1967 453 2501 523 RESPONSIO
2546 451 2924 527 CONTRA
2966 452 3383 522 PIGHIUM

4549 456 4676 520 264

2716 642 2962 710 stantia
3003 650 3071 708 et
3112 643 3444 709 creatione
3499 642 3749 708 malum
3804 640 4160 727 fingebant.
4248 642 4417 722 Nos,
4475 650 4553 707 ut
4595 640 4676 709 de

2717 728 3265 795 excellentissimo
3322 729 3451 794 Dei
3516 750 3711 813 opere
3775 728 3956 811 loqui
4012 748 4134 811 par
4178 735 4309 807 est,
4379 737 4677 794 creatum

2715 817 2915 882 fuisse
2960 814 3237 882 dicimus
3280 820 3555 894 rectum,
3601 821 3879 880 naturae
3921 814 4131 879 bonae
4176 821 4242 878 et
4275 835 4511 897 purae:
4558 836 4677 881 sua

2716 910 2938 968 autem
2991 900 3188 985 culpa
3244 900 3450 967 fuisse
3502 901 3837 980 vitiatum,
3895 920 4100 983 quum
4156 907 4386 983 sponte
4441 923 4482 966 a
4530 903 4675 967 Deo

2718 987 2967 1054 defecit.
3060 984 3241 1068 Quid
3285 982 3518 1066 simile,
3565 985 3863 1065 obsecro,
3908 986 4084 1051 inter
4128 985 4569 1053 substantiam
4611 994 4676 1054 et

2715 1071 3059 1140 accidens?
3122 1073 3296 1137 inter
3337 1071 3471 1139 Dei
3526 1072 3957 1151 creationem,
4018 1078 4084 1136 et
4141 1072 4532 1138 accersitum
4591 1072 4673 1138 ab

2715 1160 2984 1225 homine
3026 1157 3304 1225 vitium?
3361 1158 3793 1244 Augustinus,
3838 1178 4044 1241 quum
4088 1157 4168 1223 de
4209 1158 4673 1225 Priscillianis-

2714 1245 2802 1311 tis
2847 1246 3014 1329 agit,
3081 1245 3154 1309 in
3193 1265 3270 1309 eo
3315 1265 3538 1310 errare
3578 1243 3765 1323 dicit,
3812 1243 3983 1327 quod
4028 1262 4164 1308 non
4207 1243 4511 1324 arbitrio,
4558 1244 4674 1312 sed

2710 1330 2858 1414 ipsa
2899 1330 3030 1396 Dei
3071 1331 3402 1396 creatione
3442 1331 3777 1396 hominem
3820 1329 4069 1395 malum
4112 1337 4435 1396 asserunt.
4511 1330 4674 1398 Illos

2715 1414 3086 1482 damnando
3142 1437 3275 1481 non
3332 1416 3528 1483 modo
3582 1436 3703 1482 nos
3757 1415 4069 1495 absolvit,
4135 1414 4251 1480 sed
4307 1415 4674 1483 doctrinam

2712 1509 3009 1568 nostram
3045 1522 3165 1567 suo
3201 1501 3514 1586 suffragio
3547 1521 3821 1587 prorsus
3843 1502 4240 1584 comprobat.
4299 1501 4447 1567 Imo
4472 1524 4673 1586 quum

2715 1588 2997 1654 similem
3035 1587 3191 1653 huic
3233 1597 3497 1654 nostrae
3511 1640 3525 1669 ,
3579 1590 3649 1653 in
3694 1608 3824 1672 qua
3864 1608 4043 1653 nunc
4084 1608 4461 1668 versamur,
4517 1608 4671 1655 cau·

2714 1694 2854 1740 sam
2899 1673 3037 1757 agit
3078 1670 3398 1740 adversus
3440 1673 3854 1759 Pelagianos,
3898 1672 4022 1739 hoc
4065 1681 4166 1739 est
4198 1694 4405 1756 quum
4446 1675 4529 1740 ab
4565 1695 4670 1741 ea-

2715 1759 2865 1826 dem
2908 1779 2979 1824 se
3022 1758 3354 1825 calumnia
3396 1766 3655 1845 purgat,
3700 1760 3794 1824 ita
3825 1780 3945 1843 pro
3982 1780 4052 1826 se
4084 1758 4395 1842 loquitur,
4442 1766 4518 1825 ut
4551 1781 4670 1826 nos

2712 1867 2801 1996 ‘1³3¹
2802 1847 3545 2014 ⁰3¹1¹2¹ss103¹1¹2⁰05⁸⁶i3333312
3585 1845 3992 1998 fflissssss‘
4031 1844 4360 1997 ἓῗίίῒὶῗ·
4385 1846 4671 2011 affl&

2712 2037 2890 2083 nune
2924 2015 3153 2082 fusius.
3243 1953 3439 2098 pQuod
3482 2024 3706 2083 tamen
3751 2014 3837 2083 ad
3878 1982 4171 2083 no'stram
4206 2018 4667 2102 quaestionem,

2715 2122 2975 2168 summa
3018 2102 3148 2167 huc
3201 2103 3499 2186 respicit,
3554 2124 3665 2170 eos
3710 2103 3823 2187 qui
3877 2103 4237 2169 sanandam
4281 2101 4510 2169 dicunt
4552 2125 4669 2170 na-

2713 2194 2966 2267 turam,
3026 2187 3312 2252 multum
3356 2209 3396 2254 a
3438 2188 3850 2256 Manichaeis
3893 2186 4187 2255 differre:
4245 2190 4401 2272 quia
4451 2190 4671 2255 sanari

2712 2295 2849 2339 non
2891 2280 3144 2356 posset,
3191 2274 3248 2338 si
3288 2282 3630 2340 aeternum
3675 2282 3743 2340 et
3786 2274 4321 2341 incommutabile
4376 2280 4524 2355 [pag.
4563 2280 4668 2355 44]

2711 2358 2961 2425 malum
3027 2364 3204 2424 esset
3258 2360 3430 2442 quod
3497 2361 3781 2426 somniat
3830 2361 4281 2427 Manichacus.
4381 2362 4670 2427 Multum

2713 2466 2855 2511 esse
2876 2444 3287 2511 Manichaeis
3329 2447 3710 2535 contrarios,
3757 2446 3872 2530 qui
3915 2447 4160 2512 malum
4201 2453 4476 2513 naturae
4519 2469 4668 2513 nos-

2711 2537 2856 2596 trae
2891 2529 3192 2597 accidens
3238 2551 3380 2597 esse
3429 2531 3683 2612 dicunt,
3729 2532 3903 2615 quod
3934 2531 4034 2597 illi
4067 2532 4368 2598 referunt
4401 2531 4487 2598 ad
4520 2534 4671 2599 sub-

2712 2617 3044 2682 stantiam.
3132 2616 3267 2681 Eos
3326 2617 3441 2700 qui
3499 2616 3847 2683 arbitrium
3900 2639 4033 2685 non
4089 2618 4221 2683 nisi
4278 2619 4362 2684 ad
4422 2619 4672 2685 malum

2713 2722 2857 2767 esse
2899 2701 3181 2767 liberum
3226 2701 3522 2783 tradunt,
3570 2711 3872 2770 exortum
3915 2711 4139 2769 tamen
4192 2705 4444 2770 interea
4478 2704 4558 2770 ab
4595 2725 4671 2770 eo

2712 2785 2883 2870 quod
2928 2808 3058 2853 non
3114 2793 3257 2853 erat
3308 2789 3562 2854 malum
3614 2790 3939 2869 fatentur,
3999 2790 4272 2856 minime
4325 2790 4410 2855 ad
4453 2791 4669 2857 Mani-

2712 2874 2949 2940 chaeos
2991 2873 3324 2954 accedere,
3381 2873 3497 2940 sed
3542 2896 3768 2945 eorum
3815 2896 4104 2941 errorem
4147 2877 4404 2941 fortiter
4446 2876 4672 2941 redar-

2712 2980 2930 3111 guere.
3005 2956 3186 3040 Quid
3228 2966 3447 3025 autem
3491 2961 3770 3027 istorum
3812 2983 3944 3026 non
3988 2982 4247 3044 semper
4290 2961 4666 3029 docuimus?

2767 3045 2790 3109 i
2835 3044 3030 3111 hodie
3070 3045 3323 3118 viveret
3357 3047 3795 3131 Augustinus,
3843 3067 4206 3132 causaeque
4248 3053 4515 3114 nostrae
4559 3047 4669 3114 de-

2710 3131 3075 3198 fensionem
3121 3151 3206 3198 ex
3249 3134 3538 3217 professo
3582 3135 3960 3217 susciperet,
4007 3155 4139 3199 non
4175 3139 4396 3218 posset
4430 3133 4668 3201 clarius

2712 3217 3109 3300 exprimere,
3171 3217 3343 3301 quod
3385 3218 3468 3284 ad
3509 3217 3924 3285 refutandam
3967 3219 4168 3286 huius
4212 3220 4668 3286 conviciatoris

2711 3303 3110 3370 calumniam
3154 3304 3454 3370 sufficiat.

2885 3387 3021 3455 Sed
3063 3389 3283 3455 videte
3327 3389 3615 3455 hominis
3657 3389 3996 3473 pudorem.
4061 3390 4313 3455 Parum
4357 3410 4503 3457 esse
4544 3412 4667 3475 pu·

2708 3481 2828 3554 tat,
2875 3476 2933 3540 si
2974 3495 3094 3540 nos
3136 3475 3402 3540 illorum
3444 3474 3795 3558 discipulos
3839 3476 4063 3542 faciat:
4110 3474 4293 3540 addit
4336 3478 4515 3542 enim
4556 3478 4667 3542 ab·

2712 3558 3016 3626 surdiora
3057 3567 3126 3624 et
3163 3561 3376 3644 magis
3419 3561 3623 3644 impia
3659 3559 3905 3627 docere.
3993 3559 4664 3647 Manichaeijinquit,

2712 3666 2795 3710 ne
2838 3645 3160 3711 malitiam
3203 3646 3348 3712 Deo
3393 3645 3869 3726 adscriberent,
3917 3646 4047 3712 duo
4090 3647 4415 3731 principia
4458 3651 4665 3714 finxe-

2710 3736 2884 3795 runt.
2973 3730 3319 3797 Lutherus
3360 3733 3477 3797 uni
3515 3733 3658 3798 Deo
3699 3733 3943 3816 optimo
3982 3734 4277 3800 maximo
4322 3734 4570 3801 scelera
4602 3743 4668 3800 et

2711 3816 2963 3901 flagitia
3004 3815 3346 3883 adscribit:
3405 3819 3559 3900 quia
3610 3819 3683 3884 in
3737 3819 3867 3885 illis
3911 3819 4117 3887 veluti
4174 3841 4394 3885 serrae
4440 3821 4662 3899 simus,

2712 3903 2902 3967 tracti
2943 3911 3137 3986 atque
3181 3904 3313 3969 acti
3368 3904 3546 3969 illius
3588 3904 3838 3988 impetu
3886 3924 4015 3988 quo
4058 3905 4359 3972 voluerit.
4447 3907 4663 3972 Mani-

2711 3987 2972 4068 chacus,
3013 3997 3162 4072 post
3203 3991 3575 4072 superiores
3616 3989 3767 4055 illos
3815 3991 4194 4070 haereticos,
4244 3991 4406 4058 duas
4440 3993 4513 4057 in
4547 3993 4662 4058 ho-

2710 4074 2889 4139 mine
2933 4082 3204 4140 naturas
3238 4075 3416 4141 facit:
3467 4075 3742 4141 alteram
3777 4076 4035 4157 bonam,
4078 4077 4321 4143 malam
4358 4078 4657 4144 alteram:

2711 4181 2990 4244 quarum
3034 4160 3150 4225 illa
3199 4181 3473 4244 peccare
3526 4183 3663 4227 non
3713 4163 3951 4246 possit,
4008 4183 4222 4246 neque
4280 4163 4442 4231 haec
4493 4166 4659 4231 bene

2710 4266 2922 4329 agere.
3013 4245 3354 4314 Lutherus
3406 4247 3686 4313 liberum
3742 4248 4031 4313 hominis
4088 4247 4432 4315 arbitrium
4446 4301 4463 4330 ,
4532 4251 4660 4315 imo

2708 4332 3089 4398 universam
3155 4331 3441 4399 hominis
3506 4341 3815 4399 naturam
3878 4335 4115 4400 asserit
4177 4336 4545 4401 necessario
4597 4345 4659 4402 et

2710 4437 2970 4500 semper
3025 4417 3223 4483 etiam
3276 4419 3348 4483 in
3402 4419 3647 4485 sanctis
3707 4420 3966 4502 spiritui
4020 4419 4149 4485 Dei
4204 4421 4542 4502 reluctari,
4597 4430 4660 4488 et

2709 4502 2890 4569 velut
2930 4502 3139 4570 feram
3171 4502 3557 4569 indomitam
3592 4526 3926 4589 nunquam
3963 4526 4094 4572 non
4128 4526 4500 4592 repugnare
4535 4508 4659 4574 Dei

2707 4589 2978 4673 gratiae.
3067 4588 3321 4674 Impios
3374 4589 3581 4654 veluti
3643 4612 3859 4656 serras
3916 4612 4057 4658 esse
4121 4592 4191 4656 in
4258 4613 4460 4658 manu
4513 4594 4656 4674 Dei,

2709 4695 2875 4758 quae
2918 4681 3200 4754 moveat,
3247 4683 3480 4755 vertat,
3527 4675 3773 4761 dirigat
3815 4699 3923 4744 eos
3965 4698 4277 4761 quorsum
4322 4679 4484 4758 vult,
4530 4700 4659 4745 non

2708 4782 2791 4826 ex
2827 4760 3130 4825 Luthero
3165 4769 3281 4840 est,
3319 4761 3436 4827 sed
3469 4781 3553 4827 ex
3589 4765 3826 4846 spiritu
3860 4770 4114 4829 sancto:
4160 4765 4214 4829 si
4253 4771 4472 4830 tamen
4510 4785 4657 4831 eum

2754 4867 2827 4911 er
2879 4845 3238 4929 prophetas
3296 4846 3643 4930 loquutum
3706 4850 3906 4915 fuisse
3959 4851 4306 4915 confitetur
4356 4850 4651 4935 Pighius.

2777 4932 2892 4996 icit
2933 4932 3112 4997 enim
3144 4931 3355 4998 Isaias
3399 4932 3479 4999 de
3514 4933 3994 5002 Sennacherib:
4038 4934 4379 5019 Numquid
4417 4937 4651 5020 gloria-

2708 5017 2886 5083 bitur
2938 5038 3124 5084 serra
3172 5016 3493 5086 adversus
3550 5041 3700 5086 eum
3759 5042 3799 5087 a
3841 5043 3967 5104 quo
4024 5020 4316 5086 trahitur
4358 5021 4514 5106 (Ies.
4557 5028 4647 5103 10,

2714 5102 2868 5186 15)?
2960 5101 3241 5188 Semper
3295 5111 3519 5171 tamen
3572 5106 4047 5192 expositionem
4101 5106 4276 5172 hanc
4318 5107 4648 5174 Lutherus

2708 5188 2991 5255 addidit:
3037 5189 3130 5256 sic
3171 5190 3301 5256 Dei
3343 5192 3786 5262 instrumenta
3827 5213 3971 5258 esse
4013 5213 4242 5259 omnes
4282 5192 4535 5276 impios,
4579 5201 4648 5259 ut

2707 5274 2961 5340 malitia
3013 5274 3096 5340 ab
3137 5276 3157 5341 i
3208 5276 3298 5342 sis
3341 5278 3454 5357 sit,
3510 5279 3581 5342 in
3624 5278 3786 5361 ipsis
3830 5278 4145 5357 resideat,
4199 5279 4362 5361 ipsis
4403 5300 4645 5365 quoque

2708 5362 2794 5426 sit
2844 5362 3140 5445 imputan
3191 5383 3247 5427 a.
3331 5362 3627 5429 Rursum
3683 5364 4062 5453 universam
4119 5364 4405 5431 hominis
4456 5373 4642 5432 natu-
